3996 6350
461 823 792 976 SANCTI
849 815 1323 970 BERNARDI

659 1155 802 1212 Arateis
838 1146 1164 1210 solemnissimis

234 1387 637 1530 OPERUM
690 1382 1044 1527 TOMUS
1108 1373 1578 1544 TERTIUS,
1663 1541 1666 1548 ,

808 1722 1009 1768 ΕΟΙΡΒΕΕΤΙΝΒ

295 1952 586 2049 seruosne
632 1955 704 2046 nn
750 1949 1008 2043 'runcone
1054 1945 1126 2039 nr
1171 1947 1243 2038 on
1291 1885 1530 2042 saneris,

752 2217 802 2284 tc
821 2217 872 2284 [tlt
896 2217 1075 2283 etvttttsls

89 2439 197 2510 (Collati
219 2447 282 2494 eunt
305 2437 339 2493 ed
361 2435 468 2494 codices
481 2435 671 2509 Dionysianos,
686 2435 890 2504 Cistereienses,
908 2431 1201 2503 Maioris-Mouasterii,
1218 2429 1563 2497 dlbomm-ldantellorum,
1577 2427 1737 2486 Caelestino·

683 2521 741 2562 rum
756 2503 924 2562 Foliensium
939 2501 1145 2574 Parisiensum.)

1546 2779 1559 2836 l

229 3006 640 3143 PRAEFATIO
720 3007 799 3138 IN
874 3001 1155 3134 TOMUM
1229 2999 1602 3133 TERTIUM.

131 3481 152 3537 l.
174 3481 241 3538 Cum
255 3481 282 3536 in
297 3487 452 3537 sauctorum
472 3481 580 3535 Petrum
595 3478 702 3551 scriptis
727 3493 758 3534 ca
781 3493 855 3551 pars,
869 3491 931 3551 quse
954 3475 1081 3533 homilias
1093 3489 1143 3534 seo
1157 3488 1300 3534 sermones
1321 3471 1523 3546 complectitur,
1536 3472 1625 3532 minos
1643 3473 1739 3533 elabo-

95 3577 154 3624 rata
168 3570 266 3641 passim
284 3580 311 3627 et
325 3577 464 3634 accurata,
481 3582 561 3640 quam
577 3567 680 3638 reliqua
696 3583 791 3623 eorum
802 3565 906 3640 ingenii
920 3569 1107 3636 monumenta,
1117 3564 1242 3623 rideatur
1257 3581 1265 3621 ε
1282 3563 1353 3618 hanc
1367 3561 1418 3618 sibi
1432 3562 1538 3620 laudem
1553 3577 1610 3636 prae
1624 3563 1740 3630 caeteris,

94 3665 140 3713 aot
155 3667 230 3714 certe
244 3659 272 3713 in
286 3658 388 3728 paucis,
402 3656 521 3712 vindicat
535 3662 647 3711 sanctos
659 3655 825 3722 Beroardus,
840 3655 913 3727 quod
928 3655 988 3726 ejus
1002 3669 1143 3710 sermones
1158 3669 1212 3711 non
1227 3652 1326 3710 minori
1340 3651 1485 3710 uerborum
1500 3651 1635 3722 acumine,
1649 3653 1736 3711 raris·

95 3756 150 3803 tate
165 3744 374 3811 sententiarum,
388 3742 637 3814 cogitationumque
652 3741 832 3810 sublimitate,
847 3757 899 3798 nec
912 3740 1014 3813 dispari
1026 3739 1173 3798 effectuum
1188 3741 1291 3814 pietate
1305 3739 1412 3812 praediti
1434 3740 1499 3809 sint,
1515 3757 1596 3813 quam
1610 3740 1669 3798 eliae
1681 3743 1742 3813 ejus

93 3829 307 3886 lucubrationes.
324 3829 388 3886 illibi
401 3842 467 3884 vero
482 3828 562 3898 hujus
584 3827 623 3883 rei
647 3843 758 3884 caumm
773 3825 914 3884 meditanti
926 3827 1052 3901 occurrit,
1069 3842 1126 3884 non
1140 3827 1223 3885 modo
1240 3827 1343 3899 ingenii
1365 3829 1427 3899 ejus
1441 3826 1562 3898 solertia,
1582 3829 1741 3902 celeresque

93 3920 166 3974 anim
191 3917 339 3984 motus,·ad
354 3932 399 3972 res
414 3915 587 3986 explicandas
601 3922 629 3970 et
642 3914 756 3972 allectus
769 3915 979 3972 commovendos
990 3913 1101 3986 faciem
1122 3915 1269 3973 sedetiam
1284 3913 1441 3972 auditorum
1457 3915 1611 3988 diversitas,
1626 3932 1741 3990 quorum

21 3991 23 3998 ’
93 4006 120 4062 in
136 4006 251 4082 gratiam
266 4019 407 4062 sermones
422 4003 555 4074 ejusmodi
569 4002 767 4060 condebantur.
778 4004 846 4059 Nam
859 4019 919 4060 com
933 4011 1042 4062 veteres
1055 4003 1093 4060 illi
1108 4005 1203 4062 Patres
1217 4001 1380 4060 sanctissimi
1394 4001 1574 4060 informandis
1588 4005 1742 4062 christiane

95 4093 234 4165 religionis
247 4093 371 4151 doctrina
385 4108 417 4149 ac
430 4091 532 4166 pietate
548 4091 656 4163 populis
670 4107 812 4149 sermones
824 4107 890 4150 suos
903 4098 1083 4165 exponerent,
1097 4107 1145 4151 cos
1159 4092 1194 4148 ed
1208 4091 1282 4164 vulgi
1295 4097 1404 4165 captum
1419 4097 1447 4148 et
1461 4089 1497 4146 ad
1511 4107 1669 4150 communes
1684 4093 1742 4150 iere

94 4183 179 4255 locos,
204 4181 358 4239 auditorum
379 4179 488 4237 utilitati
512 4180 699 4252 consulentes,
714 4181 808 4238 humuli
830 4180 900 4253 stylo
919 4181 1069 4253 prudentes
1096 4181 1308 4255 componebant.
1332 4181 1367 4236 At
1390 4181 1546 4238 bernardus
1564 4181 1600 4236 ad
1618 4183 1743 4240 homines

94 4272 122 4326 in
138 4271 221 4328 rebus
233 4262 428 4342 spiritualibus,
442 4277 525 4343 atquc
539 4269 568 4326 in
583 4268 697 4328 scientia
711 4270 912 4343 scripturarum
926 4269 1084 4340 institueres,
1100 4270 1245 4344 plerosque
1268 4269 1304 4325 in*
1317 4269 1417 4326 saeculo
1432 4269 1569 4344 quondam
1588 4271 1741 4329 eruditione

94 4369 123 4417 et
136 4359 267 4434 dignitate
281 4366 455 4432 prestantes,
472 4372 614 4416 sermones
631 4359 750 4416 habebat
762 4374 836 4427 suos,
852 4374 967 4431 quorum
979 4358 1110 4416 doctrinae
1129 4365 1158 4418 et
1180 4355 1343 4432 perfectioni
1358 4359 1588 4416 accommodanda
1601 4368 1662 4418 erat
1674 4375 1740 4417 ora-

94 4449 131 4504 tio
147 4449 197 4520 (l).
214 4447 291 4504 Unde
307 4447 403 4506 accidit
425 4457 455 4504 ut
478 4461 535 4504 non
561 4448 644 4505 modo
660 4447 752 4504 eximii
764 4463 907 4506 sermones
920 4447 959 4504 illi
972 4448 1001 4504 in
1014 4447 1125 4505 Cantica
1146 4447 1193 4522 qui
1215 4445 1313 4521 majori
1335 4447 1425 4504 studio
1438 4447 1585 4522 conscripti
1599 4455 1669 4519 sont,
1690 4451 1739 4508 sed

94 4538 176 4594 etiam
191 4535 245 4609 alii,
261 4536 318 4594 sive
331 4536 367 4593 de
382 4536 479 4592 annuis
495 4535 573 4594 iestis
587 4553 619 4594 ac
633 4537 741 4606 diebus,
758 4552 809 4594 seu
823 4538 857 4594 de
872 4536 985 4597 dirersis
999 4537 1178 4612 argumentis,
1189 4552 1260 4610 quos
1281 4537 1334 4595 hoc
1353 4535 1382 4594 in
1405 4545 1479 4594 torno
1494 4537 1664 4604 exhibemus,
1679 4538 1740 4596 rul-

93 4627 204 4698 garibus
218 4625 326 4684 Patrem
341 4625 459 4682 homiliis
472 4641 504 4683 ac
521 4626 694 4683 sermonibus
708 4626 800 4684 arins
814 4643 875 4684 cum
889 4626 952 4700 piis,
967 4633 1023 4684 tum
1038 4626 1126 4686 doctis
1141 4625 1266 4699 preferri
1280 4627 1396 4685 soleant.

130 4716 165 4773 ll.
181 4715 276 4788 Neque
286 4714 359 4772 enim
373 4715 479 4787 privata
493 4723 540 4772 aut
557 4714 701 4790 singularis
715 4714 845 4773 meahaec
858 4716 892 4774 dc
906 4715 1037 4773 Bemardi
1051 4715 1223 4774 sermonibus
1237 4716 1340 4791 opinio,
1356 4717 1405 4774 sed
1420 4715 1564 4774 illustrium
1577 4715 1607 4772 in
1620 4732 1650 4774 re
1664 4715 1739 4775 litte-

95 4803 166 4859 raria
190 4801 319 4869 virorum,
337 4803 384 4875 qui
409 4819 489 4862 suom
505 4805 556 4862 hac
571 4807 606 4863 de
620 4821 651 4862 re
665 4803 809 4876 judicium,
823 4819 873 4864 seu
884 4803 980 4874 verbo,
994 4820 1044 4863 seu
1058 4803 1159 4878 scripto
1172 4803 1346 4877 protulerunt
1361 4825 1368 4862 ι
1384 4820 1418 4862 ex
1436 4805 1535 4880 quibus
1553 4805 1622 4864 duos
1636 4811 1740 4863 tantmn

95 4892 206 4950 honoris
234 4906 316 4949 causa
345 4893 461 4966 appello,
483 4909 600 4966 quorum
618 4895 765 4952 auctoritas
793 4895 865 4952 haud
892 4895 990 4964 minor,
1010 4909 1091 4968 quam
1110 4893 1234 4952 doctrina
1262 4900 1291 4950 et
1318 4893 1435 4953 eruditio
1453 4903 1507 4955 ost.
1527 4896 1633 4953 Primus
1649 4897 1741 4953 Justm

92 4982 201 5055 Lipsius
214 4982 244 5040 in
258 4979 374 5054 epistola
388 4985 435 5050 te,
449 4983 484 5038 ad
498 4985 649 5041 Aobcrtum
664 4983 796 5049 mireum,
812 4983 858 5040 ubi
882 4982 918 5040 de
940 4969 1120 5041 concionibus
1133 4983 1217 5041 sacris
1231 4997 1317 5056 egeus
1332 5003 1338 5038 :
1356 5003 1370 5036 a
1386 4983 1461 5042 inter
1473 4983 1594 5057 Latinos,
1610 5003 1624 5040 s
1640 4985 1738 5058 inquit.

95 5071 276 5140 «Bernartius
290 5085 335 5128 me
348 5072 430 5145 rapit,
442 5079 471 5127 et
486 5089 567 5130 osum
581 5074 664 5131 habet
679 5073 824 5145 excitandi,
836 5071 871 5130 ob
881 5072 1055 5130 acrimoniam
1069 5071 1170 5147 ubique
1186 5082 1211 5130 et
1226 5071 1358 5145 calorem;
1370 5075 1519 5133 tumetium
1531 5075 1739 5148 docendiatque

92 5160 278 5235 imprimendi,
303 5160 339 5218 ob
363 5162 559 5218 sententiarum
575 5179 701 5231 acumen,
718 5178 786 5237 quas
800 5161 899 5221 crebro
920 5169 948 5220 et
971 5163 1115 5220 salubriter
1129 5163 1235 5221 miscet.
1252 5182 1266 5216 s
1286 5165 1326 5220 lta
1343 5164 1384 5220 uir
1397 5163 1578 5234 doctissimus,
1597 5180 1658 5224 eum
1677 5164 1738 5223 eai-

92 5252 177 5308 mium
192 5265 226 5307 ex
240 5250 366 5308 Patribus
379 5251 529 5322 exemplar,
556 5253 631 5324 qood
655 5251 826 5311 eliormaudo
840 5267 918 5310 sacro
931 5253 1032 5310 oratori
1052 5259 1231 5324 proponeret,
1255 5251 1350 5309 sedulo
1373 5255 1559 5327 perquisisset,
1579 5269 1635 5311 non
1666 5253 1738 5311 aliud

91 5341 180 5416 magis
195 5339 400 5398 accommodum
413 5338 552 5398 invenIsse
566 5339 618 5398 sibi
632 5341 706 5400 visus
720 5348 772 5416 est,
787 5355 869 5416 qnam
881 5341 1060 5409 Bernardom,
1079 5357 1161 5414 quem
1176 5340 1282 5398 caeteris
1296 5341 1395 5398 Latinis
1408 5343 1629 5415 anteponendum
1643 5343 1737 5400 existi-

90 5431 186 5488 mavit.
202 5429 283 5499 Atqui
302 5429 400 5486 mirum
422 5428 467 5499 sit,
490 5429 514 5484 si
539 5429 630 5501 palma
644 5430 701 5488 bac
715 5431 855 5489 Bemardo
879 5430 972 5488 itidem
993 5447 1051 5504 prae
1073 5427 1175 5486 Graecis
1193 5429 1328 5500 Patribus,
1347 5430 1440 5504 quiin
1458 5444 1492 5490 eo
1511 5432 1618 5489 dicendi
1635 5447 1738 5509 genere

90 5519 291 5589 excelluerunt,
308 5519 440 5576 tribuatur
456 5535 463 5579 :
482 5519 560 5592 cuius
577 5535 643 5576 sane
657 5521 799 5579 sententiae
822 5527 960 5580 auctorem
983 5536 1027 5576 me
1050 5517 1173 5590 profiteri
1186 5535 1240 5576 non
1255 5536 1335 5578 ausus
1348 5535 1449 5591 essem,
1464 5520 1516 5577 nisi
1529 5537 1590 5578 eam
1603 5521 1730 5596 suiirugic

127 5699 167 5771 (i)
181 5695 249 5752 viee
262 5691 308 5751 lib.
324 5705 355 5750 111
370 5693 447 5765 Vite,
461 5711 522 5769 cap.
537 5698 564 5766 ³,
580 5712 609 5751 n.
626 5699 651 5752 l;

235 5821 356 5876 ΡΑτιοι.
376 5817 546 5877 chxxttt.
1407 5855 1410 5861 ·
1577 5825 1594 5886 i
