4116 6348
252 356 306 418 747
742 343 770 400 S.
792 341 960 404 ccultant
979 340 1117 402 nubatis
1141 339 1460 402 uttan-vaninasts
1843 338 1900 400 tto

254 483 292 558 3).
309 483 362 541 Sed
375 481 403 536 in
426 475 503 534 initio
526 469 637 546 tlcgelli,
661 469 727 525 dum
753 465 866 526 1288
889 469 977 525 adhuc
995 465 1046 522 sub
1064 489 1087 570 Ι
1102 473 1176 538 ptum
1189 472 1232 522 est
1247 462 1772 538 :Septmrntrotpennanetrmttcu
1780 461 1899 522 ettam

252 573 314 647 lege
335 585 430 628 servus
452 564 501 622 Dei
524 571 576 632 est,
599 569 626 618 et
648 557 735 616 nescit
753 559 890 632 quomodo
914 557 986 612 tilius
999 554 1048 614 llei
1101 559 1236 613 motatur
1250 555 1350 626 (dccli.
1370 569 1464 622 xxvn,
1485 554 1541 624 lt).

252 660 312 724 erit,
330 665 494 721 murmurat3
511 668 541 710 se
564 657 652 707 autem
676 647 857 714 innocentem,
874 645 959 702 Deum
984 658 1048 702 vero
1137 649 1164 700 3.
1181 643 1234 702 Sed
1249 643 1313 716 quta
1325 643 1438 716 sapiens
1452 642 1523 700 filius
1532 641 1623 716 glorio
1632 641 1776 714 empseris,
1786 655 1899 700 nomae

252 744 388 804 crudelem
404 740 568 818 pronuntiat.
584 736 652 796 Huic
665 743 755 794 autem
778 732 901 790 Christus
920 732 971 790 Dei
988 733 1047 789 vir·
1101 741 1187 792 estut
1201 749 1256 791 non
1275 734 1365 792 solum
1378 731 1562 791 sanctificetur
1575 733 1612 790 cb
1624 737 1753 790 comata
1765 729 1899 804 apiculis

252 843 296 891 tus
309 840 432 908 apparet,
447 831 496 888 sed
511 829 630 885 nondum
653 806 795 898 sapiendo,
811 823 874 894 quia
892 837 940 894 per
954 819 1048 894 liugai·
1101 837 1152 894 per
1171 823 1343 880 continentiae
1357 821 1542 889 stabilitatem,
1565 821 1614 878 sed
1633 820 1714 878 etiam
1733 818 1899 893 glorificetur

252 923 308 982 lum
322 919 468 995 potentiam
483 917 587 978 virtutis
601 916 690 986 sentit,
705 913 752 970 sed
775 911 896 968 nondum
910 908 1049 982 sapientie
1101 926 1151 984 per
1165 910 1230 968 boni
1251 910 1342 982 operis
1360 911 1605 980 fructificationem,
1624 909 1696 968 sicam
1713 909 1740 966 in
1755 907 1900 982 limito

254 1011 411 1070 suavitatem
435 1025 483 1082 per
505 1005 670 1063 intellectum
693 1001 773 1073 capit.
798 999 874 1056 llunc
899 1000 978 1056 talem
1002 1015 1048 1054 sa-
1102 999 1677 1060 Voritasdicitzluocnttcaocetrccornm
1687 997 1900 1068 homicidum

254 1099 354 1172 pientia
376 1095 485 1170 attingit
507 1095 610 1151 lortiter
635 1107 683 1164 per
711 1089 857 1163 flagellum,
882 1095 909 1144 et
930 1085 1051 1161 disponit
1103 1087 1900 1162 vidcnctoperoocatrobonc,etplortfieentltnmcrm-

255 1189 374 1246 suaviter
395 1203 445 1260 per
468 1184 635 1240 intellectum
659 1180 734 1254 (Sap.
759 1193 817 1245 vlu,
843 1177 880 1248 l),
898 1176 961 1232 dum
980 1175 1049 1232 illud
1104 1175 1902 1252 tromqniincoeliscct(llottb.v,idpllndePsalmiatasa.

256 1277 379 1352 Apostoli
394 1275 419 1333 ei
433 1274 555 1346 inspirat,
573 1271 675 1327 scilieet
688 1266 806 1343 gaudere
818 1266 846 1321 in
868 1263 1049 1320 tribulationi·
1103 1264 1475 1338 piontiaedliumdescribens,
1485 1265 1692 1324 nimbosumve
1704 1267 1783 1328 bomo
1793 1265 1916 1341 peimi-¹

255 1370 323 1435 bus;
338 1365 406 1421 scire
419 1361 546 1434 quoniam
563 1357 711 1416 tribulatio
720 1356 892 1430 potientium
906 1358 1048 1428 operator,
1103 1358 1214 1413 seretur
1221 1360 1249 1412 ct
1258 1355 1416 1414 commodat
1426 1355 1514 1428 (Paul.
1533 1371 1590 1423 cnr,
1605 1353 1902 1428 omninipotentem

254 1455 400 1530 patientia
412 1449 617 1527 probationem,
640 1445 766 1518 probatio
790 1460 855 1501 cero
877 1458 968 1516 specu·
990 1456 1050 1516 sper
1104 1443 1227 1516 perlecta
1254 1445 1375 1503 delinitio
1399 1445 1541 1516 sapientie.
1569 1445 1712 1504 iucundus
1735 1444 1807 1503 enirn
1832 1443 1901 1500 inter

257 1549 354 1602 cotem
367 1558 425 1599 con
439 1537 589 1610 confundit
600 1535 690 1607 (Rom.
706 1549 734 1600 v,
745 1532 819 1604 ab).
835 1533 937 1603 Etiam
952 1545 1050 1587 senon
1104 1531 1211 1606 flagello
1224 1533 1376 1592 confitendo
1397 1533 1534 1601 delictum,
1557 1534 1657 1608 gaudet
1677 1532 1741 1589 illud
1767 1547 1814 1605 per
1831 1543 1902 1604 prae·

256 1633 335 1706 quasi
350 1645 459 1686 serrum
474 1626 571 1697 puniri,
587 1624 635 1680 sed
649 1621 725 1696 quasi
747 1620 831 1677 filium
859 1637 905 1691 per
918 1617 1052 1692 flagellum
1106 1629 1208 1678 sentem
1224 1623 1422 1682 tribulationem
1440 1623 1534 1680 deleri.
1565 1622 1707 1678 lliseretur
1727 1620 1823 1678 animae
1841 1631 1901 1674 suae

256 1719 357 1775 erudiri
373 1717 521 1790 cognoscit,
537 1722 568 1770 nt
581 1711 766 1769 haereditatem
781 1709 889 1782 capiat:
906 1723 937 1764 se
952 1723 1052 1776 pacca-
1107 1711 1215 1783 placens
1237 1713 1294 1769 lleo
1322 1729 1370 1786 per
1393 1711 1568 1770 continentie
1581 1712 1723 1780 decorent
1746 1707 1903 1766 commodat

255 1815 341 1863 torem
362 1805 450 1862 D'ettm
473 1817 539 1860 uero
557 1803 664 1872 justum
680 1800 869 1874 pronuntians,
881 1795 1011 1867 justificat
1026 1795 1051 1850 in
1108 1800 1230 1872 proximo
1245 1800 1360 1858 [merum
1375 1801 1453 1860 Μ
1466 1800 1640 1872 omioni„
1656 1801 1691 1858 132
1700 1799 1745 1858 hio
1753 1807 1795 1856 e„
1800 1795 1900 1872 Ῑωιω,

256 1909 287 1952 ’θ
302 1903 416 1950 matrem
428 1892 598 1965 ffllitssiiaffl·
1069 1875 1091 1952 B
1109 1890 1223 1948 reddens
1237 1889 1333 1964 cuique
1347 1891 1421 1963 quod
1442 1907 1523 1948 snum
1542 1879 1583 1948 es't
1598 1907 1605 1947 :
1621 1890 1677 1948 Deo
1693 1887 1902 1952 contessionem,

291 1987 319 2040 2.
331 1982 386 2039 Sed
396 1982 460 2056 quid
471 1981 582 2055 prodest
597 1985 704 2051 peccata
718 1977 788 2033 inter
802 1974 909 2048 flagella
922 1971 1054 2040 confiteri,
1110 1976 1162 2034 sihi
1177 1978 1401 2049 misericordiam,
1418 1981 1541 2054 proximo
1569 1979 1736 2038 chariam„
1751 1976 1796 2034 550
1811 1981 1902 2032 „pem

256 2073 350 2130 sinon
364 2072 400 2126 ab
414 2070 517 2127 eisdem
532 2085 581 2143 per
595 2065 766 2126 continentie
781 2065 950 2120 sanctitatem
973 2063 1055 2120 chati-
1109 2066 1273 2137 justificatur
1295 2067 1428 2140 sapientia
1441 2085 1457 2124 a
1471 2068 1533 2126 filiis
1551 2068 1609 2126 suis
1630 2084 1680 2140 per
1702 2063 1904 2124 contessionem

256 2159 418 2219 neasisicut
434 2159 564 2230 scriptum
579 2163 639 2214 est:
652 2155 754 2214 Sancti
766 2156 862 2220 estote,
878 2155 952 2210 sicot
966 2156 994 2210 et
1008 2166 1055 2225 epo
1110 2163 1297 2228 peccatorum;
1323 2151 1506 2214 sanctificatur
1528 2171 1575 2228 per
1595 2155 1767 2212 continentie
1779 2153 1903 2218 bunnar,

257 2253 378 2309 conatus
401 2265 464 2306 sum
486 2247 585 2318 (levit.
610 2261 664 2314 ιιι,
681 2243 709 2316 2)
726 2261 732 2300 :
749 2250 779 2298 nt
792 2241 880 2314 qualis
895 2249 979 2312 pater,
995 2239 1055 2296 talis
1108 2243 1274 2319 glorificatur
1293 2246 1420 2318 portioni
1435 2243 1780 2320 operislmctidcationem.
1796 2239 1903 2298 Primus

258 2340 293 2397 sit
307 2339 380 2396 iilius
397 2356 403 2396 ι
419 2344 447 2395 ct
466 2335 495 2392 in
519 2332 698 2392 sanctimonia
718 2329 834 2386 filiorum
857 2343 954 2386 nomen
969 2330 1054 2385 Patris
1108 2331 1248 2391 conflictus
1263 2333 1371 2392 timoris
1384 2335 1435 2392 Dei
1451 2342 1493 2392 est
1514 2343 1606 2392 contra
1628 2331 1831 2406 negligentiam.
1854 2328 1904 2386 Ti·

258 2424 448 2486 sanctificetur.
465 2423 543 2495 Quod
558 2433 585 2480 et
599 2421 719 2494 qnotidie
738 2420 765 2474 in
789 2419 913 2475 oratione
927 2419 1052 2490 petimus,
1108 2437 1167 2480 mor
1186 2422 1257 2479 enim
1268 2424 1301 2479 ad
1320 2425 1470 2482 custodiam
1487 2423 1529 2481 sui
1544 2424 1650 2482 excitat.
1670 2421 1750 2491 Quod
1763 2421 1787 2478 si
1799 2433 1905 2493 praera-

257 2523 288 2575 ιιι
303 2516 373 2572 sicut
386 2514 420 2570 dc
433 2513 596 2586 quibusdam
610 2509 702 2582 pravis
716 2518 744 2565 et
757 2507 986 2563 incontinentibus
1000 2508 1053 2563 Pa·
1108 2508 1188 2567 luerit
1212 2511 1391 2584 negligentia,
1406 2520 1521 2585 generat
1533 2512 1724 2570 curiositatem,
1737 2508 1810 2566 Dum
1832 2507 1905 2564 enin

257 2617 299 2664 ter
313 2602 605 2675 conqueriturdicens:
625 2597 755 2670 Quotidie
769 2613 873 2654 nomen
886 2613 980 2654 metim
995 2595 1053 2652 blo·
1108 2615 1157 2670 per
1175 2598 1367 2673 negligentiam
1382 2611 1454 2656 terra
1470 2601 1560 2657 cordis
1577 2600 1688 2670 inculta,
1708 2598 1801 2671 spinas
1813 2603 1840 2653 et
1853 2594 1902 2652 tri·

172 2729 178 2740 ,
256 2696 422 2769 spbemotnr
434 2708 487 2764 per
501 2706 548 2747 oca
563 2691 640 2746 inter
653 2687 823 2760 pernicioso.
832 2701 880 2752 nrt,
890 2689 921 2754 b,
933 2687 1011 2744 acm.
1021 2701 1053 2751 u,
1107 2688 1188 2744 bulos
1198 2687 1352 2761 germinat,
1369 2704 1429 2760 quae
1443 2689 1471 2745 in
1485 2705 1516 2746 se
1526 2689 1585 2763 ipsa
1591 2705 1645 2746 non
1654 2687 1758 2746 invenit
1767 2685 1900 2759 requiem

257 2785 315 2856 ιι),
330 2783 368 2838 ita
382 2793 408 2836 ct
424 2795 472 2850 per
492 2785 599 2834 sanctos
622 2773 815 2831 sanctificetur.
832 2773 886 2828 Sed
909 2789 944 2828 ne
964 2789 1053 2829 meum
1106 2775 1181 2834 foras
1204 2777 1310 2850 cogitur
1332 2777 1450 2850 evagari.
1468 2778 1515 2836 Sic
1532 2777 1676 2836 curiosum
1694 2792 1710 2832 a
1727 2775 1815 2834 corde·
1835 2774 1901 2843 exit,

256 2881 337 2946 putes
351 2870 502 2938 inventum,
517 2865 592 2938 quod
606 2863 733 2920 sanctitas
752 2859 916 2918 continentia
929 2861 974 2930 sit,
989 2859 1052 2918 audi
1106 2873 1296 2938 contraquam
1311 2865 1421 2922 dimicat
1436 2867 1535 2936 pietas.
1552 2865 1641 2922 Pietas
1659 2863 1729 2922 enim
1745 2864 1796 2920 ilci
1815 2862 1905 2920 cultus

256 2959 417 3031 Apostolum
432 2954 565 3010 dicentem
583 2950 617 3005 ad
642 2947 918 3004 Thessalonicenses:
935 2949 1053 3004 licceat
1107 2961 1168 3024 est;
1188 2965 1214 3010 et
1238 2955 1266 3009 in
1280 2954 1363 3010 corde
1381 2954 1490 3026 colitur,
1512 2953 1560 3026 qni
1578 2953 1606 3010 in
1622 2953 1704 3014 corde
1728 2949 1905 3026 mnnmcitnr

256 3052 334 3107 enirn
344 3047 478 3106 volentos
492 3043 552 3108 bei,
567 3039 758 3108 sanctificatio
771 3041 876 3094 vestro.
888 3037 922 3091 Et
937 3053 969 3092 ne
983 3035 1054 3095 aliud
1071 3044 1092 3123 e
1108 3043 1241 3100 irabitare.
1255 3042 1414 3114 Curiosius,
1429 3043 1453 3100 si
1472 3058 1525 3100 non
1546 3042 1672 3110 vincittm,
1691 3047 1803 3118 generat
1818 3053 1904 3112 expc-

255 3144 336 3208 putes
365 3130 621 3198 sanctificationem,
650 3143 731 3198 qnam
758 3125 960 3192 continentiam,
991 3127 1055 3182 cudi
1109 3131 1234 3186 rientiam
1267 3131 1339 3201 mali,
1367 3134 1440 3204 quia,
1468 3133 1532 3189 dum
1560 3131 1666 3188 animus
1695 3139 1824 3204 sufflatur
1855 3142 1906 3200 pat·

256 3225 331 3300 quod
341 3225 479 3298 sequitur:
495 3223 527 3280 ttt
540 3215 1055 3287 obstineottsosornicottone,attaciat
1108 3220 1207 3290 multa,
1221 3219 1300 3276 tacile
1310 3219 1413 3280 invenit
1431 3221 1476 3278 ubi
1494 3221 1602 3278 noxiam
1617 3219 1772 3292 experiatur
1788 3217 1907 3276 delecti·

257 3303 877 3386 unusquisqncoestromsnumvnspossidere
888 3303 1056 3373 inconctifi·
1110 3309 1223 3366 tionem.
1240 3309 1315 3366 lianc
1328 3308 1473 3385 impugnat
1484 3309 1607 3378 scientia,
1626 3306 1804 3380 docensqnid
1817 3311 1906 3363 tatum

258 3407 399 3462 cottonem
410 3402 436 3470 (l
449 3398 539 3453 Tbess.
551 3411 588 3466 tv,
597 3397 624 3460 3,
636 3395 676 3466 ι).
688 3393 766 3448 Unde
777 3398 802 3447 ct
814 3401 922 3448 sanctos
936 3391 1057 3449 eosdici·
1112 3399 1147 3454 sit
1162 3398 1290 3470 experiri,
1307 3400 1372 3472 quid
1382 3415 1448 3458 non.
1463 3399 1491 3456 Si
1500 3385 1566 3456 uero
1580 3399 1750 3473 prevaluerit
1759 3395 1906 3469 experien-

257 3507 328 3560 tnus,
344 3504 413 3561 quos
430 3487 523 3542 firmos
537 3486 565 3540 in
578 3481 719 3557 proposito
732 3480 911 3548 continentiae,
928 3481 961 3535 ab
976 3483 1056 3552 huJ'us
1112 3487 1156 3554 tia,
1177 3495 1289 3561 generat
1312 3487 1566 3560 concupiscentiam,
1589 3497 1618 3544 ut
1639 3492 1757 3544 transeat
1780 3483 1808 3540 'm
1830 3481 1905 3538 1510.

258 3577 352 3638 sacnti
367 3591 422 3631 non
434 3575 521 3631 solum
536 3572 636 3629 illicitis
652 3569 812 3642 actionibus,
831 3569 879 3625 sed
902 3570 982 3626 etiarn
1005 3571 1052 3626 im·
1110 3584 1182 3632 ctum
1197 3575 1300 3635 cordis.

257 3665 363 3740 pudicis
386 3662 568 3722 locutionibus
593 3660 726 3717 abstinere
745 3657 880 3715 uidemus.
895 3657 971 3718 Unde
984 3660 1053 3718 ocri·

259 3881 1904 3922 W

608 4095 666 4211 S.
720 4091 1069 4212 BERNARDI
1119 4096 1556 4218 SENTENTIAE.

302 4539 328 4593 t.
344 4537 408 4592 Tres
418 4536 486 4590 sont
500 4532 550 4604 qui
566 4525 761 4585 testimonium
776 4525 848 4582 dont
861 4527 893 4583 in
906 4525 993 4583 cento:
1007 4528 1062 4584 Pc·
1078 4565 1101 4643 Β
1156 4532 1182 4584 3.
1199 4529 1238 4585 De
1262 4529 1364 4602 Spiritu
1377 4539 1469 4590 sancto
1484 4537 1595 4590 testatur
1613 4505 1751 4605 Scriptum
1765 4530 1829 4606 quic
1843 4545 1913 4604 pro-

267 4630 319 4690 ter,
336 4628 365 4681 et
377 4623 479 4690 Filius,
496 4621 524 4676 et
545 4619 668 4690 Spiritus
691 4619 818 4673 sanctos.
840 4615 900 4672 Tres
917 4615 949 4669 in
965 4617 1061 4671 terro:
1117 4618 1198 4686 cedit,
1219 4619 1315 4690 spirat,
1331 4620 1472 4690 inhabitat,
1490 4621 1588 4695 replet,
1604 4621 1747 4698 glorificat.
1764 4621 1912 4678 Pmeetem

265 4715 394 4788 spiritus,
412 4726 485 4784 aquo
498 4709 651 4778 etsocpuis
666 4705 692 4774 (l
702 4707 783 4762 loon.
799 4720 827 4766 v.
843 4705 869 4765 7.
884 4705 921 4770 8).
936 4700 1064 4759 Similiter
1116 4707 1214 4764 dicitur
1229 4708 1337 4767 duobus
1351 4710 1441 4767 modis
1458 4729 1465 4766 ι
1480 4710 1589 4768 undeet
1602 4709 1679 4784 quoi
1694 4707 1792 4768 Unda?
1804 4711 1914 4782 Apatrc

266 4803 296 4858 in
309 4799 424 4865 interno,
440 4808 469 4853 ut
485 4799 509 4852 in
526 4793 594 4850 isaia
613 4793 729 4867 legimus
745 4810 751 4850 :
774 4793 877 4850 Vermt's
892 4807 990 4848 eorum
1005 4807 1065 4848 noc
1118 4803 1145 4852 et
1158 4796 1237 4854 Filio.
1253 4795 1333 4867 Quoi
1345 4799 1387 4854 Ad
1403 4806 1567 4856 creaturam.
1587 4797 1760 4856 Procedendo
1775 4795 1915 4868 prodest-

266 4885 536 4957 mortctur,etipnie
547 4879 1064 4952 eommnonesetinpcctnr(lso.nxrr,
1118 4893 1181 4957 nat,
1197 4885 1327 4958 spirando
1341 4897 1419 4945 vocat
1431 4903 1502 4962 quos
1510 4887 1724 4962 praedestinavit;
1739 4885 1915 4944 inhabitando

269 4977 327 5049 Sl).
347 4970 459 5031 1989
472 4973 532 5030 1)ιο
547 4970 617 5027 mala
634 4977 707 5039 sunt,
723 4967 823 5024 vermis
837 4977 864 5024 et
879 4966 965 5041 ignis3
981 4967 1064 5026 altero
1117 4971 1249 5044 justificat
1266 4991 1335 5049 quos
1357 4978 1479 5052 ιιοιιιις
1503 4977 1633 5050 replendo
1647 4975 1799 5037 accumulat
1811 4973 1917 5034 meritis

268 5064 375 5124 roditur
402 5060 574 5132 conscientia,
598 5059 683 5116 altero
710 5062 916 5113 concremantur
939 5071 1064 5128 corpora.
1119 5077 1191 5135 qnos
1212 5063 1388 5136 justifluum
1412 5065 1588 5140 glorificando
1615 5065 1682 5125 ditet
1706 5063 1826 5141 praemiis
1848 5079 1918 5140 quoa

266 5154 388 5213 Tertium
402 5149 507 5208 additur
521 5147 685 5220 desperatio,
700 5161 762 5218 qnae
775 5144 804 5202 in
817 5159 851 5203 co
864 5143 957 5217 utiquc
980 5144 1063 5202 intel-
1123 5153 1303 5212 accumulavit
1322 5155 1436 5214 meritis,

266 5244 360 5320 ligitur
373 5242 447 5316 qnod
463 5240 572 5309 dicitur,
587 5252 645 5293 ccc
658 5235 807 5304 morietur,
823 5243 852 5292 et
873 5249 933 5293 coc
951 5236 1065 5292 enstin-
1155 5243 1183 5296 3.
1207 5241 1325 5314 Spiritus
1347 5251 1456 5301 sanctus
1475 5244 1566 5320 arguit
1588 5245 1720 5304 mnndum
1741 5245 1778 5304 dc
1804 5251 1917 5320 peccato

270 5339 386 5410 pnctcr.
411 5330 459 5387 llis
477 5329 523 5402 qui
546 5327 575 5382 in
595 5325 664 5382 coelo
688 5335 761 5391 sunt.
784 5324 865 5381 datur
877 5323 1063 5382 testimonium
1124 5326 1376 5399 qaroddissimulat3
1390 5328 1425 5386 de
1437 5329 1543 5402 justitia
1555 5345 1637 5404 quarn
1650 5345 1707 5390 non
1720 5329 1839 5404 ordinat,
1852 5329 1917 5386 dnm

270 5417 519 5487 beadtudinis3l1is
532 5413 581 5487 qui
594 5413 622 5470 in
636 5421 719 5480 terra,
733 5411 945 5484 justificationis3
960 5413 1004 5469 his
1017 5413 1063 5484 qni
1122 5415 1177 5472 sibi
1203 5431 1257 5474 non
1277 5417 1335 5475 Deo
1360 5435 1419 5476 eam
1441 5421 1499 5494 dat3
1520 5419 1555 5478 de
1582 5420 1685 5493 jndicio
1705 5421 1777 5494 qnod
1796 5425 1919 5494 usurpa,

266 5499 296 5569 itt
319 5513 427 5570 interno
451 5502 731 5571 conclamationis.
747 5501 863 5558 Primum
884 5501 1064 5559 testimonium
1120 5506 1186 5564 dum
1199 5514 1254 5564 tum
1268 5508 1302 5566 de
1320 5523 1350 5566 se
1363 5523 1443 5582 quant
1459 5508 1492 5566 de
1506 5508 1565 5567 aliis
1578 5516 1681 5568 munero
1695 5510 1808 5582 jndicct.

267 5605 309 5658 eat
325 5601 430 5676 gloriae,
446 5589 597 5654 secundnm
610 5589 712 5668 prutina
728 5589 838 5648 tertium
852 5591 910 5648 irae.
1153 5595 1181 5655 t.
1205 5597 1299 5671 Usque
1323 5597 1403 5656 bodie
1429 5597 1457 5654 in
1485 5597 1589 5660 civibus
1616 5599 1762 5674 Babylonis
1789 5613 1921 5674 aquam
