4118 6346
108 373 167 426 eoo
617 369 656 426 ru
680 367 895 426 nscousroruc
919 370 1045 430 oounu
1071 374 1188 431 saeuo
1211 377 1257 448 tr.
1709 379 1762 432 att

62 501 65 537 t
109 492 225 561 spiritus
248 491 343 563 bouus,
368 493 479 564 spiritus
498 497 620 561 sanctus,
658 492 769 562 spiritus
808 499 907 563 rectus,
924 509 950 588 Α
968 497 1073 553 retDei
1091 499 1225 569 sapientia
1240 499 1433 556 asatorum
1453 501 1568 572 proinde
1591 515 1761 573 quaecunque

62 589 65 624 l
110 580 226 648 spiritus
240 580 335 648 duleis,
350 581 461 652 spiritus
475 581 633 654 principalis
656 580 788 652 quidquid
812 580 839 636 in
860 581 911 637 lroe
969 584 1074 641 loeutus
1097 594 1148 647 est,
1168 602 1337 657 quaecunque
1356 595 1485 656 operatus
1513 598 1564 658 est,
1591 603 1761 662 quaeeunque

110 667 213 723 saeculo
238 683 354 739 nequam
369 668 484 734 videtur,
510 668 658 725 dillleileet
671 676 830 738 augustum,
853 667 911 724 leve
968 688 1062 742 passus
1082 679 1131 740 est,
1151 689 1186 728 ne
1213 674 1321 730 dubites
1345 672 1429 730 fuisse
1443 674 1603 740 voluntaria,
1619 679 1700 746 plena
1715 693 1761 732 sa·

112 756 180 812 lacit
195 764 224 811 et
237 756 333 812 latum:
350 758 524 829 opprobrium
539 757 672 830 gaudium
687 756 802 826 judicat,
815 755 915 827 despe·
968 769 1177 826 erameniorum,
1198 763 1278 832 plena
1305 761 1410 817 salutis.
1435 764 1498 820 llaec
1513 765 1641 829 scientos,
1659 764 1761 839 siquid

62 843 64 894 ζ
110 845 234 904 ctionem
267 843 460 902 exaltationem
485 861 544 900 esse
561 845 717 915 persuadet.
745 847 915 902 scrutemur
969 849 1474 922 aliquandoeorum‚quaederristo
1499 853 1612 917 sunt‚in
1643 861 1761 910 nostram

62 951 63 984 t
111 933 527 1004 orgo,Jurtaproplretan,vias
538 937 685 992 nostrasct
700 935 915 1000 studiauostr·a,·
971 937 1216 994 scientiamvenire
1232 939 1378 1008 contingat,
1396 953 1450 994 non
1470 938 1509 992 sic
1531 938 1695 993 audiendum
1724 949 1765 996 est

62 1041 64 1078 t
113 1023 515 1080 icaemascordaaastracam
525 1021 780 1092 manibusllbrau.
802 1037 842 1090 tu,
859 1022 916 1090 40).
972 1034 1100 1096 tanquam
1118 1025 1140 1079 si
1160 1026 1329 1082 inventitium
1345 1025 1482 1097 quidpiam
1511 1025 1696 1096 proferamus,
1717 1026 1765 1082 sed

62 1135 63 1142 ¹
110 1117 144 1166 ut
172 1111 201 1166 in
227 1109 399 1166 solemnitate
431 1111 517 1168 saneti
540 1110 657 1182 Spiritus
683 1109 869 1180 gaudeamus,
890 1112 918 1164 et
972 1121 1100 1183 tanquam
1122 1114 1150 1168 id
1164 1115 1237 1185 qued
1252 1115 1333 1169 etiam
1350 1114 1506 1185 priusquam
1526 1127 1607 1168 eausa
1638 1112 1764 1178 sciretur,

112 1199 299 1254 abundantius
313 1201 490 1270 gaudeamus,
507 1201 611 1272 quinos
625 1199 735 1254 inducat
749 1199 776 1254 in
797 1213 916 1264 ornnem,
972 1210 1111 1258 constaret
1124 1219 1296 1274 nequaquam
1322 1204 1381 1258 sine
1395 1219 1476 1258 causa
1492 1202 1588 1257 luisse.
1605 1199 1679 1256 Sicut
1694 1200 1766 1256 enim

111 1288 185 1344 sieut
204 1286 329 1357 promisit
351 1288 401 1344 Dei
414 1288 507 1352 Filius,
522 1287 764 1358 veritatemtloan.
780 1302 840 1354 xvt,
862 1287 916 1356 13).
972 1292 1019 1362 qui
1034 1291 1134 1358 scribit,
1156 1291 1238 1346 certis
1266 1291 1416 1346 rationibus
1436 1290 1549 1346 collocat
1563 1289 1706 1350 universa;
1731 1290 1767 1342 ita

424 1375 542 1432 suello
561 1376 607 1431 lll.
972 1396 1033 1451 quae
1047 1396 1062 1434 a
1076 1381 1133 1435 Deo
1148 1387 1221 1444 stant,
1234 1380 1356 1435 ordinata
1370 1387 1443 1442 sunt,
1459 1380 1630 1450 maximeque
1650 1393 1682 1433 ea
1705 1393 1766 1448 quae

111 1465 272 1520 Dedualus
300 1465 386 1519 malis
402 1466 611 1521 ascensionibus
633 1464 770 1519 dordonis
790 1468 818 1518 et
829 1464 915 1534 primi
971 1483 1093 1536 praesens
1108 1467 1134 1520 in
1144 1483 1226 1523 carne
1241 1475 1282 1523 est
1297 1476 1410 1539 operata
1426 1468 1565 1536 majestas.
1582 1466 1636 1521 Sed
1656 1483 1697 1520 sae
1714 1480 1765 1520 an-

170 1553 292 1608 bomiuis
308 1571 317 1605 :
337 1557 365 1607 ei
391 1568 442 1608 sec
463 1553 550 1618 banis,
576 1554 681 1610 Christi
700 1557 728 1606 el
750 1553 863 1608 nostris.
970 1554 1068 1624 gustiae
1077 1555 1239 1626 cognitionis
1263 1555 1355 1626 latios,
1377 1554 1556 1630 cogitationis]
1568 1575 1576 1624 ς
1590 1572 1632 1612 vae
1646 1568 1764 1624 pauper-

150 1642 176 1693 l.
194 1637 223 1694 Si
240 1637 392 1694 Natiuitatis
406 1644 434 1692 et
447 1639 662 1694 Resurrectionis
676 1635 916 1710 Dominicaedigna
972 1650 1017 1703 tati
1032 1650 1153 1704 scientim
1173 1661 1281 1714 nostra,
1298 1653 1344 1721 qui
1370 1663 1471 1711 tamum
1487 1671 1519 1710 ex
1542 1662 1619 1725 parte
1637 1647 1767 1721 0030005.

111 1725 262 1804 devoliqne
276 1727 409 1783 solemnia
426 1727 606 1786 celebramus
627 1727 786 1782 hodiernum
807 1741 915 1796 quoque
970 1752 1038 1800 mus,
1055 1744 1167 1806 etpmte
1182 1735 1300 1791 modica!
1314 1739 1362 1792 Vix
1377 1739 1527 1796 scintillulae
1547 1738 1671 1812 quadam
1689 1734 1768 1790 nobis

112 1812 292 1868 alscesssiOnis
310 1813 383 1868 diem
403 1830 456 1869 110ss
476 1813 566 1870 minus
584 1812 915 1871 dev01000ssvessi10010·
933 1804 1126 1880 Relucentne
1154 1825 1451 1898 tantaluminiseopia,
1481 1830 1515 1884 (le
1544 1829 1653 1884 lucerna
1680 1823 1768 1896 posita

112 1899 197 1956 brari.
229 1903 259 1958 ln
284 1901 357 1958 nullo
379 1901 547 1974 siquidema
574 1901 765 1958 festivitatibus
789 1901 839 1955 tllts
865 1901 916 1955 isla
971 1928 1053 1982 super
1080 1911 1282 1968 candelabrum,
1319 1914 1390 1968 Sane
1419 1924 1519 1984 quanto
1552 1914 1641 1969 minus
1669 1911 1768 1980 singuli
1842 1919 1845 1922 '

112 1989 366 2060 tleanerabMS
381 1991 431 2046 sed
451 1991 624 2048 Missurum
645 2000 674 2046 θί
686 1990 843 2060 adimpleliO
863 1996 913 2046 est·
970 1999 1101 2070 capimus,
1128 2007 1202 2054 tanto
1215 1999 1322 2055 fidelius
1345 2003 1451 2057 caeteris
1468 2001 1691 2058 communicanda
1705 2009 1769 2056 sunt

111 2078 212 2132 llerito
233 2078 344 2148 quidem
366 2077 546 2134 solemnitatis
564 2087 592 2132 et
610 2078 710 2135 laetitiae
733 2079 792 2133 dies
815 2077 915 2150 agitur,

112 2165 224 2234 quando
257 2165 298 2222 sal
325 2165 371 2222 ille
393 2167 602 2238 supereaelestis‚
625 2167 665 2222 sol
678 2166 800 2237 justitiae,
817 2166 917 2222 trostris

112 2269 142 2309 se
162 2255 337 2324 praesentmit
348 2255 497 2322 obtutibus,
509 2254 581 2311 nube
596 2256 685 2312 earnis
702 2263 729 2310 et
744 2253 918 2310 mortalitatis

110 2357 194 2396 sacco
209 2342 344 2416 fulgorem
359 2359 437 2398 suum
457 2352 484 2398 et
499 2343 587 2398 lucem
603 2353 760 2415 temperans
771 2342 918 2398 inaccessi·

112 2428 197 2482 bilem
226 2444 326 2501 magna
345 2445 452 2500 quoque
467 2429 558 2484 latitia
573 2439 600 2484 et
623 2431 765 2486 exsultatio
779 2427 862 2484 multa
877 2428 919 2482 ni-

111 2516 177 2586 mis,
211 2518 320 2588 quaudo
344 2518 482 2574 conscisso
507 2533 596 2584 saeco,
620 2519 713 2574 laetitia
736 2518 918 2574 circumdatus

111 2618 166 2676 est,
188 2613 315 2684 iactaque
331 2613 365 2668 de
381 2613 472 2667 medio
482 2613 553 2670 saeui
566 2613 651 2684 ipsius
665 2629 720 2670 non
730 2614 841 2685 quidem
856 2613 919 2666 sub·

111 2701 226 2766 stantia,
241 2701 290 2756 sed
300 2708 443 2770 vetustate,
462 2703 510 2756 setl
526 2701 710 2772 corruptione,
726 2703 773 2756 sed
797 2701 917 2766 miseria,

111 2789 159 2844 sed
178 2789 292 2853 vilitate,
307 2797 409 2844 nostrae
423 2789 560 2844 dedicavit
574 2789 721 2858 primordia
738 2787 916 2844 resurreetio·

111 2877 165 2932 nis.
186 2877 382 2932 Verumtamen
398 2877 464 2949 quid
489 2877 553 2930 mihi
577 2886 604 2933 et
623 2877 838 2933 solemnitatibus
861 2877 918 2930 istis

111 2967 132 3021 si
148 2965 323 3020 conversatio
338 2980 401 3021 mea
415 2981 500 3036 usque
513 2965 602 3020 adbuc
617 2965 753 3020 detinetur
767 2965 794 3018 in
819 2965 916 3020 terris?

110 3054 178 3124 Quis
206 3069 273 3108 vero
303 3053 344 3109 vel
373 3053 531 3108 desiderare
561 3062 738 3124 presumeret
773 3069 914 3108 ascensum

110 3143 183 3210 eoeli,
197 3141 252 3198 nisi
271 3141 333 3214 quia
347 3141 372 3197 is
387 3142 433 3213 qui
457 3141 647 3210 descenderat,
675 3141 748 3210 prior
772 3141 917 3197 aseendit?

113 3232 177 3286 llieo
193 3246 263 3303 ergo
278 3230 355 3285 vobis
371 3247 377 3284 :
394 3247 448 3286 non
472 3230 556 3286 multo
575 3229 641 3284 milri
656 3228 822 3286 tolerabilior
837 3230 916 3286 vide-

113 3328 189 3374 retur
209 3319 298 3376 exsilii
323 3321 404 3389 lntjus
440 3319 570 3376 habitatio
593 3334 673 3390 quam
693 3317 836 3388 gebeima,
867 3319 918 3374 nisi

112 3409 247 3464 Dominus
261 3409 372 3467 sabaoth
388 3409 543 3480 reliquisset
558 3408 636 3464 nobis
652 3421 745 3462 semen
764 3405 870 3462 fiduciae
891 3417 919 3464 et

113 3497 337 3570 exspectationis,
349 3498 459 3569 quando
482 3497 603 3554 elevatus
622 3501 664 3550 est
688 3494 861 3564 inpubibus,
892 3506 919 3553 et

113 3603 192 3656 spem
208 3585 273 3641 iecit
296 3585 479 3642 credentibus.
504 3585 645 3657 Denique:
663 3585 723 3640 Nisi
752 3602 800 3654 aaa
814 3584 918 3650 abiero,

113 3675 212 3747 inquit,
228 3676 394 3731 Paracletus
408 3677 569 3732 nouacaict
584 3674 619 3728 ad
633 3691 679 3730 aas
695 3676 784 3745 (ioan.
800 3690 859 3738 xvi,
879 3675 916 3744 7).

115 3764 183 3832 Quis
196 3761 367 3834 paraeletus?
389 3763 486 3835 Utique
506 3779 651 3834 perquem
672 3762 834 3818 diffunditur
855 3762 919 3816 aba·

114 3852 191 3916 ritas,
209 3857 236 3906 et
259 3851 315 3921 jam
337 3867 400 3922 spes
429 3867 485 3906 non
513 3852 656 3906 coul'undit
684 3850 728 3906 ille
754 3849 917 3915 Paracletus,

115 3955 263 4011 perquem
281 3939 308 3994 iu
323 3938 399 4001 coelis
418 3940 453 3994 sit
466 3939 638 3995 conversatio
653 3947 759 4007 nostra3
778 3939 863 3994 virtus
886 3955 919 3992 ex

114 4028 179 4096 alto,
196 4044 246 4098 per
260 4043 343 4100 quam
357 4044 465 4083 sursum
475 4027 529 4083 sint
542 4030 625 4084 corda
639 4035 731 4091 nostra
745 4028 812 4099 teil.
839 4027 918 4091 Vada,

114 4101 920 4188 inquit‚pararecollisionum:alsiubicroetpraeparavero

112 4207 186 4262 oolam
196 4206 301 4273 locutu,
311 4205 417 4262 ilerum
434 4207 546 4262 ueniam
567 4209 595 4263 el
607 4221 751 4261 assumam
759 4221 805 4260 vos
818 4205 854 4259 ad
869 4221 913 4260 itte

114 4297 209 4366 ipsum
222 4296 318 4364 (ioan.
329 4309 389 4360 xiv,
402 4298 428 4359 2,
446 4295 485 4364 3).
500 4294 546 4352 ilbi
559 4296 635 4352 euim
648 4294 739 4364 suerit
754 4310 864 4365 corpas,
881 4293 920 4348 ibi

972 2103 1033 2158 quae
1047 2086 1161 2158 singulis
1175 2087 1340 2144 revelantur.
1362 2089 1398 2143 Et
1414 2105 1477 2164 ego,
1494 2089 1601 2157 iratres,
1622 2104 1683 2161 quae
1703 2087 1769 2142 milri

971 2175 1005 2229 ad
1032 2183 1149 2230 vestran
1176 2175 1382 2232 aedificationem
1410 2179 1444 2232 de
1468 2179 1638 2242 ascensione,
1663 2177 1717 2232 imo
1733 2177 1769 2232 da

972 2263 1175 2320 ascensionibus
1199 2265 1255 2319 suis
1273 2265 1375 2322 donare
1390 2265 1449 2336 ipse
1464 2266 1600 2336 dignatur,
1616 2279 1668 2319 nec
1694 2263 1767 2326 volo,

973 2368 1024 2408 nec
1038 2353 1126 2407 debeo
1141 2352 1302 2408 subtrahero
1316 2353 1408 2408 vobis:
1420 2353 1571 2424 praesertim
1582 2350 1655 2424 quod
1666 2353 1724 2407 haee
1736 2349 1770 2405 sit

973 2440 1149 2511 spiritualium
1164 2443 1344 2514 praerogativa
1358 2441 1501 2506 donomm,
1522 2449 1551 2494 ut
1575 2440 1769 2495 communicate

973 2546 1028 2586 non
1055 2528 1218 2585 minuantur.
1238 2528 1377 2600 Aliquibus
1392 2527 1515 2584 fortassis
1530 2530 1587 2582 hee
1602 2536 1666 2582 nota
1694 2535 1768 2594 suut,

973 2614 1071 2686 quibus
1090 2615 1211 2670 similiter
1229 2616 1287 2670 haec
1307 2615 1514 2682 cassiciacum,
1531 2616 1580 2670 sed
1596 2622 1707 2685 propter
1722 2628 1770 2670 eos

974 2704 1018 2774 qui
1034 2703 1103 2760 sorte
1118 2719 1172 2758 non
1187 2703 1362 2758 aduerterunt
1377 2704 1580 2758 sublimioribus
1600 2702 1697 2758 intenti
1725 2711 1771 2756 sut

974 2791 1031 2844 aliis
1046 2790 1184 2861 occupati;
1201 2807 1249 2844 sou
1264 2790 1345 2844 etiam
1361 2799 1473 2861 propter
1490 2792 1597 2861 eosqui
1612 2789 1702 2846 minus
1721 2805 1769 2844 ca-

973 2879 1046 2948 pacis
1061 2878 1248 2953 intelligentiae
1272 2887 1345 2944 sunt,
1365 2880 1428 2933 milri
1458 2878 1591 2934 incumbit
1612 2879 1686 2950 loqui
1707 2895 1768 2950 quae

975 2966 1073 3022 sentio.
1393 2963 1399 2974 ’

932 3094 954 3173 c
1009 3059 1036 3108 3.
1054 3055 1182 3110 Christus
1196 3058 1244 3127 qui
1254 3055 1404 3124 descondit,
1416 3060 1475 3128 ipse
1484 3059 1527 3111 asi
1541 3061 1568 3112 ct
1582 3057 1630 3128 qui
1644 3056 1770 3111 ascantltl

976 3145 1008 3207 (Ε

1009 3143 1084 3213 piros.
1097 3156 1134 3196 rv.
1155 3143 1208 3212 tt).
1219 3143 1343 3214 Apostoli
1352 3143 1435 3197 verba
1446 3151 1509 3198 sunt
1524 3144 1591 3198 litae.
1605 3143 1664 3213 Ego
1678 3153 1768 3198 autern

974 3230 1056 3285 credo
1071 3247 1132 3284 eunt
1148 3232 1174 3284 in
1186 3232 1236 3286 boe
1246 3231 1304 3301 ipso
1319 3232 1392 3302 quod
1407 3231 1588 3298 descenderit,
1602 3230 1769 3286 ascendisse.

973 3317 1016 3372 Sic
1041 3317 1112 3374 enim
1141 3319 1284 3388 opertebat
1314 3317 1450 3372 Clrristum
1477 3317 1644 3372 descendere
1674 3317 1768 3389 latias,

973 3405 1142 3476 ascenderet,
1155 3413 1182 3460 ut
1198 3405 1403 3460 nosaseendere
1414 3405 1584 3460 doceremur.
1601 3404 1698 3474 Cupidi
1714 3405 1771 3470 tnti-

974 3494 1034 3549 tlctn
1051 3509 1144 3548 sumus
1155 3493 1321 3548 ascensionis
1334 3509 1339 3548 :
1353 3491 1542 3549 emulationem
1553 3491 1770 3563 concupiscimus

973 3598 1077 3638 ornnes.
1094 3581 1204 3638 Nobiles
1219 3582 1289 3638 enirn
1305 3589 1437 3636 creaturae
1452 3596 1553 3647 sumus,
1571 3589 1598 3636 et
1613 3579 1707 3654 magni
1724 3596 1770 3632 cu·

971 3671 1078 3740 jtrsdarn
1108 3671 1199 3734 arriani,
1219 3670 1335 3742 ideoque
1353 3670 1522 3726 altitudinem
1538 3669 1651 3725 naturali
1667 3669 1771 3741 appeti·

975 3774 1033 3812 orus
1049 3759 1194 3815 desideria.
1215 3758 1268 3812 Sed
1291 3758 1431 3822 vaenobis,
1462 3757 1483 3812 si
1515 3757 1680 3813 voluerimus
1709 3773 1769 3812 eum

974 3845 1059 3918 sequi,
1073 3846 1119 3916 qui
1129 3845 1164 3900 ait
1177 3863 1183 3898 :
1197 3846 1296 3902 Sedabo
1307 3848 1339 3900 in
1348 3849 1625 3911 moratctaslamcnti‚
1636 3847 1668 3900 in·
1678 3847 1772 3901 lateru-

974 3935 1025 3991 bus
1040 3935 1181 4005 aquilonis
1197 3935 1260 4002 (lsa.
1277 3947 1336 3996 xlv,
1356 3934 1410 4000 13).
1425 3933 1483 3986 Heu
1495 3933 1586 3998 miser,
1599 3932 1627 3987 in
1641 3932 1772 3987 lateribus

974 4022 1106 4095 aquilonis
1122 4021 1128 4075 l
1144 4020 1232 4078 uest
1259 4021 1383 4093 Frigidus
1411 4029 1452 4076 est
1476 4037 1553 4076 mous
1579 4021 1634 4086 ille,
1664 4037 1718 4076 non
1743 4035 1769 4076 te

974 4112 1121 4183 sequimur.
1139 4111 1282 4166 Poteslatis
1310 4110 1393 4164 babes
1407 4103 1661 4178 concupiscentiam,
1678 4107 1770 4162 altitu-

975 4201 1065 4256 dinem
1093 4197 1233 4269 praesularis
1259 4198 1398 4268 potentim.
1430 4197 1529 4266 Quanti
1557 4205 1646 4251 tamen
1684 4213 1771 4268 usque

975 4289 1055 4344 ltodie
1070 4287 1143 4344 l'oeda
1158 4295 1309 4356 sequuntur
1319 4284 1490 4356 infeliciaque
1501 4285 1626 4356 vestigia!
1640 4286 1696 4338 lmo
1706 4300 1771 4341 vero

115 4383 508 4456 conpreqabuulurataquiloe
518 4383 630 4454 (llattlt.
640 4397 722 4446 xxiv,
734 4383 788 4453 28).
802 4381 918 4436 Videsne
935 4395 958 4471 u
974 4395 1056 4451 quam
1071 4376 1148 4446 pauci
1163 4375 1292 4438 evadunt,
1316 4373 1415 4445 quibus
1444 4389 1498 4429 non
1518 4373 1673 4428 dominandi
1689 4372 1772 4431 libido

115 4471 348 4542 quemadmodum
360 4476 521 4528 caeterarum
544 4470 747 4527 solemnitatum
767 4486 810 4536 ea,
836 4483 917 4540 quam
974 4463 1141 4521 dornineturl
1173 4464 1239 4519 lline
1270 4471 1310 4517 est
1337 4462 1410 4534 quod
1440 4459 1554 4516 benefici
1570 4468 1710 4525 vocantur,
1726 4463 1772 4532 qni

114 4559 195 4614 hodie
218 4561 402 4627 celebramus,
422 4567 450 4615 et
465 4561 728 4616 consummationem
757 4559 866 4624 babeat,
891 4567 918 4612 et

113 4649 230 4706 fructum
250 4651 382 4716 declaret,
398 4659 426 4706 et
441 4660 540 4722 augeat
553 4651 688 4721 gratiam?

151 4743 177 4793 i.
198 4739 271 4795 Sicut
285 4740 359 4794 enim
374 4751 472 4795 eaetera
492 4741 584 4796 omnia
605 4739 726 4812 ejusqui
746 4737 825 4794 nobis
838 4745 918 4792 natus

116 4835 158 4885 est
171 4835 200 4883 et
212 4827 293 4882 nobis
308 4828 396 4894 datus,
423 4829 460 4884 ita
482 4829 540 4900 ipse
556 4846 672 4902 quoque
695 4829 780 4900 ipsius
794 4827 918 4883 ascensio

117 4925 293 4988 propter.nos
306 4915 377 4972 laeta
391 4924 440 4983 est,
455 4926 483 4972 et
510 4918 572 4974 lacit
596 4917 750 4990 pronubis.
772 4917 802 4971 ln
826 4925 919 4972 nosue

117 5005 251 5076 siquidem
260 5005 325 5072 vita,
338 5003 432 5070 multa,
444 5014 573 5078 quantum
590 5007 616 5062 in
631 5007 710 5064 nobis
724 5015 776 5074 est,
795 5005 920 5060 ridemur

118 5107 200 5167 agere
226 5110 301 5166 casu,
325 5093 411 5148 multa
433 5094 614 5162 necessitate;
636 5097 685 5151 sed
709 5095 840 5158 Christus,
871 5093 920 5148 Dei

119 5181 203 5238 virtus
218 5183 303 5238 etllei
318 5182 463 5253 sapientia,
474 5182 564 5238 neutri
580 5185 667 5254 potuit
681 5184 834 5253 subjacere.
854 5182 920 5250 Quae

119 5270 191 5324 eubn
207 5270 257 5326 Dei
268 5272 395 5328 virtutem
405 5272 556 5328 necesitas
570 5275 701 5344 cogeret?
717 5278 763 5328 aut
776 5271 841 5343 quid
855 5287 920 5341 age-

155 5392 212 5462 (47)
222 5391 337 5462 Quidam
351 5395 388 5450 ita
398 5394 510 5460 habent,
522 5400 550 5453 ai
565 5413 641 5469 spent
650 5397 719 5467 fecii
733 5395 919 5452 credentibus.

122 5465 237 5522 rEsiirua
253 5471 347 5524 autem
363 5467 435 5540 qued
450 5474 478 5524 et
493 5469 539 5523 ilii
555 5470 603 5540 qui
616 5469 667 5533 aii,
683 5466 740 5522 Nisi
759 5465 821 5536 quia
832 5466 921 5520 Domi-

122 5550 173 5590 nus
186 5534 289 5604 adJ'uvit
303 5553 356 5604 me,
378 5538 457 5609 paulo
480 5539 569 5594 minus
598 5539 743 5596 bdriusset
763 5537 920 5594 ininferna

122 5605 213 5662 anima
235 5623 314 5662 mea:
337 5611 410 5666 uada
432 5613 460 5668 al
490 5610 609 5679 dicebat,
645 5609 703 5664 l'ita
724 5626 785 5665 mea
812 5608 918 5666 inferno

974 4562 1135 4626 potestatem
1146 4553 1262 4618 liabent3
1281 4552 1353 4616 ltine,
1375 4551 1445 4621 quod
1462 4550 1586 4604 laudatur
1601 4560 1729 4619 peccator
1743 4549 1769 4604 in

973 4643 1115 4701 desideriis
1129 4642 1226 4698 animae
1255 4658 1321 4696 sum.
1347 4641 1504 4698 Potentibus
1526 4638 1660 4710 siquidem
1675 4653 1771 4694 omues

972 4734 1124 4800 adulantur,
1141 4730 1262 4786 invident
1276 4744 1381 4785 omnes.
1398 4729 1485 4798 Quem
1500 4727 1653 4799 sequimini,
1680 4725 1772 4783 miseri

974 4821 1119 4878 homines?
1140 4835 1221 4890 quern
1236 4816 1402 4888 sequimini?
1417 4819 1516 4873 Annos
1530 4817 1627 4872 videtis
1644 4817 1770 4872 Sannum

975 4919 1102 4979 tanquam
1124 4905 1213 4978 lulgur
1229 4905 1396 4961 cadentem?
1419 4905 1477 4964 Non
1492 4905 1543 4961 iste
1565 4914 1606 4960 est
1633 4922 1720 4974 mons,
1742 4906 1770 4961 in

976 5015 1056 5070 quem
1071 4995 1192 5052 ascendit
1206 4993 1328 5068 angelus,
1343 5000 1370 5048 et
1390 4992 1514 5048 diabolus
1541 4992 1628 5048 iaetus
1642 4994 1707 5049 est?
1723 4991 1771 5049 Vel

975 5087 1039 5143 illud
1054 5085 1197 5150 ailrertite,
1214 5083 1286 5155 quod
1309 5090 1371 5154 post
1385 5099 1476 5138 casum
1492 5098 1569 5137 suum
1585 5082 1683 5139 invidia
1708 5098 1770 5136 cru-

974 5177 1063 5233 ciante
1073 5174 1143 5230 nrale
1160 5173 1289 5230 sollicitus
1304 5173 1338 5228 de
1352 5171 1550 5244 supplantando
1566 5171 1684 5236 homine,
1700 5169 1771 5224 illius

975 5275 1064 5320 tamen
1079 5263 1177 5322 montis
1192 5277 1334 5318 ascensum
1344 5261 1591 5316 nullatenusansus
1604 5258 1772 5314 estsuadere

975 5387 1209 5461 appropinquavit.
1228 5389 1309 5442 ll'uuc
1325 5403 1386 5443 cam
1401 5401 1447 5458 spe
1461 5386 1533 5440 salai
1542 5384 1615 5454 fiscii
1629 5397 1726 5440 sumtis
1740 5385 1771 5438 in

975 5464 1057 5588 vulqus
1077 5461 1263 5586 alliiladiaarn
1281 5459 1386 5514 Christi
1400 5455 1770 5513 nosttsccosiosulrlimaait.

975 5536 1012 5590 Va
1033 5551 1059 5598 o,
1071 5549 1085 5587 e
1099 5551 1123 5587 c.
