3996 6350
97 475 172 544 ,149
673 467 707 530 ΙΝ
726 467 903 532 urtrflxdtx
921 469 1036 532 contii
1053 467 1162 532 suido
1180 469 1226 531 lll.
1728 471 1780 534 150

102 597 272 669 Christum,
287 603 316 655 et
333 596 373 655 sic
392 595 496 682 intrare
511 593 539 651 in
551 570 668 669 gloriam
682 593 780 670 suamf
797 593 838 650 Tu
853 607 923 668 quo·
940 608 964 689 g
981 569 1045 664 una,
1060 593 1109 650 sed
1132 591 1213 661 trina,
1226 591 1308 682 'sicut
1323 607 1338 649 a
1351 593 1475 670 patribus
1486 595 1589 653 nostris
1612 569 1778 669 acecpimus.

104 703 184 762 que,
204 687 341 756 centurio,
361 702 424 743 eum
447 683 521 742 unde
542 684 633 741 nostii
662 679 760 742 fidens
785 683 858 756 qnod
883 683 924 741 aio
980 680 1068 740 Hodie
1082 679 1158 752 enim
1170 680 1300 755 parolus
1314 696 1363 737 rex
1377 688 1482 752 noster,
1497 679 1591 756 paucis
1605 701 1621 740 a
1634 683 1780 743 Nativitate

19 779 21 816 i
108 780 260 836 clamans
275 779 446 854 exspirasset
457 796 466 833 .·
479 777 553 844 Vere,
569 771 667 848 inquit,
684 767 729 831 bic
739 774 820 831 borno
833 773 925 830 Filius

19 899 20 906 ι
108 868 170 924 Dei
192 871 258 926 erat
271 865 365 940 (licre.
382 881 426 936 xv,
443 865 499 934 39).
515 863 582 920 llira
596 880 653 934 res,
670 872 698 922 et
713 862 789 921 omni
802 855 924 918 admira·

19 989 20 996 ι
109 955 200 1012 tione
221 951 318 1032 dignel
331 941 341 1032 ’1
498 1015 500 1020 ,

152 1042 241 1102 801
262 1045 288 1099 i.
303 1029 464 1115 Propterea,
479 1056 620 1118 rogovos,
635 1040 779 1118 intuemini
794 1047 821 1096 et
833 1040 924 1097 videte

19 1143 20 1148 ’
113 1148 209 1207 quam
219 1115 327 1189 oculata
341 1129 376 1188 sit
386 1129 471 1202 iides;
487 1148 569 1205 quam
580 1130 693 1202 lynceos
708 1129 802 1187 oculos
814 1129 923 1198 babeat,

109 1223 283 1298 diligentius
303 1220 488 1279 considerate.
513 1219 663 1294 Cognoscit
675 1218 726 1286 Dei
750 1217 847 1274 Filium
865 1219 924 1274 lac-

19 1327 21 1362 :
109 1321 238 1385 tentem,
269 1311 413 1385 cognoscit
436 1310 464 1366 in
478 1309 554 1384 ligno
578 1308 756 1382 pendentem,
783 1303 925 1382 cognoscit

19 1419 20 1426 ¹
111 1399 313 1459 morientem:
336 1397 473 1471 siquidem
490 1397 560 1454 latro
584 1397 613 1454 in
640 1395 773 1469 patibulo,
798 1395 871 1470 lifagi
894 1393 923 1452 in

113 1491 231 1547 stabulo
246 1494 432 1562 cognoscunt3
446 1485 493 1543 ille
513 1485 596 1544 claris
621 1485 746 1554 infixum,
762 1482 806 1540 isti
825 1482 923 1556 pannis

112 1577 287 1646 insolutum:
304 1575 509 1646 centurionem
535 1574 620 1630 vitam
643 1573 755 1648 agnovit
773 1572 800 1627 in
821 1581 921 1630 morte.

111 1664 167 1721 isti
182 1665 236 1736 Dei
249 1663 377 1720 virtutem
393 1662 421 1719 in
435 1651 525 1718 teneri
544 1659 669 1734 corporis
691 1659 860 1730 infirmitate,
876 1659 922 1716 ille

115 1770 252 1810 summun
267 1751 398 1825 Spiritum
418 1750 446 1807 in
462 1747 658 1823 exspiratione.
674 1749 722 1804 lsti
735 1747 785 1803 Dei
799 1747 922 1805 Verbum

19 1869 21 1878 ν
112 1843 144 1898 in
161 1842 279 1914 infantia
299 1856 456 1916 cognovere
471 1858 478 1895 :
495 1837 632 1913 siquidem
654 1835 787 1912 quidquid
805 1836 843 1894 illi
858 1853 920 1895 ser-

112 1931 260 2002 monibus,
276 1929 321 1987 isti
339 1928 501 1995 muneribus
512 1927 701 1990 confitentur.
717 1927 797 1984 Latro
812 1943 920 2002 regem,

980 771 1078 828 diebus
1092 770 1247 840 transactis,
1266 767 1512 828 stelladeclarante
1518 771 1649 844 ‘primitiis
1656 775 1780 849 gentium

979 857 1114 935 apparuit.
1134 859 1221 918 ilodie
1237 875 1357 935 quoqne,
1372 875 1435 918 cum
1448 862 1506 932 jam
1521 859 1633 935 triginta
1650 863 1780 922 fermein

979 949 1182 1023 dispensatione
1205 943 1298 1007 carnis
1313 949 1418 1024 egisset
1443 963 1530 1006 annos
1548 949 1608 1023 (qui
1629 955 1780 1010 secundnm

979 1039 1147 1097 divinitatem
1160 1039 1234 1096 idem
1243 1039 1303 1113 ipse
1313 1029 1365 1111 est,
1377 1047 1404 1096 et
1414 1039 1479 1095 anni
1490 1033 1551 1110 ejus
1560 1055 1616 1096 nou
1624 1037 1777 1113 deliciunt),

978 1129 1052 1185 inter
1072 1129 1220 1202 populares
1246 1121 1342 1185 turbes
1365 1127 1553 1199 absconditus,
1576 1128 1612 1183 ad
1628 1128 1777 1188 Iordanem

979 1217 1157 1291 baptizandus
1176 1217 1302 1288 advenit;
1319 1217 1368 1274 sed
1382 1211 1539 1274 testimonio
1553 1215 1605 1274 liei
1617 1217 1705 1274 Patris
1733 1219 1776 1275 in·

979 1307 1068 1362 notuit
1082 1307 1191 1377 (narrt.
1216 1323 1257 1376 ιιι,
1280 1307 1387 1378 lidi).
1403 1306 1490 1363 Hodie
1515 1305 1692 1363 nihilominus
1714 1323 1777 1364 curn

979 1395 1118 1468 discipulis
1137 1395 1195 1452 suis
1216 1403 1330 1453 vocatus
1344 1396 1378 1449 ad
1397 1395 1515 1468 nuptias,
1531 1394 1677 1453 deficiente
1700 1395 1775 1467 rino,

978 1483 1059 1557 signo
1074 1483 1228 1540 admirabili
1242 1501 1300 1540 suae
1317 1483 1446 1558 potentian
1462 1500 1548 1559 aquas
1561 1484 1589 1540 in
1603 1485 1698 1542 riuum
1711 1501 1776 1542 mu-

978 1571 1043 1628 tavit
1058 1563 1150 1642 (loun.
1166 1587 1197 1642 ιι,
1214 1573 1308 1646 l-lt).
1323 1572 1378 1630 Sed
1392 1573 1512 1632 delectat
1526 1589 1597 1645 eam,
1614 1577 1675 1648 quae
1688 1573 1716 1630 in
1730 1575 1776 1630 in-

977 1660 1061 1717 fantia
1076 1661 1224 1718 salvatoris
1239 1661 1310 1719 iacta
1325 1651 1376 1730 est,
1399 1663 1598 1735 apparitionem
1619 1662 1777 1736 diligentius

976 1747 1086 1820 intueri,
1103 1750 1233 1825 quioniam
1248 1758 1274 1806 et
1288 1749 1446 1808 dulcissima
1461 1759 1512 1823 est,
1528 1759 1556 1808 et
1569 1749 1714 1825 specialius
1723 1751 1775 1809 ho·

976 1838 1021 1895 die
1035 1838 1159 1896 noscitur
1171 1838 1317 1895 celebrari.

1012 1932 1038 1986 3.
1055 1927 1141 1986 Hodie
1157 1943 1236 2003 ergo,
1253 1927 1323 1984 sicut
1341 1926 1495 1984 audirimus
1517 1926 1546 1984 in
1560 1927 1719 2003 evangelica
1736 1927 1776 1987 le·

114 2021 248 2080 centurio
262 2020 312 2078 Dei
332 2019 430 2078 Filium
448 2016 530 2074 simul
544 2025 572 2073 et
586 2011 727 2074 hominem
751 2016 920 2096 pronuntiat.
938 1993 959 2072 Β
976 2016 1077 2087 ctione,
1110 2013 1182 2092 llagi
1209 2016 1393 2088 Jersclymam
1423 2024 1559 2074 venerunt
1586 2017 1621 2073 ab
1640 2016 1773 2075 'Oriente

112 2111 152 2168 Et
167 2110 235 2184 quid
249 2112 309 2168 hac
331 2109 385 2166 tria
398 2099 463 2182 ipsa
482 2122 627 2182 magorum
648 2121 765 2162 munera
786 2104 918 2177 indicant,

115 2198 172 2256 nisi
188 2198 263 2273 quod
277 2198 305 2254 in
319 2199 399 2256 thure
411 2213 467 2278 non
478 2204 532 2254 tam
547 2196 596 2253 Dei
607 2193 704 2252 Filium
720 2202 919 2266 monstravere,

116 2305 203 2361 quam
223 2288 329 2344 Deum?
341 2288 527 2346 obsecramus
542 2300 622 2360 ergo,
647 2282 812 2356 charissimi,
828 2283 921 2357 lprosit

977 2105 1077 2162 llerito
1097 2121 1163 2162 sane
1178 2106 1212 2161 ab
1237 2103 1351 2162 Oriente
1365 2101 1487 2178 veniunt,
1504 2105 1551 2180 qui
1573 2104 1644 2164 Solis
1663 2105 1776 2178 justitiae

976 2211 1077 2254 novum
1087 2193 1167 2250 nobis
1181 2202 1270 2251 ortum
1285 2195 1456 2266 annuntiant,
1473 2195 1520 2269 qui
1533 2195 1607 2280 laetis
1617 2195 1775 2252 rumoribus

978 2286 1063 2340 totum
1076 2283 1210 2340 mundum
1220 2283 1392 2360 illuminant,
1405 2281 1457 2340 nisi
1467 2286 1539 2359 quod
1555 2284 1651 2342 infelix
1668 2283 1774 2355 Judaea,

114 2376 197 2434 vobis
212 2383 288 2432 tanta
311 2375 441 2446 charitas,
468 2391 551 2449 quam
565 2373 645 2430 nobis
668 2373 743 2429 Dens
768 2367 920 2443 maiestatis
974 2360 1061 2430 '8⁰2
1077 2372 1140 2448 quia
1153 2373 1244 2431 lucem
1257 2373 1362 2445 oderat,
1377 2373 1413 2429 ad
1426 2373 1563 2448 fulgorem
1576 2389 1655 2433 norae
1668 2374 1776 2432 clarita-

117 2465 258 2535 exhibuit;
276 2471 352 2532 tauta
366 2463 513 2534 humilitas,
530 2479 613 2536 quam
637 2461 771 2534 suscepit;
787 2468 861 2517 tanta
875 2463 920 2518 be·

118 2553 251 2628 nignitas,
275 2569 336 2627 quae
358 2552 438 2624 nobis
459 2568 510 2625 per
525 2549 626 2608 Christi
638 2549 819 2606 humilitatem
839 2565 921 2624 appa·

118 2642 185 2699 ruit.
203 2643 326 2716 Agamus
339 2641 443 2716 gratias
464 2638 641 2712 Redemptori
655 2645 683 2694 et
696 2635 841 2695 mediatori
853 2654 919 2695 nos·

117 2739 173 2800 tro,
197 2746 249 2804 per
273 2746 356 2804 quem
370 2715 450 2794 nobis
468 2719 593 2798 ¹innotuit
617 2735 672 2783 lam
690 2728 764 2784 bona
786 2742 852 2802 erga
870 2743 921 2786 nos

976 2462 1013 2540 tis
1027 2455 1234 2532 obtenebratur,
1249 2471 1277 2520 et
1290 2463 1440 2538 caligantes
1454 2462 1525 2520 oculi
1541 2466 1601 2534 eius
1614 2472 1777 2521 coruscante

978 2551 1055 2609 radio
1069 2552 1139 2610 Solis
1149 2553 1245 2609 aeterni
1259 2552 1345 2609 multo
1361 2551 1451 2626 magis
1460 2551 1644 2626 excaecanlur.
1656 2551 1776 2610 Venien-

977 2649 1019 2699 tes
1032 2657 1101 2716 ergc
1119 2641 1155 2718 ab
1169 2627 1383 2715 Oriente'llagi,
1399 2635 1464 2714 quid
1479 2639 1598 2697 dixerint
1610 2640 1773 2698 audiamus:

979 2731 1027 2790 ott
1040 2735 1092 2796 est,
1108 2731 1158 2806 qni
1172 2735 1256 2787 notus
1276 2736 1318 2788 εει
1331 2733 1391 2788 licc
1405 2729 1687 2802 Jndoeorcmeuam
1701 2739 1777 2788 certa

118 2819 246 2888 voluntas
265 2817 315 2875 Dei
333 2817 436 2887 Patris,
456 2816 593 2890 siquidem
611 2809 694 2872 talem
716 2817 773 2887 jam
795 2817 921 2888 novimus
976 2817 1055 2888 fides,
1072 2826 1100 2874 et
1114 2817 1182 2873 nihil
1195 2817 1305 2890 penitus
1319 2817 1462 2873 baesitansl
1475 2817 1535 2873 No’n
1548 2827 1673 2891 quaerunt
1683 2823 1774 2876 utrum

119 2909 181 2979 ejus
196 2905 330 2978 annuum,
345 2912 443 2962 utnon
458 2905 595 2962 immerito
609 2904 732 2962 dicamus
747 2921 754 2960 ε
770 2903 815 2962 Sic
829 2893 919 2962 curri·
975 2915 1055 2964 natus
1067 2907 1117 2972 sit;
1135 2907 1185 2963 sed
1199 2905 1361 2963 fiducialiter
1385 2907 1544 2980 loquuntur,
1561 2913 1589 2962 et
1602 2907 1778 2982 interrogant

70 3056 90 3064 Δ,
119 3010 259 3066 mus,non
274 2995 353 3069 quasi
366 2994 395 3050 in
405 2986 541 3051 incertum
556 2991 583 3068 (l
597 2993 656 3051 Cor.
670 3010 708 3064 rx,
724 2989 780 3066 26).
795 2985 920 3051 Proiecto
973 2994 1033 3053 'sine
1047 2995 1226 3066 dubitatione,
1251 2994 1297 3051 ubi
1315 2995 1357 3051 'sit
1370 3001 1450 3052 natus
1465 3003 1508 3052 εει
1527 2997 1586 3053 ilex¹
1606 2996 1774 3056 ludaeorum.

111 3084 195 3142 'enirn
212 3085 267 3141 tale
286 3092 329 3140 est
343 3101 411 3159 erga
426 3099 477 3140 nos
497 3071 545 3140 cor
566 3081 617 3139 Dei
631 3080 729 3153 Patris,
745 3083 826 3157 quale
841 3081 920 3152 nobis
973 3084 1168 3156 Porro,audito
1179 3083 1289 3142 nomine
1300 3084 1387 3158 regis,
1398 3099 1447 3140 rex
1456 3083 1580 3141 Herodes
1587 3100 1777 3144 successorem

122 3173 259 3250 expressit
270 3172 317 3248 qui
331 3172 366 3230 de
381 3175 443 3244 ejus
457 3161 541 3230 corde
560 3171 706 3245 prooessit.
974 3174 1126 3248 suspicatus
1136 3174 1254 3248 expavit.
1269 3173 1328 3234 Nec
1348 3175 1448 3232 mirum
1462 3174 1486 3230 si
1501 3176 1625 3233 turbatur
1634 3176 1775 3246 Herodes;

131 3253 133 3256 ’
425 3278 543 3336 sgfflgo
561 3279 608 3334 111,
704 3333 707 3340 Ι
770 3253 797 3263 ”
904 3283 921 3290 ·’
975 3263 1026 3321 sed
1040 3263 1115 3338 quod
1139 3263 1293 3320 Jerusalem
1320 3261 1415 3319 civitas
1434 3261 1494 3334 liei,
1520 3281 1583 3338 quae
1604 3265 1675 3328 nisio
1694 3267 1777 3340 pacis

122 3372 296 3436 Defectione
309 3368 506 3442 coangelice«
526 3367 574 3428 ott
586 3373 630 3426 eat
643 3369 790 3442 quinctus
808 3345 919 3428 millen
937 3359 959 3444 e
976 3361 1027 3424 est,
1050 3368 1114 3411 cum
1140 3353 1249 3409 Herode
1273 3352 1409 3422 turbatur,
1432 3352 1493 3426 quis
1506 3368 1561 3409 non
1576 3353 1711 3410 miraturi
1727 3354 1774 3411 iii·

264 3440 429 3500 indecorum
443 3439 458 3496 i
473 3459 485 3491 ι
502 3440 612 3510 (narrt.
629 3455 659 3509 ιι,
682 3439 773 3511 t-tl).
968 3443 1049 3518 dete,
1083 3441 1194 3512 fratres,
1228 3449 1360 3515 quantum
1387 3448 1486 3499 noceat
1515 3439 1609 3516 iniqua
1635 3451 1773 3516 potestas;

158 3536 184 3588 l.
199 3529 394 3589 Necessarium
413 3529 492 3608 nobis
506 3527 625 3598 ridetur,
646 3528 755 3600 fratres,
774 3529 852 3599 juxta
865 3543 919 3587 cae·
968 3529 1112 3608 quomodo
1125 3537 1208 3604 caput
1221 3529 1335 3604 impium
1349 3529 1489 3600 subjectos
1510 3546 1621 3605 quoque
1635 3549 1693 3590 sue
1703 3547 1774 3590 con·

123 3609 244 3680 terarum
259 3618 461 3676 solemnitatum
476 3616 713 3687 consuetudinem,
729 3610 811 3692 etiam
821 3617 920 3675 solem·
973 3618 1073 3677 format
1091 3617 1236 3694 impietati.
1263 3618 1361 3676 ifisera
1379 3619 1461 3693 plana
1484 3618 1589 3691 ciuitas,
1613 3618 1642 3677 in
1658 3638 1712 3696 qua
1726 3638 1774 3679 re-

122 3707 361 3768 nitatishodiernae
375 3706 450 3765 uobis
466 3721 603 3778 exponere
618 3705 763 3762 rationem.
779 3707 920 3763 interdum
973 3716 1039 3784 gnat
1071 3704 1211 3776 llerodes3
1242 3681 1370 3783 qdbniam
1396 3708 1561 3766 Herodieuae
1596 3709 1656 3768 sine
1690 3707 1774 3767 dnbio

124 3799 197 3866 enim
212 3805 308 3870 contra
317 3795 382 3872 vitia
395 3794 543 3870 loquimur,
559 3801 586 3852 ει
600 3812 690 3870 genus
703 3795 769 3870 illud
784 3795 920 3876 sermonis
973 3795 1111 3872 particeps
1123 3795 1176 3854 erit
1188 3797 1308 3870 malitiae,
1323 3805 1351 3853 et
1365 3798 1401 3853 ad
1416 3793 1494 3856 novae
1508 3797 1603 3854 salutis
1617 3803 1707 3856 crtum
1722 3799 1775 3858 lle-

122 3887 253 3964 psrutiler
286 3885 456 3962 seddiebus
479 3883 587 3942 caeteris
609 3883 718 3941 videtur
740 3884 920 3957 opportunius
973 3884 1256 3942 rodianamovebitur
1280 3885 1445 3942 turbatione.
1468 3885 1582 3944 Confido
1597 3902 1650 3960 ego
1673 3887 1701 3943 in
1716 3887 1775 3946 no-

104 4027 107 4032 ,
124 3975 279 4044 conuenire.
299 3971 416 4031 liestivis
435 3979 538 4043 autem,
553 3979 582 4029 ει
594 3967 717 4028 maxime
733 3971 761 4028 in
775 3973 920 4046 praecip'uis
974 3974 1059 4045 mino,
1081 3972 1211 4047 quoniam
1223 3973 1296 4030 inter
1309 3989 1361 4031 nos
1382 3963 1494 4031 minime
1508 3975 1646 4048 regnabit,
1663 3975 1774 4032 'etiamsi

125 4061 350 4133 solemnitatibus,
375 4061 464 4137 magis
490 4049 564 4118 circa
591 4077 624 4117 ea
651 4077 713 4138 quae
739 4060 920 4118 solemnitatis
974 4057 1327 4136 adesse‘oontingat3quod
1341 4069 1367 4118 ει
1381 4060 1470 4135 ipsum
1483 4063 1558 4120 bens
1572 4061 1685 4120 avertatl
1704 4065 1774 4122 Nam

125 4163 194 4227 sunt,
209 4151 411 4212 intmoraudum
424 4150 539 4221 videtur,
564 4157 594 4207 ut
612 4149 716 4224 pariter
731 4158 759 4207 et
779 4147 920 4208 erudiatur
973 4149 1130 4210 Herodiana
1143 4147 1245 4207 malitia
1259 4158 1287 4208 et
1304 4145 1472 4224 Babylonica
1486 4153 1634 4212 crudelitas
1653 4162 1706 4224 est,
1720 4170 1774 4211 na-

88 4299 91 4304 .
127 4244 239 4314 animus,
254 4249 283 4300 et
296 4241 430 4302 excitetur
451 4239 575 4298 aflectus.
596 4237 740 4310 Quomodo
756 4239 830 4300 enim
844 4241 919 4298 cele·
974 4249 1098 4300 scentem
1120 4237 1191 4299 velle
1213 4239 1390 4316 exstinguere
1412 4241 1584 4316 religionem,
1607 4250 1635 4300 et
1658 4243 1772 4302 allidere

86 4401 89 4407 Ι
126 4329 237 4389 brabitis
261 4330 335 4406 quod
362 4329 494 4402 nescitis?
515 4336 562 4386 aut
580 4329 722 4410 ¹quomodo
746 4328 847 4400 scietis,
868 4323 936 4400 ΙιιίεἰΙ
972 4329 1101 4404 parrulos
1116 4329 1234 4390 israelis.
1246 4323 1274 4386 si
1285 4324 1350 4404 quid
1361 4330 1436 4387 enim
1445 4331 1605 4390 adsalutem
1619 4334 1772 4407 pertinens,

128 4419 298 4482 annuntietur
312 4419 410 4478 vobisi
424 4421 573 4492 Propterea
587 4434 642 4475 non
662 4419 697 4474 sit
716 4419 920 4477 molestum'his
973 4420 997 4476 si
1011 4419 1075 4494 quid
1091 4418 1232 4494 religionis
1246 4415 1344 4490 oritur,
1358 4413 1515 4495 quicunque
1528 4419 1640 4493 resistit,
1658 4423 1774 4498 quicun-

115 4497 174 4590 ssqui
185 4497 288 4586 suntin
302 4509 366 4584 lege
380 4507 471 4582 periti,
488 4507 510 4564 si
533 4523 632 4582 parum
646 4507 719 4565 docti
743 4509 850 4565 morem
864 4525 918 4583 ge·
933 4585 936 4590 Ι
974 4525 1027 4582 que
1042 4517 1189 4584 repugnat,
1203 4507 1284 4581 plane
1298 4523 1361 4566 cum
1374 4503 1511 4586 AEgyptiis
1534 4511 1663 4584 parrtdos
1681 4513 1773 4570 lsrae-

127 4599 218 4682 rimqs,
236 4606 267 4656 ut
285 4597 452 4672 exigitratio
469 4595 618 4672 charitatis.
633 4597 723 4654 Credo
737 4596 811 4654 enim
824 4613 860 4653 ne
874 4597 919 4671 ip·
973 4596 1041 4655 litiei
1064 4591 1198 4672 germinis
1214 4614 1315 4656 necare
1339 4606 1471 4668 conatur;
1495 4598 1551 4657 imo
1575 4617 1639 4658 cum
1665 4593 1773 4659 ilerode

128 4704 171 4746 sos
184 4686 295 4762 quidem
305 4747 309 4756 ,
321 4686 378 4744 suis
394 4686 481 4760 epulis
494 4700 557 4745 esse
581 4685 758 4758 fraudandos,
785 4681 815 4742 si'
828 4685 919 4743 minus
974 4695 1133 4745 nascentem
1142 4687 1320 4761 persequitur
1333 4686 1512 4745 salvatorem.
1525 4687 1646 4758 SedJ'am
1660 4689 1772 4748 inchoa·

129 4776 249 4846 eruditis,
276 4784 406 4849 tanquam
432 4775 611 4852 popularibus
631 4761 745 4854 turbis,
762 4773 919 4850 grossiores
934 4738 957 4817 Β
974 4783 1028 4832 tam
1039 4790 1238 4849 prosequamur
1254 4775 1403 4832 historiam·
1420 4769 1519 4847 Credo,
1534 4777 1631 4851 siquis
1645 4780 1773 4838 conscius

129 4867 199 4940 prius
214 4865 392 4938 apposuerint
414 4864 500 4923 cibos.
514 4865 554 4920 lta
566 4880 633 4923 vero
651 4872 800 4939 apponent,
815 4865 839 4921 si
861 4863 919 4921 ira·
974 4873 1015 4922 est
1029 4865 1111 4935 bujus
1125 4864 1175 4936 rei,
1192 4863 1340 4921 studiosius
1354 4863 1407 4921 sibi
1430 4866 1537 4925 cavebit
1560 4868 1594 4926 de
1613 4876 1728 4941 cetero,
1745 4878 1773 4928 et

130 4964 210 5036 tunsa
222 4953 363 5016 charitatis
377 4953 475 5020 intuitu
488 4954 642 5028 placuerint
656 4955 697 5020 eis
716 4972 778 5029 quaa
791 4947 920 5024 necessa·
973 4953 1157 5012 Herodianum
1172 4943 1360 5013 exsecrabitur
1371 4955 1504 5028 animum,
1528 4974 1563 5016 ne
1578 4957 1696 5017 similem
1709 4959 1770 5018 cxi-

129 5043 237 5105 riasnnt
249 5059 305 5099 non
316 5041 382 5107 satis
397 5041 621 5116 intelligentibus,
634 5044 686 5100 etsi
700 5044 818 5102 fortasse
828 5043 919 5101 minus
965 5035 1032 5100 ¹tum
1045 5044 1183 5122 sortiatur.
1356 5037 1357 5041 ’
1790 5057 1792 5062 ·

131 5131 282 5192 necessaria
295 5121 450 5194 rideantur.
465 5131 511 5188 Sic
525 5139 617 5189 autem
632 5125 789 5208 fragmenta
801 5123 920 5207 post'mo
1009 5135 1035 5193 l.
1050 5134 1125 5207 Ergo
1141 5125 1326 5207 querentibus
1343 5123 1430 5212 bingis
1444 5135 1549 5209 liegem
1562 5137 1729 5209 iudeorum,
1745 5147 1773 5196 et

131 5222 190 5280 dun
201 5221 364 5296 recolligent
378 5219 514 5294 sibiipsis,
530 5220 553 5276 si
563 5220 722 5296 diligentius
731 5223 918 5306 recogitantes
964 5209 1131 5279 ¹s'ciscitan'te
1154 5238 1170 5277 a
1193 5221 1298 5280 Scribis
1320 5223 1427 5282 llerode
1446 5224 1596 5284 Dominicae
1622 5226 1774 5300 Natiuitatis

131 5310 265 5371 subtiliora
279 5327 404 5385 quaque,
425 5303 555 5383 tanquam
576 5312 678 5367 munda
692 5311 919 5390 animaliarumi-
969 5303 1073 5396 locum,
1085 5309 1123 5366 iili
1136 5299 1213 5382 juxta
1226 5312 1388 5396 prophetam
1403 5329 1504 5370 nomen
1519 5314 1637 5372 civitatis
1649 5315 1771 5374 edicunt.

132 5399 248 5458 caverint
262 5416 324 5474 anae
336 5398 635 5473 parumjntelligibiles
649 5400 756 5457 animos
773 5417 832 5482 prae
852 5403 919 5458 sub·
968 5399 1292 5482 ‚Cumquewrecessissent
1314 5402 1396 5476 blagi,
1406 5409 1439 5482 et
1461 5401 1637 5477 reliquissent
1652 5405 1771 5478 luridos,

132 5488 237 5546 tilitate,
332 5488 355 5544 ri

19 5651 21 5664 μ
125 5555 128 5562 ’
163 5581 187 5636 t.
201 5487 374 5642 Solgfmlfiietasu
376 5497 461 5654 Ξῄιιιε
469 5547 615 5644 ¹hodiernae
629 5576 684 5647 diei
702 5581 738 5636 ab
750 5560 919 5656 apparitione
968 5578 1043 5666 xilinc
1064 5577 1210 5636 manifesta
1224 5577 1305 5654 datur
1323 5579 1438 5660 intelligi
1461 5581 1600 5657 quoniam,
1625 5585 1773 5646 humanum

19 5675 20 5678 ’
99 5682 226 5754 ..noman
236 5667 357 5756 accepit.
368 5666 522 5745 Epiphania
539 5668 640 5752 quippe
656 5667 789 5744 apparitio
799 5675 851 5729 est.
867 5671 921 5729 ilo-
971 5668 1443 5756 1ιὶεςίιιιιιιεεεοιιείῑίιιιιι,ιιιιίιιιιιιι
1456 5672 1730 5746 amisereducatum
1745 5683 1774 5735 et

134 5755 172 5814 dic
189 5772 256 5831 ergo
270 5751 406 5830 apparitio
428 5757 539 5816 Domini
558 5751 729 5829 celebratur,
745 5773 801 5818 non
814 5767 920 5818 tantum
975 5773 1123 5818 conversos
1134 5759 1169 5818 ad
1179 5765 1322 5820 terrenum
1331 5759 1653 5840 documentumsignam
1662 5765 1774 5826 antece

969 5505 1036 5564 ¹occe
1047 5486 1224 5568 stelloqoam
1235 5491 1366 5550 viderant
1376 5492 1408 5547 in
1420 5492 1541 5563 Oriente,
1552 5496 1702 5556 antecebat
1717 5515 1771 5558 coa.
