4116 6348
166 483 222 548 luo
789 537 793 542 .
836 485 850 542 J
892 481 1090 546 11111011.
1761 493 1814 561 rep

164 608 373 666 rosilorarsntnr
394 621 492 664 ornnes
512 613 540 662 et
561 604 749 674 smbmsrent,
770 612 882 664 mortus
903 604 960 662 cla·
975 619 1000 700 Α
1016 605 1071 664 lent
1096 605 1213 664 insidier.
1241 607 1359 679 Spiritus
1385 614 1495 687 quidem
1523 615 1729 690 Fomioationis,
1756 621 1814 691 iem

166 712 225 754 mor
247 706 401 754 exterorum
420 703 508 750 castra
531 692 683 763 perterruit.
698 693 732 750 Et
750 691 790 748 illi
805 709 813 746 ι
829 692 895 764 Qum
918 701 961 750 est
1014 696 1111 752 erebro
1122 696 1193 752 tales
1206 706 1234 753 et
1247 697 1341 755 nuum
1365 701 1484 775 impetus
1507 711 1645 777 expertas,
1660 705 1756 782 lugam
1772 709 1813 766 si-

165 784 227 852 ists,
242 783 378 855 inquiunt,
392 797 445 840 vox
469 779 657 838 exsultationis
679 779 837 838 inauribus
859 780 960 838 nostris
1015 784 1149 850 mulctet
1170 784 1296 842 delmnm
1319 787 1449 844 miserum
1473 791 1550 864 sequi
1570 805 1711 865 prouocat,
1726 797 1815 854 donec

165 873 200 930 de
214 873 308 931 castris
320 871 490 930 lsraellNoa
502 868 607 926 itaberi
621 873 649 927 et
664 867 868 927 nudiustertius.
879 869 960 928 Forte
1013 887 1061 942 per
1075 879 1212 942 patentem
1224 878 1332 948 portum
1356 877 1383 931 in
1408 877 1497 935 medio
1519 879 1665 952 Babylonis
1684 883 1812 944 introdu-

163 961 241 1020 venit
254 962 294 1018 eis
317 961 501 1026 auxiliamur
515 959 648 1032 impetum
664 958 763 1016 iaciant
785 959 812 1015 in
826 973 888 1016 nos.
903 959 959 1015 Fu·
1014 966 1086 1016 etum
1102 961 1159 1016 suis
1172 961 1248 1019 illum
1270 963 1353 1022 sociis
1376 965 1485 1022 tradidit
1508 967 1687 1026 illudendum.
1703 971 1813 1028 Gastri·

163 1050 349 1122 giamnsergo
359 1046 502 1118 lsraelem;
514 1047 646 1106 Dominus
660 1047 733 1102 enim
747 1053 850 1121 pugnet
860 1061 909 1116 pro
919 1047 960 1104 eis
1014 1049 1118 1122 margia
1132 1057 1158 1106 et
1171 1052 1324 1110 Fornicatio
1341 1071 1440 1128 equum
1464 1056 1515 1111 ribi
1530 1055 1673 1127 vindicant,
1691 1075 1742 1117 nec
1761 1061 1814 1118 do·

163 1147 257 1195 uonna
270 1152 330 1194 nos.
346 1137 457 1194 lnterim
476 1136 600 1194 cnaeus
614 1151 697 1192 morae
711 1134 865 1206 impatiens,
881 1133 959 1192 ordi·
1015 1133 1116 1188 minum
1128 1151 1207 1192 suurn
1219 1138 1265 1206 jns
1278 1139 1307 1193 in
1322 1153 1355 1196 eo
1370 1141 1470 1198 babere
1487 1141 1559 1200 ultra
1573 1143 1741 1216 permittunt.
1754 1147 1814 1204 lam

164 1225 224 1282 nari
238 1223 398 1290 exercitum,
413 1223 515 1296 aperiri
527 1231 631 1296 portes,
648 1230 675 1282 et
689 1222 817 1296 persequi
835 1222 959 1296 praecipit
1013 1221 1115 1294 quippe
1125 1222 1281 1297 deliniebat,
1294 1229 1351 1297 jam
1366 1228 1495 1302 iatiqatus
1513 1230 1647 1290 divertere
1663 1236 1813 1306 quaerebat.

162 1311 296 1380 inimicos,
310 1319 401 1383 aperte
416 1312 579 1370 denuntians
594 1326 601 1366 :
618 1312 721 1370 vacam
743 1311 778 1366 ad
804 1323 895 1383 portas
913 1311 959 1366 in·
1013 1310 1042 1364 lu
1058 1312 1148 1370 medio
1162 1315 1265 1387 qnippe
1277 1332 1378 1390 pugnas
1391 1320 1443 1375 sub
1463 1328 1602 1392 pugnante
1625 1321 1772 1395 ceciderat,
1786 1332 1815 1380 et

164 1400 224 1458 ieri.
239 1399 336 1472 Sisque
361 1415 417 1458 uno
428 1400 531 1471 impetu
554 1399 700 1458 universus
713 1400 858 1458 charitatis
879 1417 958 1458 saer·
1013 1412 1078 1454 oasn
1101 1415 1153 1458 sno
1178 1402 1348 1460 vehementer
1375 1406 1516 1462 attriverat
1542 1423 1676 1466 sessorem
1704 1425 1813 1467 snum:

163 1489 232 1548 citus
246 1488 376 1560 propedit,
387 1503 457 1560 qnos
472 1487 614 1561 Babylonii
636 1505 692 1544 aon
705 1487 825 1550 ioreutss
839 1488 958 1564 lugiunt,
1013 1502 1092 1558 quern
1115 1487 1156 1544 illi
1175 1489 1243 1546 cibis
1264 1491 1411 1564 Babylonis
1427 1495 1569 1564 reiectum,
1585 1496 1814 1573 reimpinguatum

164 1577 211 1633 sed
226 1591 278 1634 non
294 1574 438 1652 eliuqinnt.
453 1575 558 1632 Cadum
571 1592 587 1631 a
601 1577 685 1634 latere
699 1576 817 1633 'limoris
831 1574 916 1642 mille,
932 1584 959 1632 et
1013 1572 1070 1628 suis
1084 1575 1230 1634 subdidere
1243 1580 1373 1638 servitiis.
1389 1582 1419 1637 ln
1434 1583 1561 1640 miseram
1580 1600 1643 1642 vero
1664 1587 1716 1658 lra,
1739 1586 1814 1645 lnri·
1856 1601 1859 1614 ·

163 1665 294 1722 adextris
306 1664 450 1722 charitatis
464 1664 557 1721 dacem
573 1664 667 1721 millis.
1014 1659 1069 1728 dis,
1083 1669 1234 1737 ooetoraqse
1246 1666 1376 1725 vitiorum
1389 1673 1468 1728 turba
1492 1673 1642 1748 consurgit,
1657 1682 1685 1732 et
1698 1675 1813 1734 deaes-

437 1751 618 1812 emenone
635 1753 682 1808 lll.
1013 1747 1075 1803 liter
1090 1765 1173 1823 supra
1186 1751 1297 1809 dorsum
1312 1757 1373 1826 ejus
1387 1758 1522 1816 lubricant
1537 1772 1701 1834 peccatores.
1718 1765 1771 1821 Sed
1786 1775 1814 1821 et

397 1843 436 1898 lle
447 1858 547 1914 ριριιι
560 1842 721 1914 spirituali.
1017 1834 1168 1894 Fornicatio
1182 1841 1262 1910 cnjus
1281 1842 1332 1896 nisi
1356 1851 1431 1918 targa
1452 1847 1584 1922 lamentis
1602 1849 1640 1906 nil
1663 1849 1754 1908 adhue
1768 1853 1814 1910 ille

199 1934 225 1986 l.
235 1931 309 1988 luter
329 1929 478 1988 Jerusalem
502 1937 530 1985 et
551 1930 716 2003 Babylonem
740 1929 871 1987 ordinatae
895 1938 959 1986 snat
1017 1922 1130 1994 videret,
1143 1937 1237 1999 aperta
1247 1928 1305 1997 jam
1320 1930 1388 1986 lucie
1401 1939 1429 1986 et
1441 1933 1592 2005 impudenti
1605 1938 1694 1994 lronte
1709 1939 1736 1994 in
1750 1955 1814 1996 eum

162 2018 236 2076 acics
249 2018 283 2074 ad
296 2018 408 2074 bellum.
420 2018 488 2076 ilino
500 2017 587 2074 David
605 2033 686 2074 menn
700 2017 779 2076 fortis
792 2016 878 2074 aciem
893 2031 959 2088 pro·
1012 2013 1164 2086 consurgit.
1180 2025 1207 2071 et
1220 2015 1324 2086 spicula
1338 2016 1419 2089 ignes
1438 2018 1466 2072 in
1480 2035 1528 2075 cor
1541 2022 1603 2091 ejus
1617 2030 1736 2096 torquet,
1751 2026 1813 2098 qta-

161 2107 237 2164 dncit
250 2107 378 2164 virtutum
393 2107 541 2164 terribilem
556 2117 582 2164 et
595 2107 748 2164 ordinatam
763 2127 770 2164 :
788 2105 852 2162 inde
866 2107 959 2162 Nabu·
1011 2099 1140 2174 dinmque
1159 2102 1187 2158 in
1211 2106 1343 2161 cervicem
1363 2107 1423 2176 ejus
1437 2108 1547 2174 essent,
1563 2111 1767 2184 projectumque
1785 2113 1813 2169 in

161 2197 337 2252 obodouosor
349 2194 494 2267 babylonia
508 2194 658 2266 spiritualia
671 2194 809 2268 nequitiae.
823 2209 958 2268 suumque
1011 2193 1111 2246 ierom
1126 2192 1283 2258 o0ueu¹uolt
1299 2200 1326 2250 el
1341 2209 1429 2265 eoque
1443 2197 1517 2266 reule
1530 2199 1740 2270 Babyloniorum
1755 2201 1812 2256 Ne·

162 2285 289 2342 vitiornm
302 2283 499 2342 tumultuosum
514 2283 664 2340 exereitum
676 2283 771 2356 dirigit
784 2298 817 2338 ex
831 2283 956 2342 adverso.
1011 2276 1156 2334 beelteem
1171 2294 1235 2336 eum
1250 2281 1372 2349 tradens,
1387 2284 1448 2350 uiue
1457 2283 1606 2342 immundis
1624 2288 1814 2362 gurgitationi-

162 2373 287 2430 Procedit
305 2372 339 2431 de
352 2373 449 2430 castris
464 2372 549 2430 David
563 2372 715 2430 tirunculus
730 2371 858 2439 novitius,
869 2388 958 2444 anper
1011 2363 1065 2420 bue
1077 2364 1199 2423 subdidit
1212 2367 1390 2425 illudendum.
1402 2371 1459 2428 Nec
1469 2373 1526 2442 iarn
1538 2375 1647 2446 pariam.
1658 2377 1814 2434 utbonests

161 2459 190 2516 in
204 2460 324 2518 militiam
340 2460 412 2535 regis
422 2461 540 2531 jumne,
552 2469 580 2516 pt
593 2477 642 2532 per
654 2475 752 2516 manus
765 2459 849 2529 ipsius
863 2462 957 2516 aewmi
1011 2451 1040 2507 in
1055 2467 1118 2508 eutii
1133 2455 1197 2510 Filia
1216 2471 1322 2512 multllm
1343 2457 1463 2529 mitidut3
1484 2461 1532 2516 sed
1547 2461 1694 2521 immundi!
1712 2465 1813 2522 eduliis

164 2549 247 2604 bavid
270 2549 345 2606 verbi
368 2549 418 2606 Dei
443 2549 534 2630 gladio
557 2549 704 2617 accinctus,
720 2557 748 2606 et
770 2547 957 2620 spiritualibus
1012 2540 1047 2596 de
1065 2543 1184 2614 coquina
1206 2544 1288 2618 regis,
1310 2545 1338 2600 id
1361 2555 1404 2602 eat
1420 2547 1501 2605 ioedis
1522 2557 1550 2606 et
1572 2551 1715 2608 horrendis
1729 2553 1811 2620 vitiis,

161 2638 244 2693 armis
258 2637 411 2711 insignitus,
426 2637 554 2712 ingentes
575 2652 676 2710 gerens
689 2636 806 2706 animoa,
821 2645 849 2694 ot
861 2644 957 2694 eontra
1012 2629 1122 2688 exbibet
1140 2631 1319 2690 irridendum.
1339 2634 1486 2709 sicigitur
1506 2645 1605 2709 osuiu!
1628 2640 1662 2695 ob
1686 2639 1811 2710 {einoldo

163 2725 235 2796 reges
252 2725 379 2796 mierum,
394 2726 429 2782 aa
453 2725 604 2782 mondum
619 2725 670 2782 gibt
693 2741 796 2782 nomen
810 2726 956 2798 plusquam
1010 2716 1111 2789 ligatur
1124 2718 1236 2776 funibus
1251 2723 1327 2776 malae
1347 2724 1562 2791 consuetudinis,
1578 2734 1605 2783 et
1627 2727 1811 2800 praeeipitelnr

161 2813 196 2868 ad
210 2815 316 2870 nostem
331 2814 494 2872 vincendum
508 2813 772 2886 impatientissimus.
786 2813 880 2886 liqnns
899 2821 957 2870 erat
1010 2804 1037 2860 iu
1053 2821 1190 2864 eereerem
1205 2809 1418 2880 Desperationis.

161 2901 194 2960 ei¹
208 2901 339 2972 fervidus,
354 2902 495 2974 proprium
517 2903 685 2976 eorpns3de
699 2917 781 2960 succo
799 2903 888 2959 edbnc
901 2917 955 2959 sae·
1046 2896 1073 2950 ³·
1091 2895 1248 2952 Rexeulem
1262 2897 1347 2955 David
1366 2909 1497 2970 cooperto
1520 2901 1608 2973 eapite
1631 2903 1750 2976 lugebel·
1766 2903 1810 2959 di·

162 2989 216 3048 euli
230 2989 317 3059 lortis,
333 2986 436 3058 viridis,
453 2991 580 3062 ιιιιιιιιι,
596 2987 755 3063 animusque
778 2991 839 3061 eius
852 3005 953 3049 conre-
1011 2997 1076 3040 oeno
1090 3001 1098 3038 ²
1113 2983 1232 3042 ΑΜΒ
1252 2985 1290 3041 fili
1309 2985 1356 3052 mi.
1378 2986 1415 3044 fili
1437 2989 1474 3044 mi
1496 2989 1635 3049 Abeolou!
1653 2992 1811 3064 Vereorque

162 3076 251 3143 mens,
266 3079 310 3135 cui
322 3077 446 3134 insidens
459 3075 597 3136 ierebatnr
609 3078 738 3151 insignis3
750 3087 958 3150 castrorumque
1010 3087 1097 3126 unum
1113 3073 1194 3147 regiae
1212 3074 1345 3131 ctianrate
1359 3091 1391 3132 sc
1405 3077 1477 3134 sedis
1491 3079 1518 3134 in
1535 3079 1692 3148 huiusmodi
1717 3083 1810 3140 utilem

162 3179 273 3224 anonam
296 3166 445 3240 dammam
467 3165 657 3246 disciplinam,
671 3167 833 3238 contemptis
856 3164 956 3233 sociis,
975 3165 997 3246 Β
1010 3168 1038 3216 et
1052 3160 1205 3233 probatum,
1221 3163 1359 3219 Timorem
1369 3165 1482 3232 scilicet,
1494 3167 1526 3221 ad
1542 3169 1734 3240 requirendum
1748 3187 1810 3227 enm

162 3256 264 3313 scotica
290 3255 407 3329 quadam
434 3257 644 3328 presumptione
672 3255 752 3328 longe
776 3269 832 3328 praa
855 3254 961 3313 esteris
1013 3248 1116 3322 dirigit,
1131 3262 1159 3307 et
1172 3250 1361 3309 obedientiam
1376 3269 1469 3310 seeum
1482 3256 1629 3323 mmdarit,
1643 3266 1673 3314 nt
1686 3266 1810 3330 ereptum

163 3345 397 3418 progrediebatur,
412 3351 532 3401 aestuana
548 3353 576 3401 et
591 3341 699 3401 1151
717 3343 847 3400 subdens
866 3343 900 3400 ad
915 3343 958 3399 la·
1013 3335 1048 3394 de
1075 3353 1183 3396 caraem
1206 3339 1298 3396 tutele
1320 3341 1501 3398 committeret
1520 3341 1697 3401 obedientie.
1713 3347 1811 3402 lliaam

162 3433 289 3491 dandam
301 3432 353 3488 sibi
366 3448 475 3490 nomen.
486 3433 590 3489 Fidens
606 3432 688 3489 David
703 3433 884 3503 impetuosam
898 3434 961 3502 ejus
1013 3425 1107 3482 Timor
1127 3425 1212 3492 veuit,
1236 3435 1263 3481 et
1286 3427 1396 3484 suscitat
1418 3429 1557 3500 museum,
1578 3439 1756 3505 ereptumque
1775 3435 1812 3491 de

163 3521 401 3593 praesumptionen,
417 3537 467 3592 per
485 3519 582 3576 Filium
607 3520 689 3578 sutiln'
711 3517 885 3576 Salomonem
908 3521 959 3576 sub
1013 3512 1192 3570 commilitii!
1207 3512 1334 3572 cleastris
1348 3523 1375 3572 ei
1392 3517 1519 3586 vinculis,
1537 3518 1606 3576 sicui
1627 3521 1679 3577 eibi
1702 3521 1811 3592 jussum

162 3609 377 3666 interminatione
390 3608 417 3664 ei
441 3607 598 3666 mandarit:
618 3609 660 3665 l'oe
674 3609 737 3676 ¹soll,
754 3609 822 3680 quic
844 3609 871 3665 ιι
883 3609 958 3664 ceci-
1013 3601 1113 3673 inerat,
1128 3603 1297 3662 obedientiae
1321 3606 1430 3664 tradidit
1450 3625 1457 3663 ι
1477 3625 1577 3681 equum
1595 3625 1676 3668 sunm
1691 3609 1717 3667 ei
1730 3612 1811 3668 resti·

158 3698 244 3768 derit,
255 3715 313 3756 nore
324 3697 636 3760 bobebitaublrnontsm
647 3696 749 3767 (Book.
761 3695 865 3768 mlo).
874 3695 959 3766 Cujus
1014 3689 1072 3755 nur,
1088 3692 1137 3748 aed
1152 3689 1271 3750 ieronem
1285 3701 1313 3750 et
1327 3695 1468 3763 rebellem,
1480 3706 1508 3754 et
1522 3701 1568 3768 qni
1583 3699 1627 3756 vix
1642 3701 1710 3758 ultre
1722 3699 1811 3762 domi·

157 3786 206 3842 ille
220 3787 322 3843 monita
345 3786 424 3859 parvi
440 3784 572 3856 pendens,
585 3799 648 3841 cum
661 3784 713 3842 sibl
727 3782 770 3840 rel
793 3783 853 3840 aliia
867 3791 960 3841 osten·
1012 3794 1076 3836 num
1090 3781 1245 3854 dignaretur
1257 3798 1416 3856 agnoscere.
1431 3784 1518 3855 Quem
1532 3785 1695 3844 obedientis
1710 3802 1810 3860 appre-

157 3874 223 3930 dera
246 3889 354 3947 maqnae
375 3873 483 3931 uirtutis
506 3887 565 3928 snae
583 3881 716 3943 quaereret
735 3871 908 3941 occasiones,
932 3881 960 3928 et
1012 3866 1134 3924 bendeus
1152 3875 1179 3925 et
1199 3869 1276 3925 ireno
1300 3869 1388 3928 lerreo
1408 3871 1548 3940 cohibens,
1569 3871 1631 3930 licet
1650 3875 1811 3931 renitentem

160 3962 323 4034 praeclarum
346 3961 456 4035 aliquod
483 3961 587 4017 lacinus
609 3960 762 4028 moliretur,
785 3960 959 4030 conspicetur
1011 3954 1159 4026 plurmum
1174 3965 1201 4013 et
1219 3957 1440 4024 recalcitrantem,
1457 3960 1569 4032 antiquo
1583 3960 1694 4019 domino
1717 3963 1812 4020 subdi-

162 4050 269 4108 eminns
288 4050 316 4106 ia
330 4057 408 4124 parte
424 4049 514 4106 hostili
527 4065 612 4106 naum
625 4048 660 4104 do
674 4047 791 4104 inimicis
806 4048 886 4106 lortis
900 4065 959 4107 nra·
1011 4042 1062 4113 dit,
1077 4043 1222 4118 docuitque
1233 4060 1296 4101 eum
1310 4055 1414 4104 mutare
1435 4048 1632 4104 tortitudinem.

161 4139 235 4204 liure,
251 4147 347 4196 mutae
369 4138 504 4211 nequitiae,
519 4152 594 4194 arms
618 4138 762 4194 habentem
784 4137 875 4209 ignee,
898 4153 958 4194 ms·
1046 4133 1074 4186 l.
1089 4129 1251 4203 Susceptum
1273 4132 1402 4208 itaquea
1425 4134 1533 4196 Timore
1555 4134 1708 4194 Obedientn
1722 4137 1811 4194 dedn-

162 4242 268 4302 nnsque
291 4226 385 4298 plenas
402 4226 504 4298 jaculis
522 4225 620 4300 masis,
634 4225 734 4282 multos
757 4225 955 4298 vulnerantem,
1011 4233 1077 4276 oeno
1097 4219 1208 4278 militem
1232 4221 1339 4290 Geruli,
1354 4238 1401 4295 per
1414 4223 1493 4280 eliam
1507 4223 1578 4281 dont
1601 4225 1705 4282 reduxit
1726 4225 1754 4281 iu
1768 4241 1813 4288 re·

162 4317 317 4374 vulneratos
335 4311 512 4385 medanum,
528 4313 635 4371 ocrem
652 4313 865 4384 manutenere,
882 4313 959 4370 tacito
1012 4307 1123 4382 gronam
1137 4325 1225 4378 susm,
1240 4311 1409 4384 numenque
1422 4312 1448 4369 ei
1464 4314 1631 4370 mensionem
1651 4314 1724 4385 apud
1747 4314 1811 4372 Pie·

160 4403 324 4474 capientem,
348 4400 459 4459 dildcde
481 4399 657 4470 relaxantem,
682 4400 805 4472 spiritum
827 4401 957 4460 Forniea·
1012 4403 1095 4452 tatem
1110 4397 1248 4454 constitnit
1262 4421 1269 4457 :
1285 4410 1315 4455 nt
1333 4399 1438 4457 scilieet
1458 4401 1564 4458 animos
1581 4403 1650 4472 eiua.
1668 4418 1739 4475 quos
1758 4401 1810 4458 Ti·

160 4489 252 4547 tionis.
682 4541 692 4555 ,
972 4491 996 4570 ῃ
1011 4499 1071 4542 mor
1084 4486 1299 4557 exacerbaverat,
1320 4488 1408 4548 Pietas
1430 4492 1514 4560 patris
1529 4490 1679 4548 revocantis
1698 4489 1811 4548 relocil-

197 4584 224 4636 1.
240 4579 289 4638 llie
302 4595 333 4636 se
353 4586 523 4635 ostonsmnm
537 4593 707 4651 presumens
725 4577 883 4650 preclaram
898 4579 956 4636 vir.
1010 4571 1085 4628 leret.
1099 4573 1264 4644 Quadam,
1280 4576 1351 4647 apud
1374 4576 1531 4647 Scientiam,
1554 4586 1583 4632 ut
1601 4576 1683 4635 sciret
1696 4579 1768 4634 unde
1782 4587 1810 4634 et

160 4675 246 4726 tutem
259 4683 349 4736 snam,
364 4669 494 4739 impetum
518 4665 546 4722 iu
560 4681 622 4722 enm
635 4664 737 4739 dirigit,
752 4674 779 4723 et
797 4678 954 4740 promptum
1008 4675 1062 4732 quo
1077 4661 1130 4717 sibi
1148 4672 1219 4720 esset
1231 4663 1402 4722 redeundum
1418 4682 1424 4723 :
1441 4664 1573 4738 sciretque
1593 4666 1631 4721 uti
1653 4673 1679 4722 et
1698 4665 1808 4732 Pietate,
1863 4702 1866 4710 ·

159 4756 236 4814 illum
260 4771 363 4832 equum
376 4771 457 4812 snum
471 4755 635 4826 jejuniorum
655 4754 825 4826 verberibus,
840 4763 867 4812 et
884 4755 955 4829 rigi-
1009 4757 1038 4806 et
1064 4751 1185 4822 Timore,
1208 4769 1242 4808 ne
1260 4753 1348 4810 Pietas
1376 4753 1526 4821 extolleret,
1550 4753 1642 4810 Timor
1659 4754 1808 4832 frangeret.

159 4846 258 4903 lienam
279 4846 429 4904 calcaribus
443 4859 604 4918 perurgens,
619 4851 694 4902 totus
718 4842 802 4902 lertur
816 4845 843 4900 in
865 4845 954 4904 illum.
1010 4841 1142 4913 Tertiam,
1154 4843 1226 4914 apud
1244 4842 1451 4907 Fortitudinem,
1466 4858 1529 4914 quae
1544 4858 1606 4898 eum
1620 4842 1656 4900 ad
1669 4857 1807 4918 peragen-

160 4937 299 4991 Clameta
322 4945 399 5008 tergo
419 4933 581 5002 Prudentia,
605 4933 706 5001 Peroe,
733 4933 831 5005 percsl
856 4935 955 4991 clamat
1010 4929 1073 4986 dnm
1096 4929 1200 4986 reditus
1222 4931 1263 4988 sni
1289 4930 1342 4988 iter
1365 4931 1542 4990 confortaret.
1570 4931 1712 5003 Quartam,
1738 4934 1810 5003 apud

161 5023 302 5094 Discretio,
317 5023 434 5096 Suedas,
449 5021 565 5080 sustinol
582 5011 709 5095 totiusque
726 5039 789 5080 enm
806 5035 953 5095 concrepat
1010 5018 1169 5086 Gondlinm,
1185 5027 1214 5076 ut
1232 5019 1342 5076 alterius
1360 5035 1424 5076 cnm
1446 5019 1561 5078 consilio
1582 5018 1675 5078 omnia
1693 5019 1808 5088 laceret,

159 5111 306 5168 Davidicus
326 5111 471 5168 exereitus.
496 5110 571 5178 Quos
599 5111 645 5166 ille
668 5125 761 5168 omnes
783 5111 866 5168 surda
889 5127 955 5170 aure
1010 5122 1060 5164 nec
1074 5107 1200 5166 educatu
1213 5109 1376 5166 obedientie
1393 5107 1421 5165 in
1435 5108 1526 5182 aliquo
1545 5109 1705 5168 declinaret.
1720 5108 1808 5180 Quia-

161 5201 327 5273 preteriens,
344 5200 426 5258 lemur
448 5199 533 5256 miser
550 5209 623 5257 totus
646 5201 673 5256 ia
697 5199 797 5256 malam
821 5216 910 5268 suum,
927 5209 955 5258 et
1008 5203 1072 5264 um,
1088 5197 1161 5269 apud
1183 5197 1361 5263 Intellectum,
1375 5207 1404 5254 ut
1417 5211 1472 5253 non
1485 5198 1542 5268 jam
1561 5195 1674 5255 1252
1693 5195 1809 5254 oonsilio

159 5291 255 5347 nescit.
271 5289 373 5347 videns
393 5289 643 5347 Nabuchodonosor
657 5287 789 5356 iairsmit,
806 5295 833 5344 et
853 5289 954 5346 malum
1010 5293 1113 5342 tantum
1127 5287 1277 5354 bominum,
1294 5289 1341 5345 aed
1354 5287 1414 5360 ipse
1435 5287 1492 5357 jam
1513 5285 1662 5360 intelligere
1681 5283 1810 5356 inciperet

157 5377 184 5435 ei
207 5393 307 5450 parans
329 5379 408 5436 dolos
430 5377 577 5457 premittit.
599 5375 751 5435 Occurrunt
774 5377 847 5434 enim
870 5377 911 5434 illi
937 5394 955 5435 a
1008 5389 1070 5448 quae
1083 5375 1118 5431 sit
1130 5375 1255 5434 voluntas
1269 5376 1378 5433 Dormm
1392 5377 1477 5442 bone,
1491 5375 1671 5448 beneplacens
1695 5383 1723 5430 et
1740 5389 1807 5449 per·

157 5465 243 5523 latere
256 5467 284 5522 in
308 5481 429 5538 preceps
443 5465 532 5522 ruenti
555 5479 666 5522 sorores
688 5466 761 5536 duae,
779 5465 912 5538 Superbia
926 5468 955 5524 el
1008 5461 1088 5521 iectu.
1103 5463 1145 5520 ed
1160 5474 1262 5523 sestam
1278 5467 1443 5524 mansionem
1463 5464 1588 5536 pervenit
1607 5465 1684 5522 miles
1707 5463 1808 5522 Christi

158 5554 232 5612 Vane
247 5553 350 5622 Gloria,
366 5555 545 5611 radamantus
558 5554 584 5610 ei
603 5553 632 5612 in
653 5554 718 5611 dolo
735 5572 742 5610 :
758 5557 846 5632 Fuge,
862 5556 952 5631 suqel
1009 5553 1161 5625 Sapientia,
1175 5555 1328 5627 bospitibns
1350 5555 1408 5616 suis
1430 5570 1490 5612 eum
1510 5554 1748 5628 prosequentibus,
1759 5567 1809 5614 nee

158 5644 265 5715 Quibus
288 5644 333 5702 ille
356 5644 439 5702 miser
461 5643 543 5700 nimia
570 5643 710 5712 credulus,
725 5655 796 5704 totus
820 5646 908 5704 iertnr
926 5645 954 5703 in
1008 5641 1061 5698 iter
1080 5646 1140 5713 ejue
1154 5645 1352 5711 deserentibus,
1366 5645 1463 5716 olium
1481 5644 1505 5700 ei
1529 5643 1637 5716 tolidem
1659 5642 1730 5700 ΜΝ
1751 5645 1806 5702 De·

159 5748 294 5806 praeoeps,
303 5741 331 5790 et
345 5733 432 5792 nescit
444 5749 504 5807 quae
516 5733 573 5804 jam
587 5733 705 5809 undique
719 5749 781 5794 eum
791 5735 955 5800 ¹situumral·
1009 5730 1233 5801 materenses
1248 5750 1311 5794 eum
1321 5735 1423 5809 lloyse,
1442 5735 1514 5794 uelut
1526 5734 1563 5791 de
1576 5741 1667 5792 monto
1684 5731 1804 5804 Abarim,
