4064 6344
134 439 198 502 tiit
744 441 914 504 simonis
946 443 981 505 IN
999 442 1149 506 cimici.
1706 448 1773 510 titii

163 569 191 622 e.
203 565 291 622 Naum
307 564 420 638 proinde
434 565 568 633 meritum,
584 566 721 624 miseratio
735 567 853 626 Domini.
862 567 924 625 Non
941 584 965 663 q
983 576 1035 625 est.
1047 569 1104 626 lloe
1118 587 1213 626 aurum
1224 573 1401 644 semetipsum
1415 573 1589 644 decoloravit,
1605 575 1777 634 abscondens

132 655 208 727 plane
222 670 282 712 eum
294 654 384 714 meriti
402 653 492 728 inops,
514 655 633 726 quandin
651 657 697 713 ilie
710 656 922 728 {miserationum
983 659 1097 716 formam
1117 661 1176 728 Dei,
1196 670 1223 717 et
1237 661 1351 716 formam
1366 663 1433 720 serui
1457 664 1639 734 praetendens.
1659 665 1778 721 Decolo-

132 759 184 802 non
208 743 297 802 luerit.
325 741 403 810 Quod
427 745 450 799 ei
476 743 667 802 misericordie
690 745 800 802 Domini
822 747 921 819 multae,
978 748 1046 804 revit
1060 757 1087 804 et
1099 748 1258 814 Ecclesiam,
1276 765 1336 822 quae
1350 750 1387 806 ait
1402 767 1409 804 ι
1427 751 1518 808 Nolite
1536 770 1582 808 me
1596 753 1776 810 considerare

132 832 231 890 multus
246 830 420 913 nibilominus
434 848 486 904 ego
510 833 539 888 lu
558 833 663 889 meritis
678 849 749 890 sum.
765 833 835 902 Quid
851 836 923 891 enim
977 836 1049 908 qnod
1058 839 1140 908 susce
1154 839 1218 907 sim,
1234 837 1302 910 quin
1315 837 1486 896 &colorauit
1501 855 1546 897 me
1560 840 1602 897 sot
1615 840 1739 910 (Contio.
1752 856 1772 906 r,

129 922 150 975 si
168 921 313 977 multorum
329 919 380 977 sim
395 921 462 977 mihi
476 921 602 978 conscius
617 921 805 982 delictorum?
821 925 924 995 Nempe
977 923 1016 994 ii).
1031 925 1144 999 Ergoet
1157 924 1308 996 posteriora
1318 925 1402 997 ipsius
1414 924 1442 979 in
1456 926 1559 996 pallore
1574 927 1642 994 auri,
1658 944 1719 1000 quae
1733 927 1774 984 lo-

129 1011 172 1066 ubi
193 1009 341 1068 abundavit
369 989 509 1078 d'itietun,
539 1012 770 1084 superabundavit
796 1014 923 1086 etgratia
976 1029 1051 1068 scum
1075 1029 1129 1070 non
1153 1014 1263 1070 erubuit
1290 1013 1388 1080 erucis,
1413 1011 1549 1071 ustionem
1570 1015 1704 1083 passionis
1719 1032 1772 1073 oon

131 1101 216 1170 tium.
232 1114 262 1164 v,
277 1099 333 1167 20).
348 1097 383 1154 iit
397 1098 420 1154 sl
438 1100 631 1158 misericordiae
650 1101 759 1158 Domini
773 1102 807 1158 ab
821 1109 922 1160 aeteruo
975 1101 1090 1172 horruit,
1106 1101 1217 1160 livorem
1236 1103 1374 1159 vulnerum
1395 1119 1450 1158 non
1465 1102 1573 1174 relegit.
1590 1104 1678 1160 Etiam
1691 1121 1772 1161 com·

128 1196 251 1258 eiusque
277 1185 305 1242 in
333 1193 465 1244 niernum
494 1188 582 1262 (Psoi.
604 1204 654 1260 eu,
671 1191 728 1260 ti),
743 1205 795 1264 ege
809 1205 921 1265 quoque
974 1190 1062 1261 placet
1076 1191 1126 1247 sibi
1142 1191 1167 1246 in
1184 1190 1245 1259 illis,
1262 1199 1289 1246 et
1309 1198 1384 1262 optat
1410 1191 1557 1248 novissima
1585 1207 1633 1247 aua
1649 1193 1707 1248 iore
1721 1194 1771 1248 ho·

129 1274 325 1332 misericordias
350 1275 459 1332 Domini
482 1276 509 1332 in
532 1283 663 1334 aeternnm
683 1277 797 1335 mutabo
826 1279 919 1351 (Ptol.
974 1295 1034 1335 rum
1048 1278 1153 1336 similia.
1168 1279 1271 1336 ldeirco
1294 1280 1411 1354 denique
1434 1282 1531 1338 audit:
1550 1281 1684 1339 colante
1705 1297 1770 1339 tneo

129 1379 265 1436 canumet,
282 1366 321 1436 2).
337 1365 464 1438 Numquid
473 1367 593 1435 justitias
609 1368 701 1423 ineas?
722 1367 849 1435 Domine,
865 1386 920 1426 me·
974 1368 1007 1424 in
1019 1369 1209 1440 [oraminibus
1223 1375 1323 1442 petrae,
1341 1370 1413 1443 quod
1437 1371 1466 1426 in
1489 1370 1588 1427 Christi
1610 1371 1769 1429 vulneribus

128 1455 253 1510 morabor
276 1452 391 1522 iustitie
410 1462 464 1510 tuae
491 1453 576 1511 solius
590 1454 678 1528 (Psoi.
693 1471 761 1524 exn,
778 1458 835 1526 ti).
860 1459 921 1528 lpse
973 1463 1029 1514 tota
1044 1456 1187 1515 devotione
1201 1465 1332 1530 versetur,
1348 1466 1374 1513 et
1387 1458 1446 1532 iugi
1460 1458 1632 1514 meditatione
1644 1458 1771 1515 demore-

129 1549 167 1596 est
180 1539 252 1596 euim
266 1550 293 1598 et
307 1557 384 1608 maan
402 1557 500 1614 nempe
515 1541 603 1600 lacius
621 1559 651 1597 es
665 1543 731 1600 mibi
746 1549 775 1600 tu
787 1544 891 1613 justitia
905 1562 919 1602 a
973 1551 1017 1602 tur
1030 1545 1058 1603 iu
1072 1545 1135 1602 illis.
1150 1545 1216 1602 lude
1230 1546 1351 1618 martyrii
1366 1545 1517 1616 tolerantia,
1534 1547 1596 1604 inde
1614 1547 1654 1604 illi
1669 1563 1768 1622 magua

128 1629 191 1686 Deo.
206 1629 333 1702 Nunquid
349 1629 414 1686 mihi
425 1630 582 1700 eereudurq,
599 1646 632 1688 ne
647 1647 702 1687 non
716 1647 769 1687 uua
787 1633 920 1690 ambobus
974 1633 1071 1690 fiducia
1086 1634 1158 1703 apud
1171 1635 1259 1690 Deum
1274 1635 1442 1691 altissimum.
1456 1635 1516 1692 Non
1530 1637 1657 1708 estquod
1672 1653 1768 1695 verea-

125 1717 256 1775 sufficiat?
284 1718 344 1776 Nou
363 1727 405 1775 est
423 1719 533 1789 pellium
557 1721 649 1786 breve,
665 1721 753 1792 quod,
770 1722 918 1778 seeundum
975 1730 1018 1777 tur
1032 1727 1132 1794 martyr
1157 1737 1320 1794 exsanguem
1349 1723 1511 1797 lividamque
1544 1726 1635 1780 levare
1657 1726 1689 1780 ad
1704 1742 1767 1783 eum

124 1810 292 1879 proplietam,
304 1823 359 1864 non
368 1808 455 1881 possit
465 1808 574 1882 operire
583 1810 654 1866 duos
663 1809 916 1884 (lsai.xxu1n,20).
976 1808 1081 1878 faciem,
1096 1809 1174 1878 cujus
1194 1808 1278 1865 liuore
1302 1817 1411 1866 sanatus
1435 1817 1486 1877 est,
1503 1811 1650 1882 gloriosam
1665 1828 1767 1880 reprae-

124 1894 229 1951 iustitia
243 1905 299 1963 tua,
312 1896 421 1967 iustitia
435 1897 463 1954 in
477 1905 611 1954 ebenum
625 1900 715 1971 (Psoi.
733 1913 830 1966 axtnr,
845 1899 917 1970 liii).
940 1861 961 1938 fl
976 1905 1082 1952 sectare
1097 1895 1297 1951 similitudinem
1318 1897 1413 1953 mortis
1427 1897 1498 1968 ejus,
1514 1899 1608 1970 utique
1622 1902 1649 1956 iu
1666 1900 1768 1970 pallore

128 1983 198 2052 Quid
209 1986 319 2058 longius
333 1984 501 2041 eternitate?
512 1987 547 2041 Et
562 1993 587 2040 te
602 1987 704 2054 pariter
717 1995 744 2043 ei
759 2001 801 2042 me
812 1988 919 2060 operiet
974 1985 1042 2040 euri.
1058 1983 1128 2054 Quid
1151 1990 1275 2040 vereatur
1298 1984 1342 2040 cui
1364 1985 1444 2040 etiam
1470 2003 1486 2041 a
1512 1987 1629 2044 Domino
1644 1987 1742 2044 dieitur
1758 2006 1765 2043 :

125 2073 232 2144 largiter
244 2072 321 2147 larga
342 2079 371 2128 et
398 2080 499 2128 aeterna
511 2071 634 2142 iustitia.
650 2073 682 2128 Et
696 2074 725 2128 in
739 2090 783 2130 me
807 2074 917 2145 quidem
970 2073 1092 2132 Ostende
1106 2073 1178 2129 milti
1190 2074 1295 2144 [cenni
1316 2078 1396 2130 tuam
1408 2074 1422 2126 ?
1435 2073 1480 2130 id
1493 2073 1558 2145 quid
1572 2075 1586 2129 i
1601 2075 1634 2129 Ut
1649 2075 1715 2130 milti
1728 2077 1767 2130 ui·

125 2161 208 2232 operit
234 2160 431 2218 multitudinem
452 2161 916 2234 peceaumm;inteautem,1io-
970 2161 1058 2227 detur,
1074 2178 1104 2217 se
1119 2161 1203 2235 magis
1213 2161 1358 2218 ostendere
1372 2161 1439 2220 vult.
1456 2163 1497 2218 lia
1511 2172 1553 2218 est
1568 2179 1575 2216 τ
1591 2162 1679 2219 videri
1696 2165 1767 2232 vult,
1853 2186 1858 2195 ·

119 2249 199 2316 mine,
210 2249 275 2320 quid
290 2249 341 2304 nisi
357 2247 463 2320 pietatis
476 2249 631 2315 thesaurus,
643 2249 751 2306 divitias
767 2250 916 2309 bonitatis?
969 2265 1022 2308 uou
1037 2250 1140 2307 uidere.
1164 2248 1236 2319 Quid
1259 2250 1334 2307 euim
1360 2251 1405 2307 ille
1418 2266 1472 2308 noo
1488 2251 1583 2307 videti
1600 2251 1661 2306 Non
1686 2259 1727 2308 est
1741 2252 1766 2308 ei

119 2339 163 2394 lle
178 2338 204 2394 iu
220 2337 396 2394 foraminibus
410 2350 495 2408 petrae
510 2339 636 2409 repositae
659 2337 735 2394 milti.
752 2337 838 2407 Quam
854 2356 913 2397 ma·
968 2353 1039 2410 opus
1054 2347 1083 2392 ut
1102 2339 1161 2412 quis
1176 2339 1347 2404 seosteodat,
1363 2355 1380 2394 a
1395 2353 1451 2411 quo
1466 2338 1502 2394 nil
1515 2353 1568 2396 nou
1584 2338 1699 2407 ridetur,
1717 2355 1766 2397 uec

118 2443 169 2499 goa
186 2427 329 2484 multitudo
343 2426 495 2484 dulcedinis
505 2435 557 2482 tooe
568 2426 668 2492 inillis,
678 2433 781 2499 opertae
791 2428 914 2501 quidem,
968 2429 991 2484 si
1005 2445 1034 2484 se
1049 2429 1205 2485 abscondat.
1221 2426 1286 2484 Vult
1299 2443 1365 2500 ergo
1381 2427 1475 2496 uideri,
1489 2428 1545 2483 vult
1561 2427 1696 2500 benignus
1709 2427 1765 2483 dux

118 2518 165 2571 sod
180 2517 206 2570 in
220 2515 263 2569 his
277 2515 321 2586 qui
336 2521 449 2587 pereunt
465 2513 471 2566 i
485 2514 585 2586 thuid
609 2514 681 2570 enim
696 2523 816 2573 sanetum
835 2515 914 2572 detur
966 2516 1056 2573 devoti
1073 2516 1163 2572 militis
1180 2517 1284 2573 vultum
1298 2525 1326 2572 et
1347 2516 1442 2571 oculos
1462 2516 1489 2570 in
1514 2530 1563 2572 sua
1585 2516 1690 2570 sustolli
1706 2517 1765 2574 vul-

116 2603 248 2670 canibus,
263 2603 305 2660 vel
329 2603 482 2676 margarite
502 2602 612 2674 pernisi
626 2603 711 2659 Nobis
727 2613 817 2662 autem
832 2621 914 2662 reve⁴
968 2621 1041 2672 uera,
1052 2615 1081 2662 ut
1094 2605 1166 2662 illius
1179 2621 1216 2661 ex
1229 2605 1280 2660 hoc
1294 2604 1414 2660 animum
1428 2605 1523 2676 erigat,
1540 2613 1567 2662 ot
1580 2605 1706 2676 exemplo
1720 2605 1763 2660 sui

119 2695 181 2749 iuuit
195 2693 270 2748 Deos
279 2707 326 2765 per
340 2691 471 2764 Spiritum
485 2706 574 2760 suum,
591 2693 671 2748 etiem
686 2703 712 2748 et
726 2694 825 2765 apertis
839 2695 914 2751 lora·
966 2695 1061 2750 reddat
1075 2693 1107 2747 ad
1124 2693 1292 2750 tolerandum
1306 2693 1456 2751 fortiorem.

117 2781 234 2838 minibus
248 2780 397 2838 introduxit
410 2780 438 2836 in
462 2788 565 2838 saneta.
584 2779 690 2850 Quanta
704 2783 731 2838 in
750 2782 793 2838 his
819 2784 913 2840 multi·
1002 2787 1028 2837 8.
1049 2782 1193 2838 Enimvero
1208 2797 1262 2838 uon
1285 2783 1380 2838 sentiet
1399 2799 1457 2847 sua,
1473 2785 1536 2838 dum
1559 2782 1634 2839 illius
1653 2782 1762 2842 uulnera

115 2869 350 2938 iudoduleediuis,
375 2867 515 2942 plenitudo'
538 2873 641 2946 gratiae,
653 2871 837 2946 perfectioque
856 2874 913 2928 vir·
966 2871 1123 2927 intuebitur.
1149 2871 1207 2925 Stat
1229 2878 1330 2942 martyr
1359 2870 1511 2940 tripudians
1534 2879 1560 2927 et
1580 2871 1761 2942 triumphans,

116 2957 217 3016 tutuml
966 2964 1022 3016 toto
1045 2958 1107 3015 licet
1128 2958 1215 3014 lacero
1235 2971 1367 3028 eorpore3
1383 2964 1411 3013 et
1437 2958 1551 3014 umente
1574 2959 1657 3014 latera
1672 2959 1754 3026 ierro,

149 3052 177 3104 6.
198 3049 247 3104 lbo
266 3048 332 3104 mihi
345 3049 379 3104 ad
402 3047 448 3104 illa
466 3047 505 3106 sie
520 3048 618 3105 relenta
639 3049 855 3124 cellariumque
874 3052 908 3107 ad
965 3061 1019 3102 non
1038 3046 1118 3101 modo
1133 3045 1250 3111 sortiter,
1272 3045 1320 3101 tid
1336 3054 1363 3101 el
1385 3045 1512 3103 ilicdler
1525 3061 1633 3102 sacrum
1648 3061 1663 3100 e
1679 3060 1760 3101 cirne

114 3135 324 3193 admonitionem
339 3139 479 3208 prophelae
488 3136 641 3210 relinquam
652 3138 782 3207 civitates,
794 3147 821 3196 et
832 3141 910 3198 habi·
926 3133 948 3211 G
964 3150 1013 3190 ⁵11³
1034 3133 1215 3205 circumspicit
1241 3133 1350 3191 ebullire
1373 3149 1507 3191 eruorem·
1533 3133 1583 3192 Ubi
1599 3147 1666 3205 eissO
1694 3141 1760 3189 iulio

116 3226 178 3282 isbo
194 3226 221 3281 iu
231 3233 306 3298 petra
319 3225 433 3298 (Jerem.
444 3240 546 3294 numia,
559 3227 615 3299 28).
631 3228 685 3284 liro
699 3228 776 3299 quani
786 3228 910 3286 columba
964 3223 1052 3278 anima
1070 3223 1221 3295 martyris?
1244 3224 1348 3294 Nempe
1366 3222 1394 3277 iu
1410 3230 1477 3290 tuto,
1501 3238 1599 3292 nempe
1626 3222 1651 3276 in
1672 3229 1758 3293 petra,

116 3312 254 3370 uidilieans
271 3312 299 3368 iu
315 3328 423 3371 summo
439 3329 486 3371 ore
505 3313 655 3380 ioremiuie
681 3323 710 3371 ui
733 3333 795 3373 cuin
815 3319 909 3390 Noyse
963 3327 1061 3382 nempe
1078 3311 1106 3366 ln
1120 3311 1271 3366 visceribus
1284 3312 1359 3377 lesu,
1385 3310 1542 3367 uulneribus
1556 3311 1684 3366 nimirum
1707 3327 1756 3381 pa·

116 3405 218 3475 positus
227 3402 254 3456 in
265 3401 396 3460 foramine
407 3411 500 3473 petrae,
509 3403 794 3472 transeunteDemino,
803 3421 909 3461 merear
963 3401 1082 3458 tentibus
1098 3401 1130 3455 ad
1141 3399 1344 3455 introeundum.
1357 3399 1385 3454 Si
1400 3399 1427 3452 in
1443 3399 1499 3454 suis
1511 3409 1584 3456 esset
1597 3400 1756 3465 visceribus,

113 3492 207 3547 saltem
224 3492 372 3562 posteriora
404 3492 466 3560 ejus
493 3491 651 3562 prospicere
676 3493 777 3560 (lieed.
801 3509 906 3563 unuin,
963 3497 1087 3545 scrutans
1103 3503 1136 3543 ea
1159 3487 1260 3543 ferrum
1279 3486 1398 3557 prolecto
1421 3487 1551 3559 sentiret3
1567 3488 1689 3544 dolorem
1703 3502 1755 3543 nou

114 3583 158 3644 ii,
174 3582 232 3649 is).
247 3581 313 3633 Nam
342 3577 439 3634 ieciem
460 3577 565 3648 stantis,
583 3578 607 3632 id
624 3578 907 3638 estincbmmutabilis
962 3577 1055 3643 ferret,
1085 3577 1283 3644 succumberet,
1308 3583 1336 3631 et
1358 3585 1478 3648 negaret.
1505 3578 1582 3632 Nunc
1613 3587 1704 3634 autem
1729 3577 1756 3633 in

110 3668 270 3735 claritatem,
297 3666 343 3738 qui
363 3665 462 3732 videat,
482 3665 534 3722 nisi
555 3666 601 3737 qui
629 3666 761 3724 introduci
773 3671 830 3741 jam
844 3687 905 3726 me·
961 3674 1038 3738 petra
1057 3667 1193 3731 habitans,
1210 3666 1273 3735 ‹puirl
1289 3666 1384 3720 mirum
1400 3666 1422 3721 si
1436 3666 1464 3721 iu
1481 3667 1590 3722 modum
1606 3675 1690 3739 petrae
1702 3669 1755 3723 du-
1784 3713 1797 3736 ,

110 3756 173 3822 ruit,
191 3772 246 3812 uon
259 3756 288 3811 in
302 3765 407 3824 sancia,
432 3757 481 3810 sed
507 3771 524 3810 n
540 3765 823 3817 sanctasanctorum?
849 3761 906 3816 Nee
961 3754 1069 3811 ruerit?
1084 3755 1135 3809 Sed
1155 3769 1243 3824 neque
1261 3754 1313 3810 hoc
1336 3753 1442 3821 mirum,
1468 3754 1491 3809 si
1505 3756 1582 3812 exsul
1602 3772 1617 3810 a
1640 3771 1755 3826 corpere

106 3845 170 3902 vilis
184 3853 274 3900 nmen
296 3854 342 3900 ant
360 3843 553 3899 contemnenda
581 3846 758 3916 posteriorum
786 3855 904 3903 eonem·
959 3844 1067 3899 dolores
1078 3857 1133 3898 non
1147 3841 1243 3896 sentiat
1257 3844 1389 3912 corporis.
1406 3844 1501 3915 Neque
1516 3843 1567 3900 hoc
1578 3843 1639 3901 iacit
1648 3855 1752 3916 stupor,

105 3935 199 4006 platin.
225 3933 385 3990 &nument
413 3933 551 4002 Herodes3
571 3948 624 4005 ego
651 3943 724 3990 tanto
739 3937 824 4010 magis
849 3952 903 3993 nen
957 3934 1003 3990 sed
1022 3947 1107 3989 amor.
1124 3931 1295 3987 Submittitur
1317 3931 1387 3986 enim
1411 3947 1517 3998 sensns,
1538 3946 1592 3988 nou
1611 3933 1752 3990 emittitur.

106 4031 261 4090 contemno,
275 4023 478 4097 quantomagis
492 4025 723 4094 contemptibilem
739 4041 769 4082 se
786 4029 904 4084 ostendit
957 4023 1015 4078 Nec
1030 4025 1106 4076 deest
1125 4021 1213 4090 dolor,
1238 4021 1286 4075 sed
1313 4025 1464 4090 superatur,
1494 4021 1543 4076 sed
1558 4022 1753 4088 contemnitur,

107 4111 217 4168 Herodi.
233 4111 336 4166 Habent
350 4113 431 4168 etiam
459 4109 563 4182 aliquid
578 4125 605 4166 et
625 4113 773 4184 posteriora
796 4117 901 4172 Domini
957 4112 1030 4178 liupo
1045 4126 1079 4164 ex
1092 4116 1168 4182 petra
1182 4108 1308 4181 martyris
1323 4107 1462 4175 fortitudo,
1481 4109 1544 4164 inde
1559 4109 1638 4180 plane
1653 4116 1751 4180 putens

104 4200 180 4272 quod
208 4200 301 4256 videre
323 4201 447 4257 delectet.
476 4197 544 4268 Quis
571 4203 621 4257 scit
643 4203 852 4258 siconvertutur
874 4212 901 4259 et
955 4199 988 4254 ad
1003 4199 1147 4255 bibendum
1162 4196 1272 4253 calicem
1287 4197 1406 4254 Domini.
1422 4197 1456 4252 Et
1468 4197 1539 4253 calix
1554 4197 1597 4253 bic
1611 4196 1751 4252 inebrians

106 4291 233 4362 ignoscat
246 4289 331 4354 Deus,
345 4295 372 4344 et
387 4288 521 4360 relinquat
536 4297 596 4360 post
617 4305 647 4346 se
661 4290 901 4347 benedictionem?
956 4302 1038 4359 quern
1053 4287 1197 4357 praeclarus
1210 4283 1268 4340 estl
1285 4285 1371 4353 (Paul.
1387 4300 1461 4354 xxti,
1479 4285 1519 4356 5.)
1536 4285 1691 4352 Praeclarus,
1708 4285 1751 4340 in·

104 4378 164 4435 Erit
179 4393 242 4434 cum
270 4378 395 4434 ostendet
417 4375 510 4432 iaciem
538 4393 627 4444 stram,
647 4388 674 4433 et
698 4379 766 4434 salvi
785 4380 899 4436 erimus.
957 4391 1048 4445 quam,
1069 4381 1150 4446 alque
1168 4372 1307 4446 jucundus
1331 4388 1385 4428 non
1401 4374 1492 4428 minus
1517 4375 1673 4444 impetatori
1688 4389 1752 4446 spe·

106 4467 163 4523 Sed
180 4466 287 4522 iuterim
303 4465 449 4534 praeveuiat
463 4465 549 4521 cosin
560 4467 795 4524 benedictionibus
809 4469 903 4526 dulee-
920 4463 1049 4557 ocnuti,
1071 4478 1150 4533 quem
1170 4461 1246 4516 militi
1270 4462 1454 4531 triumphanti.
1485 4462 1621 4518 Gaudium
1650 4462 1750 4517 etenim

104 4555 190 4622 dinis,
206 4555 259 4609 iliis
273 4553 368 4626 utique
381 4568 448 4626 quas
463 4563 525 4626 post
539 4571 567 4610 se
586 4555 737 4627 relinquere
750 4559 902 4616 cousuevit.
956 4551 1077 4618 Domini,
1098 4549 1224 4606 fortitudo
1238 4557 1335 4606 nestra
1348 4550 1390 4620 (II
1401 4550 1482 4606 Eidr·
1498 4550 1633 4622 initii)-
1649 4548 1750 4620 Quidni

104 4645 187 4700 Nunc
215 4642 380 4716 dignationis
401 4657 458 4697 sun
479 4643 627 4712 posteriora
643 4644 819 4714 demonstret,
836 4646 903 4702 alias
956 4641 1073 4714 geurien
1087 4640 1121 4696 an
1134 4653 1228 4696 vocem
1245 4637 1396 4695 fortissime
1410 4639 1612 4695 consessionis?
1627 4641 1751 4712 Denique

102 4733 132 4788 in
168 4731 255 4807 gloria
280 4730 420 4804 diguitatis
436 4729 530 4788 faciem
558 4747 633 4787 suam
659 4731 900 4791 demonstraturus.
956 4737 983 4784 et
997 4727 1108 4799 requirit
1119 4743 1178 4784 eam
1193 4743 1254 4784 cum
1268 4725 1405 4784 desiderio
1422 4744 1429 4782 ε
1446 4729 1539 4798 sonet,
1551 4727 1685 4798 iuquiens,
1697 4747 1751 4787 con

101 4820 233 4878 Sublimis
247 4819 275 4873 in
298 4833 394 4892 regne,
413 4819 461 4874 sed
476 4819 569 4876 suavis
584 4821 611 4875 in
633 4837 722 4877 eruce.
749 4823 779 4877 lu
792 4823 845 4880 hac
858 4840 901 4880 nne

101 4909 209 4969 visione
225 4907 383 4980 praeveniat,
393 4907 419 4961 in
435 4907 481 4963 illa
494 4908 648 4980 adimpleat.
666 4909 836 4984 Adimplebt'a
846 4928 900 4981 me,

100 4997 151 5060 ait,
177 4997 282 5054 laetitia
296 5012 361 5052 cuna
377 4996 461 5053 nolin
477 5000 525 5054 tuo
540 4999 628 5066 (Psoi.
645 5010 693 5064 xv,
711 4998 765 5070 lli.
781 5001 901 5073 Utraque

102 5086 177 5143 visio
192 5084 328 5150 salutaris,
343 5093 456 5155 utraque
477 5087 584 5158 suauis,
610 5087 659 5142 sed
674 5087 717 5142 illa
733 5088 759 5143 in
774 5089 900 5145 sublimi·

100 5181 169 5239 tate,
185 5171 236 5229 isia
260 5172 287 5227 in
316 5171 486 5239 bumilitate;
502 5171 548 5227 illa
571 5175 598 5230 in
622 5174 777 5247 splendore,
797 5179 854 5234 baec
872 5175 900 5232 iu

99 5261 206 5334 pallore
219 5269 271 5318 est.

141 5349 255 5410 14⁷7
270 5355 298 5409 i.
314 5353 433 5426 meique
444 5353 539 5428 inquit,
550 5356 583 5410 nt
594 5353 749 5427 posteriora
757 5355 832 5412 dorsi
839 5357 900 5428 ejtts

97 5457 135 5496 tn
149 5443 262 5513 pallore
276 5443 343 5499 cnm
361 5444 449 5514 (Perti.
465 5458 550 5508 exult,
577 5442 632 5513 ti).
647 5441 790 5512 Quomodo
804 5457 856 5500 nou
872 5444 899 5498 in

98 5535 195 5585 morie
222 5530 352 5602 pallescet
371 5532 385 5588 ‘t
406 5533 460 5587 Sed
484 5531 581 5589 melius
598 5532 697 5602 ,aium
710 5549 805 5589 eurum
818 5549 899 5606 quam

98 5617 518 5693 iulgeneauricbalcum‚eiquod
530 5622 637 5678 stultum
646 5621 899 5693 estDeisapientiue

96 5713 143 5764 est
160 5706 326 5765 hominibus.
351 5709 458 5766 Aurum
481 5711 606 5779 Verbum,
637 5727 732 5766 aurum
762 5712 899 5782 Sapientia

957 4823 1007 4874 ine
1025 4820 1057 4874 in
1070 4816 1187 4874 cumina
1200 4818 1280 4874 meis.
1296 4819 1349 4872 Nee
1363 4816 1532 4873 cunctabitur
1546 4819 1697 4887 rependero
1710 4819 1750 4872 ui·

954 4921 1012 4964 cem
1029 4905 1177 4962 secundum
1191 4920 1265 4960 suam
1282 4903 1489 4975 promissionem
1505 4925 1512 4964 t
1533 4905 1660 4963 continuo
1676 4916 1704 4963 ut
1720 4925 1750 4963 se

955 4994 1095 5051 confessus
1124 4994 1205 5050 luerit
1228 5009 1319 5052 coram
1340 4995 1504 5063 homiuibus,
1531 4997 1702 5053 confitebitur
1724 5007 1750 5054 et

955 5083 1014 5154 ipse
1029 5099 1091 5140 eum
1106 5099 1195 5141 coram
1212 5085 1290 5138 Puutre
1313 5101 1361 5141 sno
1376 5084 1489 5158 (datii.
1506 5101 1536 5152 x,
1553 5085 1609 5158 ³2).
1626 5087 1749 5156 liumpa·

955 5189 1015 5227 mus
1037 5188 1202 5241 sermonem,
1218 5188 1268 5228 nec
1297 5174 1369 5228 enim
1393 5182 1483 5247 potest
1502 5172 1573 5230 liniri
1601 5175 1699 5242 modo;
1715 5189 1750 5230 ne

955 5265 989 5318 aii
1008 5261 1067 5319 siue
1082 5263 1172 5331 modu,
1186 5265 1208 5318 si
1224 5273 1319 5319 cuncta
1332 5280 1393 5335 quse
1405 5265 1494 5321 adbuc
1509 5280 1542 5321 ex
1556 5263 1695 5335 proposito
1708 5279 1751 5319 ca·

954 5351 1041 5425 pitulo
1056 5359 1158 5408 restant
1173 5367 1227 5408 uno
1247 5352 1297 5409 isto
1319 5352 1435 5409 velimus
1455 5367 1582 5408 sennoue
1597 5350 1748 5423 complecti.

955 5441 1029 5515 Ergo
1049 5440 1120 5512 qnod
1132 5447 1254 5511 superest
1267 5457 1405 5496 seruemus
1419 5439 1552 5513 principio
1567 5438 1654 5505 alteri,
1672 5447 1701 5494 ut
1715 5442 1749 5495 de

955 5541 1047 5586 nostro
1062 5547 1126 5586 sane
1141 5537 1167 5588 et
1179 5533 1261 5588 verbe
1277 5540 1303 5586 ei
1313 5532 1392 5587 modo
1408 5532 1647 5601 paudeatsponsus
1658 5529 1751 5585 Eccle-

955 5617 1002 5674 siae
1018 5619 1095 5675 lesus
1122 5619 1243 5676 Christus
1267 5620 1399 5676 Dominus
1417 5627 1517 5688 nester,
1537 5619 1582 5692 qui
1608 5627 1650 5676 est
1669 5634 1751 5690 suuper

954 5709 1044 5766 culnia
1058 5709 1131 5766 Deus
1145 5708 1302 5765 benedictus
1321 5709 1347 5766 iu
1362 5709 1469 5770 saeculi.
1485 5711 1582 5767 Amen.
