4118 6346
321 383 374 437 335

784 368 812 424 S,
830 361 1005 423 BEllNhllDl
1016 357 1161 419 mutuus
1175 359 1507 423 GLARAE-VALLENSlS

1923 376 1971 428 335

321 515 438 580 namque
453 503 494 555 est
512 451 653 571 peccatum
674 491 829 558 maximum,
850 489 922 562 quod
945 487 995 544 bei
1019 485 1118 558 populo
1132 498 1156 578 fl
1171 485 1241 544 levia
1261 485 1338 548 lacile
1353 503 1446 544 secum
1469 489 1551 545 trahit
1565 497 1671 546 torrens
1686 489 1836 549 inundans:
1855 495 1972 552 verbum

321 590 409 662 magis
425 588 545 654 insultat,
563 592 591 640 et
608 583 723 655 insurgit
738 581 891 655 specialiter
910 579 1041 636 adversus
1061 593 1117 647 eos,

320 680 367 752 qui
380 686 479 735 caetera
492 676 548 746 jam
567 672 711 730 videantur
730 671 825 727 vicisse
841 679 963 741 peccata.
983 667 1053 722 llinc
1076 673 1117 723 est

319 770 391 841 quod
419 769 548 836 provocat
577 762 610 816 ad
639 759 777 834 singulare
806 767 957 822 certamen,
987 764 1115 828 tanquam

320 854 425 912 caeteris
441 854 500 923 jam
513 848 641 905 subactis.
663 849 731 902 Nam
746 855 773 904 et
798 847 925 902 Philistaei
944 847 989 900 illo
1004 845 1032 900 in
1043 853 1114 899 tom-

318 960 386 1019 pore
406 943 538 999 timebant
561 938 670 995 omnino
694 939 824 995 adversus
844 937 927 993 lsrael
940 935 1009 991 inire
1026 932 1115 991 coulli-

317 1041 400 1105 ctum‚
425 1031 476 1086 nisi
500 1027 573 1102 quod
601 1026 635 1082 dc
661 1025 750 1098 Golia,
777 1025 897 1082 enormis
920 1021 1114 1096 magnitudinis

318 1123 385 1190 viro,
417 1135 511 1177 eorum
543 1115 641 1171 fiducia
673 1123 729 1172 tota
757 1114 903 1188 pendebat.
933 1112 1010 1168 Unde
1039 1111 1112 1167 enim

317 1209 452 1280 eiusmodi
470 1209 588 1264 animam
612 1204 740 1276 superbia
761 1209 857 1270 tentet,
877 1216 959 1275 quam
974 1199 1026 1256 sihi
1038 1193 1111 1255 'sub-

316 1297 421 1370 jugavit
461 1296 575 1358 invidia,
617 1310 665 1350 suu
708 1291 834 1362 tepiditas
867 1306 915 1357 ea,
944 1305 1005 1360 quae
1042 1287 1112 1343 solet

317 1389 374 1442 Deo
397 1386 524 1445 vomitum
548 1398 695 1456 provocare
718 1381 811 1453 (lpus.
840 1394 881 1446 ur,
910 1379 969 1450 l6);
1003 1385 1048 1432 aut
1066 1377 1111 1448 pi-

314 1474 403 1546 gritia,
429 1491 490 1546 quaa
514 1474 577 1530 iacit
599 1480 629 1529 ot
652 1473 733 1527 boum
758 1469 925 1525 stercoribus
951 1466 1110 1538 lapidetur?

315 1565 413 1634 (liceli.
434 1578 509 1631 xxrr,
528 1562 569 1634 2.)
592 1559 682 1630 Unde,
706 1559 828 1629 inquam,
845 1557 871 1612 ei
884 1555 1022 1627 superbia,
1038 1555 1110 1609 unde

315 1652 471 1708 extollentia
498 1653 649 1716 oculorum,
678 1648 721 1704 cui
747 1647 817 1702 adeo
844 1653 943 1702 caetera
972 1644 1035 1701 vitia
1059 1643 1110 1699 do-

313 1741 460 1808 minantur,
489 1748 520 1796 ut
546 1737 688 1810 diiudicari
714 1751 743 1792 se
766 1735 799 1791 ab
823 1733 957 1790 universis
981 1741 1108 1805 tanquam

1171 582 1261 632 autem
1282 574 1405 652 Domini,
1421 576 1500 633 nullis
1528 577 1654 635 fluctibus
1680 581 1791 646 cedens,
1822 585 1971 638 manatio

1170 671 1302 720 aeternum
1316 667 1382 734 (iso.
1394 681 1442 732 xc,
1454 669 1480 732 6,
1496 666 1535 738 8).

1205 755 1231 807 l.
1247 754 1369 822 Arbitror
1392 754 1518 826 proinde,
1543 771 1597 811 nou
1612 755 1761 828 incongrue
1783 759 1913 830 quinque
1933 761 1969 816 la·

1168 840 1276 913 pidihus
1304 841 1373 905 istis,
1397 842 1648 915 quinquepartitum
1685 846 1800 902 verbum
1836 847 1966 919 intelligi,

1167 929 1392 996 comminationis,
1408 930 1604 1003 promissionis,
1625 933 1787 1002 dilectionis,
1808 935 1968 994 imitationis

1167 1025 1194 1073 et
1212 1019 1351 1076 orationis.
1372 1019 1473 1076 Horum
1492 1019 1613 1092 quinque
1632 1023 1779 1080 verborum
1795 1025 1855 1081 late
1873 1033 1967 1096 palem

1165 1105 1243 1178 copia
1271 1107 1299 1162 in
1319 1107 1469 1164 divinarum
1498 1109 1635 1180 reperitur
1649 1109 1720 1167 serie
1748 1111 1965 1184 scripturarum.

1165 1193 1200 1249 Et
1214 1194 1285 1252 sorte
1308 1195 1367 1268 ipsa
1381 1204 1444 1252 sunt
1457 1196 1577 1268 quinque
1592 1199 1685 1263 verba,
1706 1214 1825 1271 quorum
1841 1203 1966 1256 meminit

1164 1283 1271 1352 Paulus,
1287 1284 1391 1341 maleus
1410 1285 1529 1358 quinque
1543 1287 1625 1343 verba
1641 1287 1713 1358 loqui
1730 1288 1758 1343 in
1774 1305 1880 1358 sensu,
1890 1307 1965 1361 quam
2008 1300 2009 1318 ¹

1164 1373 1259 1428 decem
1274 1372 1392 1428 milliaiu
1413 1373 1505 1444 lingua
1523 1374 1548 1446 (l
1571 1377 1633 1434 Cor.
1660 1390 1719 1439 xvv,
1743 1377 1800 1450 le).
1832 1381 1967 1437 Proeten'l

1165 1463 1241 1517 euim
1250 1462 1343 1533 figura
1366 1463 1450 1534 hujus
1464 1462 1567 1519 mundi
1583 1465 1609 1533 (l
1620 1465 1682 1521 Gor.
1697 1480 1746 1533 vn,
1761 1466 1829 1538 31);
1846 1475 1878 1522 et
1900 1467 1967 1538 juxta
2008 1465 2009 1528 3

1163 1548 1235 1604 aliud
1250 1549 1446 1606 testimouium:
1462 1554 1497 1608 nt
1511 1552 1638 1610 mundus
1653 1555 1769 1620 transit,
1785 1560 1816 1610 et
1832 1560 1966 1629 concupi
2008 1535 2009 1584 i

1164 1639 1274 1695 scentia
1284 1640 1345 1709 ejice
1358 1640 1469 1707 (licon.
1480 1653 1510 1710 u,
1528 1641 1582 1712 ll).
1594 1640 1756 1698 llaecautem
1772 1644 1861 1700 verba
1882 1652 1965 1700 trans-

1163 1738 1245 1783 eunte
1258 1728 1358 1785 mundo
1377 1745 1434 1784 non
1450 1730 1531 1786 modo
1545 1738 1666 1800 manent,
1691 1747 1787 1790 verum
1813 1734 1905 1790 etiarn
1934 1735 1965 1789 le

314 1821 384 1885 male
405 1827 457 1885 sibi
481 1827 605 1884 conscius
630 1825 796 1880 arbitretur?
820 1823 888 1892 Quis
906 1822 1025 1893 denique
1057 1820 1109 1876 nisi
1125 1797 1147 1874 Β
1163 1813 1289 1885 rigantur
1323 1817 1420 1890 magis,
1449 1817 1514 1872 dum
1548 1821 1804 1889 pertranseuntibus
1843 1822 1966 1894 pluribus

313 1935 396 1972 manu
421 1916 508 1986 fortis,
534 1915 580 1987 qui
604 1920 702 1970 caetera
726 1915 784 1983 jam
808 1911 860 1967 sibi
884 1910 989 1982 potenti
1010 1909 1109 1966 virtute

312 2005 377 2061 vitia
401 2003 565 2078 subjugavit,
593 2001 724 2058 adversus
749 1999 945 2072 nequissimum
973 1998 1109 2070 superbiae

321 2093 410 2150 litium
438 2091 613 2147 dimicaturus
644 2091 775 2146 accedat?
808 2087 951 2158 l'rocedat,
985 2086 1107 2159 inquam,

312 2182 399 2239 David
435 2196 518 2236 manu
554 2179 641 2250 fortis,
678 2179 807 2252 quoniam
841 2193 894 2233 nou
924 2186 967 2233 est
997 2177 1106 2234 vincere

313 2277 415 2326 tantum
444 2270 560 2334 hostem,
599 2267 651 2322 nisi
686 2266 714 2321 in
751 2280 833 2321 manu
874 2265 945 2321 lorti.
978 2268 1107 2321 Armatur

309 2357 367 2430 ipse
404 2365 498 2414 contra
531 2354 646 2422 Goliam,
682 2353 727 2426 qui
766 2360 794 2410 et
830 2368 922 2409 ursum
951 2353 1046 2410 vicerit
1079 2360 1107 2409 et

306 2446 424 2503 leonem.

342 2539 368 2592 3,
397 2534 494 2593 Videat
516 2547 593 2598 sane,
611 2540 702 2587 utrum
728 2531 818 2586 Saulis
847 2530 873 2585 ei
901 2546 975 2586 arma
1002 2530 1108 2602 possint

308 2624 449 2696 prodesse,
468 2628 560 2678 utrum
579 2619 702 2677 saeculari
725 2619 860 2691 sapientia
875 2626 902 2674 et
914 2619 1108 2690 philosophicis

306 2711 508 2775 traditionibus,
524 2707 609 2766 937
626 2725 675 2764 seu
691 2707 771 2764 etiam
787 2706 940 2764 divinarum
963 2707 1107 2780 superficie

308 2792 518 2862 scripturarum,
542 2806 625 2863 qaam
649 2789 777 2846 nimirum
797 2789 970 2846 occidentem
988 2790 1106 2847 litteram

307 2880 560 2950 vocat.hpostolus
582 2878 620 2950 (ll
646 2881 707 2936 Cor.
734 2894 775 2946 ιιι,
796 2879 845 2949 bl:
862 2879 961 2948 videat,
982 2879 1102 2951 inquam,

307 2977 401 3025 utrum
428 2967 471 3021 his
493 2965 576 3020 armis
599 2964 738 3022 debellare
758 2969 927 3040 superbiam,
946 2976 1037 3023 utrum
1055 2969 1105 3024 hac

306 3057 351 3115 via
381 3053 559 3113 humilitatem
586 3055 795 3126 apprehendere
825 3057 921 3127 possit,
945 3065 975 3114 ut
997 3059 1106 3115 onerari

1163 1903 1301 1975 multiplex
1313 1912 1365 1962 >est
1388 1905 1509 1962 scientia.
1524 1907 1582 1962 Jam
1597 1924 1663 1965 vero
1677 1909 1809 1966 collectos
1830 1911 1906 1967 istos
1932 1915 1965 1967 la-

1162 1991 1240 2062 pides
1253 2001 1348 2049 contra
1361 1993 1496 2066 superbiae
1517 1995 1642 2066 spiritum
1666 1997 1847 2054 dimicaturus
1882 2000 1964 2055 David

1161 2081 1190 2135 in
1207 2097 1272 2137 vase
1287 2081 1425 2138 memoriae
1439 2098 1495 2138 suae
1511 2093 1634 2156 reponat,
1660 2085 1843 2142 considerans
1859 2097 1963 2160 quanta

1161 2169 1240 2225 nobis
1253 2169 1431 2226 comminetur
1444 2172 1527 2240 Deus,
1544 2180 1645 2244 quauta
1660 2173 1808 2245 promittat,
1827 2184 1960 2248 quantam

1161 2257 1239 2314 nobis
1265 2259 1392 2315 exhibeat
1417 2259 1584 2327 charitatem,
1604 2268 1632 2317 et
1655 2279 1737 2336 quarn
1767 2265 1857 2320 multa
1887 2268 1963 2324 nobis

1160 2346 1310 2404 sanctitatis
1333 2347 1457 2418 exempla
1480 2357 1622 2419 proponat,
1646 2352 1883 2422 quemadmodum
1919 2354 1962 2410 de
2008 2403 2009 2410 ,

1160 2436 1244 2507 nique
1269 2435 1421 2492 orationum
1437 2435 1516 2493 uobis
1537 2437 1639 2510 ubique
1661 2440 1839 2498 commendet
1861 2441 1962 2498 instare
2008 2425 2009 2478 i

1162 2523 1235 2582 tiam.
1252 2524 1453 2596 Hos,inquam,
1468 2524 1573 2596 lapides
1600 2542 1693 2585 secum
1719 2527 1806 2600 tollat,
1837 2531 1962 2604 quisquis
2008 2593 2009 2608 ζ

1161 2614 1296 2686 superhiae
1327 2613 1420 2671 vitium
1456 2613 1593 2672 debellare
1622 2615 1746 2673 festinat:
1783 2625 1814 2673 ut
1856 2620 1961 2692 quotics
2008 2609 2009 2612 ¹

1160 2711 1324 2760 venenatum
1351 2704 1433 2758 audet
1457 2701 1565 2776 erigere
1593 2713 1682 2776 caput,
1710 2705 1827 2778 quilibet
1857 2723 1894 2763 ex
1924 2709 1961 2762 his

1160 2790 1294 2864 lapidibus
1319 2789 1412 2846 manui
1442 2791 1612 2862 cogitationis
1637 2795 1699 2863 ejus
1726 2794 1838 2864 primus
1868 2809 1960 2852 occur·

1160 2886 1211 2950 rat,
1239 2895 1384 2952 percussus
1405 2880 1434 2934 in
1456 2879 1546 2936 lronte
1570 2879 1662 2937 Golias
1691 2881 1851 2953 dejiciatur,
1879 2899 1958 2956 oper·

1159 2977 1203 3024 tus
1221 2968 1390 3026 contusione.
1408 2969 1439 3024 ln
1454 2983 1508 3040 quo
1521 2983 1587 3026 sane
1602 2970 1729 3027 ooullictu
1746 2971 1834 3027 lunda
1850 2988 1959 3046 quoqne

1120 3056 1316 3171 cnecessaria
1348 3063 1398 3120 est,
1436 3055 1647 3128 longanimitatis
1688 3057 1807 3116 formam
1844 3061 1959 3126 habens

307 3160 368 3202 sese
383 3143 469 3216 magis
484 3159 564 3217 quam
580 3143 703 3200 roborari
717 3143 849 3216 sentiens,
864 3144 1104 3216 hujusmodiarma
1158 3163 1240 3219 quam
1257 3145 1320 3203 huic
1344 3145 1461 3200 maxime
1484 3145 1625 3202 certamini
1645 3146 1718 3203 nulla
1737 3147 1847 3205 ratione
1863 3149 1960 3206 deese

306 3241 386 3306 atque
412 3231 607 3304 impedimenta
633 3229 767 3301 projiciat,
792 3233 899 3302 jactans
922 3235 1033 3291 omniuo
1057 3250 1104 3292 co·

304 3323 417 3395 gitatam
440 3337 518 3377 suum
541 3321 568 3374 in
592 3319 722 3390 Domiu03
749 3329 776 3377 ct
803 3321 838 3378 de
862 3324 974 3394 propria
997 3324 1105 3393 ponitus

304 3412 454 3483 desperans
468 3410 610 3479 industria,
633 3409 689 3466 sola
709 3409 764 3466 lide
778 3420 905 3480 annatus,
922 3429 977 3468 non
997 3420 1104 3484 reputet

305 3501 392 3558 Gotiae
425 3499 628 3571 proceritatem,
652 3514 687 3555 ne
720 3498 790 3556 forte
820 3501 1015 3573 magnitudinis
1045 3505 1104 3571 ejus

304 3589 377 3646 mole
402 3595 550 3660 prematur,
575 3587 623 3643 sed
648 3588 738 3659 potius
761 3589 857 3660 psallat
880 3591 987 3662 spiritu,
1009 3589 1104 3662 psallat

304 3684 333 3732 et
346 3683 452 3733 mente:
469 3676 614 3744 Dominus,
631 3675 771 3748 inquiens,
791 3678 922 3750 defensor
935 3680 1001 3736 vitoe
1021 3697 1103 3748 mee,-

305 3781 395 3838 cquo
415 3764 580 3837 trepidabo?
604 3765 691 3836 (Psoi.
708 3783 787 3834 xxvr,
812 3769 851 3838 l.)
875 3769 946 3821 Nam
968 3776 997 3823 et
1010 3769 1103 3825 Petrus

304 3854 368 3909 dum
391 3868 441 3909 uec
462 3860 603 3909 ventorum
623 3853 791 3921 violentiam,
816 3871 868 3910 nec
889 3857 971 3912 maris
985 3860 1102 3928 prolun-

305 3944 378 4009 dum,
406 3942 582 4015 corporisque
606 3943 717 4015 pondus
741 3943 939 4016 consideraret,
963 3945 991 4000 in
1018 3948 1103 4004 verbo

303 4031 412 4089 bomini
437 4033 543 4102 jactans
567 4031 757 4103 semetipsum,
770 4047 821 4086 nec
835 4033 926 4102 perire
941 4035 1038 4106 potuit,
1052 4053 1103 4094 nec

305 4119 410 4178 timere.
439 4120 473 4174 At
499 4120 545 4176 ubi
569 4120 637 4177 vidit
663 4126 775 4176 ventum
799 4121 916 4176 validum
934 4123 1099 4195 venientem,

307 4207 405 4274 timuit,
417 4207 530 4282 ipsoque
541 4209 637 4266 timore
648 4208 871 4285 protinusmergi
890 4213 972 4284 coepit
991 4215 1099 4283 (llottlv.

306 4312 365 4365 xvv,
401 4299 511 4368 28-30).
547 4297 638 4354 Simile
662 4297 765 4369 aliquid
789 4298 869 4355 etiam
896 4317 967 4358 nunc
993 4304 1100 4360 athletae

1159 3252 1271 3294 necesse
1286 3245 1337 3293 est.

1193 3329 1221 3384 5.
1234 3324 1348 3394 Quoties
1365 3339 1432 3398 ergo
1450 3323 1576 3380 vanitatis
1594 3324 1722 3396 cogitatio
1747 3333 1874 3384 mentem
1900 3329 1960 3400 pnl-

1158 3422 1211 3482 sat,
1229 3415 1252 3470 si
1266 3430 1300 3470 ex
1316 3413 1411 3470 intimo
1429 3411 1519 3471 cordis
1535 3411 1636 3469 ellectu
1651 3413 1756 3471 divinas
1769 3431 1960 3488 expavescere
2008 3445 2009 3448 ¹

1157 3503 1273 3573 coeperis
1306 3501 1539 3567 comminationes,
1570 3515 1619 3556 seu
1651 3501 1853 3572 promissiones
1900 3509 1959 3575 ejus
2008 3573 2009 3578 η

1158 3591 1327 3656 desiderare,
1350 3603 1406 3646 non
1424 3589 1538 3644 sustinet
1564 3587 1657 3644 (iollas
1679 3589 1838 3646 utriuslibet
1861 3591 1960 3664 lapidis

1156 3681 1239 3738 ictum
1264 3679 1355 3752 [ollas
1371 3677 1499 3750 J'actuml,
1523 3675 1572 3732 sed
1589 3677 1743 3748 reprimitur
1763 3675 1840 3736 illico
1872 3689 1960 3737 tumor

1155 3768 1254 3826 omnis.
1269 3767 1348 3838 Quod
1371 3767 1395 3823 si
1408 3765 1515 3823 venerit
1528 3765 1556 3820 in
1570 3773 1690 3822 mentem
1704 3765 1814 3824 dilectio
1835 3767 1887 3825 illa
1906 3778 1960 3825 tam

1155 3855 1311 3928 ineffabilis,
1333 3871 1413 3927 quam
1440 3853 1489 3909 tibi
1519 3854 1592 3910 Deus
1628 3855 1778 3925 majestatis
1807 3857 1955 3928 exhibuit3

1156 3962 1191 4002 au
1214 3962 1270 4009 uon
1299 3943 1370 4000 illico
1390 3935 1568 3999 inardescens
1586 3942 1620 3999 ad
1640 3943 1812 4012 charitatem,
1840 3962 1959 4018 prorsus

1156 4033 1306 4094 abominari
1332 4033 1430 4106 incipis
1459 4039 1486 4088 et
1512 4033 1632 4104 abjicere
1655 4032 1824 4092 vanitatem?
1862 4037 1911 4093 Sic
1936 4047 1962 4092 et

1157 4125 1281 4200 exempla
1304 4131 1458 4182 sanctorum
1472 4123 1495 4180 si
1518 4121 1641 4194 dihgenti
1668 4121 1716 4178 tibi
1730 4123 1961 4182 consideratIone

1155 4231 1303 4292 proponas,
1314 4215 1366 4271 erit
1380 4214 1439 4270 sine
1452 4213 1576 4270 dubioad
1591 4211 1794 4285 reprimendam
1804 4213 1962 4272 elationem

1155 4305 1283 4380 cogitatio
1313 4303 1365 4360 ista
1391 4302 1526 4375 perutilis.
1548 4303 1610 4358 lam
1632 4317 1698 4360 vero
1720 4301 1743 4358 si
1768 4301 1843 4360 lorte
1867 4303 1962 4360 inau-

305 4393 399 4442 nostro
410 4401 458 4442 rex
467 4387 528 4443 Saul
543 4387 659 4443 suadere
674 4390 847 4446 tentat2llon
860 4395 949 4462 potes,
962 4391 1098 4465 iuquiens,
1115 4389 1139 4466 Ι]
1157 4404 1239 4470 gente
1274 4395 1363 4452 subito
1382 4393 1509 4465 elatione,
1530 4391 1598 4449 nihil
1619 4407 1653 4448 ex
1676 4391 1718 4446 his
1745 4407 1809 4464 quae
1837 4393 1963 4451 diximus
2008 4399 2009 4408 ¹

306 4477 437 4533 resistere
446 4475 592 4532 Philistum
607 4476 667 4540 isti,
683 4489 733 4530 nec
742 4479 1009 4549 paqnareoduerscs
1023 4498 1098 4550 cam,

305 4573 438 4644 quoniam
459 4585 534 4643 puer
548 4586 585 4636 es,
603 4569 648 4626 hic
662 4575 760 4628 autem
773 4576 817 4629 vir
831 4573 994 4635 bellaturae
1006 4576 1101 4636 adole·

305 4662 414 4719 scentia
441 4677 504 4718 sua.
524 4657 718 4716 Verumtamen
740 4676 794 4718 nou
810 4663 955 4736 acquiescit
977 4665 1023 4723 ille
1046 4669 1099 4724 tale

304 4747 406 4821 aliquid
429 4745 571 4816 meditari;
599 4746 648 4802 sed
670 4765 836 4819 praesumens
858 4754 893 4809 de
915 4753 1014 4812 virtute
1028 4757 1098 4828 eius,

308 4839 389 4910 cujus
407 4836 505 4894 auxilio
520 4836 610 4907 priora
627 4839 774 4896 certamina
786 4845 843 4913 jam
861 4844 977 4915 vicisset,
995 4848 1100 4904 accedit

305 4923 475 4996 intrepidus.
502 4923 607 4998 Colligit
633 4925 731 5001 igitur,
764 4931 878 5003 abjectis
902 4933 984 4991 armis
998 4935 1097 5006 Saulis,

305 5011 427 5084 quinque
447 5011 551 5086 lapides
575 5014 761 5085 deterrente,
786 5036 855 5092 quos
876 5021 1013 5096 nimirum,
1038 5042 1098 5082 cum

306 5100 376 5157 levia
392 5117 508 5173 quaeque
528 5104 645 5175 tolleret,
664 5107 783 5182 levigare
804 5116 911 5168 torrens
928 5113 1025 5184 potuit,
1050 5117 1099 5172 sed

305 5202 362 5243 non
384 5187 464 5244 etiam
487 5190 580 5248 tollere
604 5209 705 5250 secum.
727 5196 847 5254 Torrens
880 5199 981 5273 quippe
1005 5203 1098 5276 (quem

305 5277 408 5333 utinam
442 5286 611 5351 pertranseat
643 5286 732 5341 anima
760 5289 865 5360 nostra)
880 5291 1007 5347 saeculum
1030 5309 1100 5366 prae·

303 5381 369 5428 aeus
385 5373 436 5432 est,
452 5368 588 5440 Scriptura
601 5379 680 5442 teste,
695 5376 823 5446 quoniam
831 5382 977 5450 generatio
986 5382 1099 5440 aduenit

305 5459 334 5510 et
345 5461 488 5528 generatio
496 5461 626 5531 preterit
639 5461 741 5535 (Ecrlc.
755 5480 776 5533 r,
791 5467 833 5536 l);
849 5472 976 5541 tauquam
991 5476 1098 5530 tumens

305 5542 378 5598 unda
393 5545 493 5601 undam
506 5547 634 5619 impleus.
650 5547 718 5618 Quia
734 5567 800 5623 ergo
813 5555 901 5610 omnis
916 5572 979 5614 caro
993 5559 1095 5634 lenum,

302 5637 330 5689 et
350 5633 439 5691 omnis
454 5635 541 5710 gloria
560 5638 620 5710 ejus
638 5645 767 5710 tauquam
784 5641 833 5698 llos
850 5644 919 5715 agri,
942 5647 1096 5718 hujusmodi

1157 4485 1366 4559 apprehendere
1395 4481 1512 4556 quiverit
1538 4497 1635 4536 manus
1670 4488 1730 4553 tua3
1755 4487 1815 4538 toto
1846 4481 1963 4540 fervore

1154 4577 1188 4631 ad
1216 4589 1276 4630 eam
1297 4577 1466 4640 convertere,
1488 4585 1550 4641 quaa
1572 4569 1628 4625 sola
1651 4574 1745 4636 restat,
1776 4569 1963 4627 orationem:

1155 4672 1182 4722 et
1208 4662 1335 4722 continuo
1358 4673 1439 4733 quem
1465 4656 1600 4715 elevatum
1625 4656 1733 4715 videras
1754 4663 1782 4712 et
1805 4658 1964 4715 exaltatum

1153 4756 1221 4813 sicut
1248 4752 1345 4810 cedros
1368 4747 1472 4815 libani,
1501 4749 1648 4805 subversus
1677 4745 1785 4818 impius,
1817 4747 1880 4817 jam
1905 4767 1964 4806 nou

1153 4843 1215 4905 erit.

1189 4929 1275 4988 938
1303 4933 1329 4986 6.
1358 4926 1412 4986 Sed
1444 4942 1549 5000 quaeras
1569 4926 1693 4988 fortasse,
1719 4922 1966 4997 quemadmodum

1154 5037 1204 5078 suo
1225 5019 1310 5090 ipsius
1332 5017 1423 5090 gladio
1446 5013 1533 5071 Golia
1551 5011 1638 5084 possis
1656 5008 1821 5067 abscindere
1844 5023 1965 5085 caput:

1154 5110 1181 5165 id
1191 5109 1263 5166 enim
1281 5114 1355 5164 tanto
1365 5105 1414 5162 tibi
1426 5103 1582 5176 iucundius,
1601 5107 1702 5176 quanto
1712 5099 1859 5158 molestius
1871 5103 1966 5160 hosti.

1152 5201 1219 5258 Dico
1251 5197 1380 5265 breviter,
1408 5193 1535 5268 quoniam
1559 5192 1678 5265 expertis
1706 5189 1816 5262 loquor,
1843 5199 1878 5247 et
1918 5195 1968 5266 qui

1153 5287 1231 5345 facile
1258 5286 1366 5359 capiant
1385 5291 1412 5340 et
1442 5284 1585 5341 advertant
1611 5280 1671 5336 sine
1702 5293 1789 5349 mora,
1821 5281 1909 5350 quod
1941 5283 1968 5337 'aa

1153 5383 1308 5458 semetipsis
1341 5383 1438 5440 crebro
1471 5379 1591 5438 sentiunt
1618 5375 1734 5433 actitari.
1766 5375 1893 5442 Quoties
1929 5389 1970 5437 te,

1152 5480 1318 5549 provocante
1350 5471 1480 5540 vanitate,
1502 5467 1536 5522 ad
1561 5464 1776 5524 recordationem
1799 5467 1973 5524 commina-

1153 5564 1235 5622 tionis
1266 5561 1374 5627 diviuae,
1399 5574 1449 5615 sea
1473 5553 1669 5629 promissionis,
1697 5559 1745 5610 aut
1773 5559 1971 5622 caeterorum,

1153 5669 1214 5727 quae
1226 5666 1308 5722 supra
1322 5647 1448 5718 diximus,
1467 5643 1610 5704 confundis
1626 5641 1743 5716 coeperis
1762 5647 1790 5700 et
1806 5641 1976 5707 crubesce
