3950 6350
729 368 759 428 S.
778 365 957 424 cumbunt
974 361 1118 421 mactis
1136 359 1461 420 mana-vatbhhsts

943 491 979 548 bt
997 486 1109 548 COENA
1126 487 1252 546 DolllNl

1038 585 1157 644 saeuo

664 691 703 747 De
717 689 864 766 baptisato,
882 687 1060 744 sacramento
1077 681 1192 754 altoris,
1211 685 1240 740 et
1253 681 1400 739 ablatione
1411 677 1527 754 pedam.

304 829 330 881 l.
353 820 389 878 lli
408 826 473 876 sunt
493 816 553 874 dies
573 831 641 890 quos
663 814 814 873 observare
840 811 981 878 debemus,
1006 806 1064 864 dies
1082 820 1107 901 Α
1123 804 1203 863 891
1223 803 1357 878 exemplo,
1382 802 1465 862 variae
1489 810 1552 860 sunt
1574 801 1744 862 investitura
1771 805 1930 864 secundus

266 913 342 989 pleni
357 909 459 985 pietate
481 914 510 963 et
523 903 622 979 gratia
647 902 744 976 quibus
767 899 849 959 ctiam
871 898 1066 956 sceleratorum
1122 911 1155 952 ea
1177 895 1213 952 de
1236 895 1334 968 quibus
1356 893 1531 952 investimur:
1554 894 1631 952 verbi
1654 895 1756 968 gratia,
1783 895 1929 952 investitur

268 1001 409 1061 nominum
440 1006 548 1055 mentes
579 995 613 1050 ad
650 989 838 1066 poenitentiam
870 993 1065 1064 provocantur.
1121 985 1269 1041 canonicus
1282 1000 1332 1057 per
1345 981 1455 1054 librum,
1479 983 1565 1040 abbas
1588 1000 1638 1057 per
1657 983 1802 1052 baculum,
1830 984 1929 1056 episep

268 1095 357 1150 Tanta
369 1087 506 1163 siqnidem
519 1093 560 1143 est
573 1083 614 1142 vis
634 1090 865 1139 sacramentorum
887 1093 983 1135 eorum
1006 1091 1068 1149 quae
1120 1090 1172 1146 pus
1184 1090 1235 1147 per
1253 1074 1378 1130 baculum
1393 1081 1421 1130 et
1435 1072 1565 1130 annuum
1585 1073 1684 1130 simul:
1701 1074 1790 1142 εἱειιι,
1806 1076 1926 1146 inquam
1955 1071 1956 1152 l

268 1184 367 1240 diebus
395 1177 453 1236 istis
481 1174 649 1246 recoluntur,
678 1181 707 1228 ut
729 1169 834 1244 possint
857 1167 925 1240 ipsa,
956 1178 1066 1240 quoque
1120 1160 1148 1218 in
1163 1161 1319 1233 hujusmodi
1340 1161 1424 1219 rebus
1438 1169 1492 1228 est,
1511 1162 1552 1219 sic
1566 1170 1595 1219 et
1608 1161 1757 1220 divisiones
1773 1163 1926 1238 gratiarm

268 1271 376 1346 lapidea
390 1265 516 1326 scindere
534 1262 627 1331 corda,
644 1270 672 1318 et
694 1266 789 1333 pectus
810 1271 903 1323 omne,
927 1253 992 1312 licet
1015 1253 1067 1309 ler-
1119 1251 1233 1309 diversis
1257 1257 1320 1334 sunt
1347 1251 1453 1308 traditae
1476 1251 1663 1309 sacramentis.
1693 1252 1764 1324 Qnae
1792 1261 1842 1310 est
1869 1270 1925 1326 erga
1955 1279 1956 1316 r

268 1377 356 1428 reum,
381 1354 503 1415 amollire
527 1350 672 1408 sufficiant.
696 1347 821 1420 Denique
836 1346 960 1402 videmus
977 1358 1065 1416 usque
1119 1339 1218 1412 gratia,
1241 1339 1315 1396 unde
1341 1356 1393 1412 per
1419 1339 1584 1412 baptismum
1613 1339 1800 1398 investimur?
1833 1341 1923 1414 Utique
1955 1344 1957 1428 ι

268 1449 350 1508 hodie
382 1446 418 1502 ad
446 1443 600 1518 passionem
627 1436 729 1497 Christi
755 1453 810 1493 non
838 1435 920 1492 modo
943 1431 1066 1491 coelestia
1109 1429 1244 1506 'purgatio
1257 1428 1426 1487 delictomm.
1443 1428 1510 1500 Quis
1528 1430 1602 1487 enim
1626 1429 1836 1503 potestlacere
1852 1448 1923 1487 mnr-
1956 1465 1957 1470 κ

269 1537 396 1610 conrpati,
418 1533 579 1591 sedterram
594 1526 707 1594 moveri,
724 1532 752 1583 et
773 1533 866 1599 petras
880 1523 979 1593 scindi,
995 1531 1023 1582 et
1038 1522 1066 1579 in
1119 1517 1381 1576 dnmdeimmundo
1396 1526 1557 1592 conceptum
1572 1520 1686 1588 semine,
1701 1519 1754 1576 nisi
1778 1521 1834 1593 qui
1859 1523 1921 1578 solra
1956 1507 1957 1534 ³

268 1625 440 1686 confessione
472 1628 647 1694 peccatorum
678 1615 780 1691 aperiri
812 1619 999 1671 monumenta.
1029 1613 1066 1668 ht
1120 1615 1161 1664 est
1176 1607 1303 1678 mundns,
1317 1617 1345 1666 et
1359 1608 1387 1664 in
1402 1624 1484 1681 quem
1499 1617 1710 1680 peccatumnon
1725 1609 1819 1678 cadit,
1835 1611 1922 1667 Deras?
1956 1675 1957 1686 χ

268 1731 335 1776 vero
356 1711 483 1788 quoniam
509 1711 549 1766 sic
572 1717 614 1766 est
638 1707 665 1763 in
684 1705 870 1781 spiritualibus
890 1705 968 1775 cibis,
997 1702 1068 1760 sicut
1120 1695 1208 1768 Hnjns
1221 1697 1332 1771 quidem
1352 1697 1447 1770 gratiae
1468 1705 1669 1756 sacramentum
1689 1699 1767 1772 prius
1792 1708 1861 1756 erat
1882 1702 1922 1756 m.
1956 1731 1957 1734 ,

267 1815 295 1863 ει
310 1799 548 1875 incorporalibus,
564 1807 595 1854 nt
617 1797 645 1853 in
667 1795 830 1869 quibusdam
851 1794 942 1852 statim
965 1799 1066 1866 praesto
1121 1786 1261 1854 cumcisio,
1275 1793 1306 1843 nt
1319 1786 1459 1864 originalis
1477 1788 1632 1862 rubiginem
1654 1788 1753 1862 cnlpae,
1776 1807 1847 1863 quae
1871 1806 1920 1846 m.

267 1895 305 1952 sit
331 1908 425 1965 sapor,
454 1889 484 1946 in
512 1885 646 1960 aliquibus
674 1893 801 1958 oporteat
828 1883 970 1941 laborare:
1005 1898 1067 1955 quae
1122 1883 1235 1933 navarat
1263 1875 1460 1951 aparentibus
1486 1877 1591 1951 primis,
1621 1877 1748 1936 cultellus
1776 1879 1919 1961 eraderet:

267 1982 413 2041 manifesta
440 1987 513 2046 sunt,
545 1985 638 2034 nostro
665 1990 721 2032 non
746 1974 873 2048 indigent
900 1971 1066 2039 ministerio;
1120 1965 1170 2022 scd
1184 1961 1312 2024 veniente
1324 1967 1452 2034 Domino,
1471 1967 1519 2041 qni
1543 1983 1631 2042 agnus
1646 1977 1687 2025 ear
1703 1975 1782 2026 torus
1798 1969 1922 2026 sum-p

268 2089 330 2148 qna
352 2063 530 2140 veroclausa
556 2074 628 2134 sunt,
654 2063 814 2138 diligentem
842 2061 938 2119 volunt
963 2060 1067 2116 babere
1121 2053 1204 2121 mitis,
1219 2055 1405 2128 cujusjugnm
1420 2071 1502 2114 suave
1527 2063 1570 2112 εει
1585 2063 1614 2114 ει
1635 2072 1706 2114 onus
1725 2057 1806 2128 lave,
1831 2058 1922 2132 optim

267 2159 515 2222 considerationem
550 2154 633 2230 [olias
670 2149 934 2224 consideratioreml.
971 2150 1066 2224 Neque
1083 2136 1106 2213 Β
1122 2145 1187 2203 satis
1201 2151 1333 2202 mutatum
1358 2154 1410 2215 est,
1431 2154 1461 2203 nt
1484 2145 1663 2204 inveteratam
1685 2146 1852 2220 rubiginem
1873 2164 1922 2204 mm

267 2251 342 2310 enim
367 2249 448 2308 tradit
469 2253 559 2303 mater
584 2243 697 2317 parvulo
723 2257 823 2300 nucem
846 2239 994 2312 integram,
1018 2237 1067 2294 sed
1121 2234 1250 2291 unctione
1266 2235 1354 2292 sancti
1368 2234 1485 2308 Spiritus
1508 2252 1579 2310 aqua
1592 2236 1719 2310 dilueret,
1745 2247 1776 2296 et
1796 2238 1921 2295 acerbitas
1957 2241 1958 2268 ι

186 2316 194 2338 ’
266 2339 367 2414 frangit
380 2353 451 2408 eam,
476 2343 504 2392 et
517 2333 644 2392 nucleum
663 2331 790 2406 porrigit.
805 2330 850 2388 Sic
865 2338 893 2387 et
907 2344 959 2404 ego
978 2327 1066 2398 vobis,
1122 2323 1312 2384 illacassaret.
1901 2383 1903 2386 Ι

267 2428 367 2486 fratres
393 2421 556 2493 charissimi,
590 2421 613 2478 si
644 2435 764 2493 possem,
798 2426 969 2475 sacramenta
1005 2433 1067 2488 qnae
1156 2415 1184 2472 3.
1200 2414 1255 2470 Sed
1269 2414 1339 2473 forte
1354 2423 1457 2489 quaerat
1472 2414 1579 2490 aliquis,
1595 2427 1623 2474 et
1642 2415 1731 2474 dieat:
1760 2415 1794 2474 si
1810 2415 1920 2474 deletu„

265 2517 359 2577 clausa
385 2523 459 2583 sunt,
487 2509 595 2588 aperire
619 2509 783 2581 debueram3
808 2505 868 2575 sed,
894 2505 958 2579 qnia
976 2505 1066 2562 minus
1121 2512 1162 2560 εει
1185 2503 1214 2560 in
1228 2503 1363 2578 baptismo
1377 2505 1452 2578 quod
1466 2506 1647 2564 contraximus
1661 2523 1677 2563 a
1692 2507 1920 2580 parentibusue

266 2623 389 2684 possum,
414 2618 543 2677 rogemus
564 2607 597 2658 ut
615 2599 694 2660 vobis
716 2599 822 2673 pariter
841 2601 869 2653 ct
892 2594 959 2652 mibi
980 2601 1069 2652 mater
1121 2593 1211 2652 adhuc
1224 2601 1317 2652 manet
1331 2595 1486 2668 cupiditatis
1507 2597 1606 2670 lomes,
1622 2606 1650 2654 et
1663 2598 1742 2656 velut
1758 2597 1920 2656 incentivu
1956 2645 1957 2670 ,

266 2677 517 2772 sapioritialrangat
531 2705 616 2746 nuces
629 2688 706 2756 istas,
731 2701 828 2756 nuces,
852 2683 975 2756 inquam,
1000 2700 1069 2757 quas
1122 2685 1260 2759 quoddam
1287 2686 1417 2759 peccati?
1446 2687 1543 2761 Neque
1571 2687 1644 2744 enim
1673 2687 1790 2746 dubium
1824 2689 1919 2762 quina

265 2784 381 2860 protulit
405 2777 581 2838 ffioerdffllis
608 2777 693 2849 Vilsslv
727 2774 805 2847 virga
835 2772 952 2841 villulis,
986 2789 1067 2846 quam
1121 2774 1217 2847 primis
1231 2775 1391 2848 parentibus
1406 2775 1435 2832 in
1450 2790 1501 2833 nos
1515 2775 1637 2832 traducta
1658 2776 1692 2834 sit
1714 2776 1762 2834 len
1787 2778 1847 2835 ista
1868 2795 1918 2852 pee-
1956 2793 1957 2830 ὴ

267 2872 359 2932 emisit
379 2867 512 2926 Dominus
538 2881 572 2922 ex
596 2863 671 2921 Sion.
697 2862 780 2919 hlulta
798 2859 909 2934 quidem
933 2868 997 2918 sunt
1019 2876 1067 2917 sa·
1122 2863 1185 2920 cati.
1202 2863 1305 2921 Omnes
1318 2863 1454 2936 siquidem
1467 2864 1621 2938 peccatrice
1645 2865 1793 2924 voluntate
1811 2884 1918 2943 genera·

266 2966 418 3027 eramenta,
447 2963 475 3012 et
502 2952 656 3010 scrutandis
683 2951 810 3007 omnibus
833 2952 901 3006 bora
921 2965 978 3006 non
1008 2949 1067 3007 sui·
1121 2969 1192 3023 mur,
1209 2962 1236 3010 ει
1250 2951 1315 3009 inde
1329 2953 1455 3010 voluntas
1468 2961 1562 3012 nostra
1580 2965 1707 3030 corrupta
1727 2963 1774 3014 est
1797 2963 1918 3030 tanqum
1958 3003 1959 3036 ,

267 3050 336 3107 ficit.
370 3044 505 3105 Fortassis
537 3041 620 3098 etiam
655 3039 740 3114 aliqui
766 3046 888 3097 vestrum
919 3038 1069 3098 imbecilles
1120 3040 1257 3098 ulceribus
1279 3041 1362 3114 plena
1383 3042 1444 3115 (to)
1474 3061 1481 3100 ι
1506 3043 1579 3100 unde
1602 3042 1667 3102 licet
1688 3045 1779 3115 inviti,
1805 3047 1919 3119 pruritu

266 3147 332 3196 sunt
359 3135 393 3194 ad
422 3143 496 3192 tanta
530 3131 610 3189 sirnul
637 3129 781 3204 capienda.
805 3130 846 3186 Dc
867 3127 953 3185 tribus
975 3127 1068 3202 itaque
1122 3130 1256 3204 quosdam
1274 3123 1568 3204 concupiscentiarum,
1593 3142 1622 3192 et
1641 3143 1774 3211 tanquam
1799 3136 1920 3194 bestius
1957 3121 1958 3180 ἕ

266 3224 446 3287 sacramentis
474 3225 542 3298 (39),
573 3238 633 3296 quae
660 3221 726 3278 satis
754 3233 877 3295 congrua
909 3226 972 3276 sunt
1005 3218 1068 3277 buic
1121 3228 1213 3278 motus
1241 3221 1384 3278 sentimus.
1413 3221 1476 3278 Dixi
1502 3223 1580 3281 vobis
1611 3224 1722 3298 saepius,
1750 3241 1805 3282 nae
1838 3235 1920 3282 mma

266 3316 393 3392 tempori,
409 3313 555 3372 dicendum
573 3311 625 3369 erit
647 3309 720 3386 qnod
740 3307 873 3367 Dominus
896 3307 957 3382 ipse
978 3307 1066 3367 dona·
1121 3310 1249 3369 excidere
1276 3309 1369 3381 debet,
1398 3311 1527 3386 quoniam
1553 3313 1582 3370 in
1608 3329 1675 3370 casn
1699 3313 1784 3386 primi
1808 3315 1921 3372 hominis

187 3471 194 3480 .
265 3407 345 3468 Velit·
1120 3400 1267 3459 cecidimus
1286 3416 1391 3458 omncs.
1408 3401 1563 3460 cecidimus
1586 3410 1678 3460 autem
1692 3419 1779 3476 super
1797 3421 1920 3464 acerem

300 3503 328 3558 2.
356 3495 563 3554 Sacramentum
591 3488 688 3547 dicitur
716 3503 824 3545 sacrum
856 3485 975 3562 siguum,
1009 3486 1066 3546 sive
1083 3452 1252 3564 oppidum,
1267 3499 1295 3547 ep
1316 3490 1344 3546 i„
1358 3489 1427 3549 puto,
1444 3491 1518 3548 unde
1535 3507 1592 3550 non
1605 3491 1692 3550 solum
1705 3493 1861 3566 inquinati,
1881 3497 1919 3551 md

263 3602 371 3646 sacrum
387 3590 534 3640 secretum.
549 3579 632 3636 hlulta
644 3575 779 3652 siquidem
804 3575 874 3634 finnt
896 3583 1010 3650 propter
1035 3591 1066 3633 se
1120 3579 1204 3636 etiam
1220 3578 1356 3638 vulnerati
1369 3586 1397 3638 et
1410 3579 1531 3657 graviter
1552 3581 1673 3656 quassati
1694 3599 1804 3640 snmus.
1832 3585 1919 3642 brari

264 3683 384 3746 tantum3
400 3672 453 3729 alia
466 3686 532 3730 vero
546 3677 660 3742 propter
680 3666 732 3724 aba
755 3665 935 3740 designanda,
956 3672 984 3721 et
1006 3663 1067 3738 ipsa
1121 3668 1232 3742 quidem
1260 3669 1313 3726 cito
1335 3685 1499 3743 possumus,
1530 3673 1565 3728 nd
1587 3671 1741 3728 sanandum
1765 3689 1837 3732 vero
1861 3689 1918 3746 opm

264 3766 392 3824 dicuntur
407 3762 494 3838 signa,
511 3767 538 3816 ει
553 3766 625 3815 sunt.
641 3758 677 3815 Ut
700 3755 774 3814 enim
796 3756 831 3812 de
854 3754 994 3811 usualibus
1017 3771 1066 3811 sn·
1120 3765 1163 3815 est
1177 3756 1317 3816 curatione
1340 3760 1435 3818 mults.
1458 3759 1593 3819 Lavamtu
1610 3761 1693 3834 igitur
1717 3762 1746 3818 in
1772 3762 1918 3835 baptismo¹

266 3871 373 3913 mamus
396 3849 560 3924 exemplum,
575 3847 655 3906 datur
677 3847 794 3906 annulus
807 3847 932 3905 absolute
954 3853 1068 3919 propter
1121 3848 1185 3923 quia
1218 3848 1326 3908 deletur
1356 3849 1567 3926 chirographum
1593 3851 1778 3910 damnationis
1807 3863 1916 3912 nostra:

266 3944 408 4012 annulum,
423 3951 452 4000 ει
474 3941 548 3998 nulla
561 3947 604 3997 εει
627 3938 804 4011 significatio:
828 3937 909 3994 datur
930 3935 966 3991 ad
985 3935 1067 3994 inve·
1122 3947 1151 3998 et
1164 3939 1223 3996 hnc
1236 3938 1325 4012 gratia
1349 3938 1428 3996 nobis
1451 3940 1602 4009 confertur,
1627 3950 1658 4000 ut
1678 3943 1735 4016 jam
1757 3943 1829 4000 nihil
1854 3945 1921 4001 noha

266 4034 404 4094 stiendnm
427 4031 462 4089 de
486 4029 648 4087 baereditate
671 4027 774 4102 aliqua,
785 4033 813 4084 ει
826 4026 935 4098 signnm
954 4031 1007 4094 est,
1031 4025 1069 4082 ita
1122 4027 1344 4101 concupiscentia
1357 4036 1465 4098 noceat,
1484 4029 1509 4087 si
1532 4037 1624 4089 umen
1647 4049 1665 4088 a
1685 4047 1832 4092 consensu
1853 4034 1922 4090 ψει

265 4134 296 4183 nt
309 4126 367 4196 jam
385 4121 478 4178 dicere
492 4118 579 4192 possit
593 4116 640 4190 qui
654 4116 765 4187 accipit:
781 4114 905 4171 tinnulus
918 4130 973 4171 non
996 4115 1070 4172 valet
1122 4135 1250 4176 neamus:
1265 4127 1348 4192 atqua
1365 4119 1402 4176 ita
1415 4126 1547 4195 tanquam
1561 4121 1652 4180 sanies
1665 4122 1819 4182 inveterari
1832 4124 1923 4180 ulma

267 4213 426 4288 ‘luidifflma
451 4210 500 4265 sed
524 4205 673 4263 haeledlffl
694 4213 737 4262 0⁸²
757 4219 840 4278 quam
862 4205 1022 4279 querebam·
1037 4204 1069 4260 lu
1124 4218 1290 4276 removetur,
1320 4209 1385 4266 dum
1406 4199 1508 4268 tollitur
1530 4211 1678 4282 damnatio,
1706 4219 1736 4270 et
1763 4228 1921 4286 responsum

268 4304 341 4358 hunc
356 4300 447 4371 itaque
467 4295 578 4352 modum
593 4291 814 4367 appropinquans
836 4294 958 4366 passioni
976 4291 1069 4350 Domi·
1121 4297 1229 4366 mortis,
1245 4297 1319 4371 quod
1332 4294 1484 4371 priusindc
1498 4299 1639 4356 manabat.
1662 4299 1717 4358 Sed
1741 4300 1810 4373 quis
1832 4301 1922 4376 parem

269 4406 332 4462 nus,
348 4388 382 4444 dc
396 4384 484 4460 gratia
505 4399 554 4440 sua
575 4381 705 4439 investire
727 4381 830 4439 curavit
844 4399 919 4450 snos,
934 4390 964 4439 ut
978 4381 1071 4439 invisi·
1125 4393 1180 4443 tam
1195 4383 1296 4444 elleros
1310 4394 1401 4445 motus
1413 4385 1561 4460 frangere?
1584 4387 1646 4461 quis
1668 4387 1810 4462 pruritum
1834 4392 1922 4449 ulceris

269 4478 332 4536 hilis
358 4475 454 4550 qratia¹
474 4473 554 4546 signo
583 4471 672 4548 aliquo
697 4471 795 4532 visibili
817 4479 1003 4546 prestaretur.
1028 4471 1071 4528 hd
1125 4477 1207 4548 hujus
1222 4475 1293 4532 lcrre
1309 4477 1411 4550 queat?
1425 4475 1568 4548 Confidite,
1584 4476 1648 4552 quia
1663 4485 1691 4535 et
1709 4477 1739 4534 in
1763 4479 1824 4538 boc
1846 4479 1922 4554 gnua

271 4570 324 4625 ¹¹⁰⁶
357 4564 483 4622 immun
513 4570 577 4618 sum
608 4561 700 4620 ⁰fflfli³
730 4572 914 4629 fflssfflmessiss·
947 4562 982 4617 ad
1018 4561 1072 4618 hoc
1126 4564 1263 4634 subvenit,
1287 4573 1315 4622 ει
1337 4575 1367 4623 nt
1390 4565 1480 4624 securi
1501 4565 1570 4634 sitis,
1598 4573 1807 4624 sacramentum
1838 4569 1921 4643 [atim

271 4654 449 4714 Eucharistiae
463 4651 645 4727 participatio,
661 4651 762 4711 adhoc
776 4652 876 4726 pedum
899 4651 1012 4722 ablutio,
1037 4651 1072 4708 ad
1127 4655 1303 4730 sacramenti]
1317 4655 1452 4714 Dominici
1467 4656 1589 4730 corporis
1604 4661 1632 4714 ει
1645 4656 1793 4730 sanguinis
1820 4658 1922 4732 prenae

271 4750 324 4806 boc
337 4745 456 4819 denique
471 4743 530 4816 ipse
544 4741 704 4815 baptismus,
720 4742 824 4799 initium
839 4749 1072 4800 sacramentomm
1088 4763 1112 4842 n
1128 4747 1317 4806 investirumm
1331 4746 1447 4804 haberis,
1467 4747 1528 4803 Duo
1547 4745 1621 4804 enim
1641 4745 1706 4804 ,pud
1720 4761 1923 4828 ‘mmmmm

272 4833 404 4900 mnium,
428 4831 464 4886 iss'
474 4845 530 4904 <1¹¹⁰
543 4831 756 4905 ⁰⁰¹¹¹Pl³¹¹2³¹¹¹¹1s
783 4831 955 4888 similitudini
979 4831 1074 4888 moltis
1128 4844 1259 4911 operatur
1281 4836 1309 4892 in
1334 4835 1426 4894 nobis:
1453 4844 1483 4894 ut
1504 4835 1630 4894 videlicet
1651 4843 1678 4894 ει
1695 4853 1815 4894 sensum
1835 4840 1926 4894 minuat

275 4925 349 4994 ⁸1¹¹&
365 4919 440 4977 unde
454 4926 483 4976 θῑ
500 4919 570 4998 ῑήῦβ
582 4921 681 4978 messit>
705 4919 798 4990 tridui,
816 4922 889 4994 ‘1¹¹⁰(l
912 4936 986 4977 1¹¹¹ssss
1004 4920 1075 4977 ⁰010·
1128 4927 1158 4984 in
1172 4926 1291 4999 mininis,
1311 4933 1339 4983 et
1355 4925 1384 4982 in
1402 4924 1572 5003 gravioribus
1588 4925 1710 4998 peccatis
1728 4927 1816 4984 tollat
1827 4929 1926 4986 ommno

274 5010 412 5068 brendam
428 5016 478 5078 est,
493 5007 704 5088 sormamgerit.
719 5009 883 5068 sicutenim
906 5009 934 5065 in
958 5009 1074 5067 exterio·
1129 5027 1304 5070 consensum.
1323 5011 1428 5085 Siquis
1446 5015 1566 5070 vestrum
1586 5026 1642 5066 non
1661 5017 1716 5066 tam
1741 5027 1825 5086 saepe
1848 5013 1928 5073 mortu,

276 5099 353 5159 ribus
366 5098 474 5155 diversa
487 5106 549 5156 sunt
562 5085 651 5176 siqua,
669 5108 707 5169 ει,
731 5106 761 5156 ut
785 5106 876 5171 coeptn
900 5099 1076 5158 immoremur
1130 5114 1185 5155 non
1203 5095 1258 5154 tam
1276 5096 1391 5154 acerbos
1414 5095 1496 5152 sentit
1513 5095 1663 5153 iracundia
1687 5103 1790 5164 motus,
1820 5099 1928 5163 invidit,

312 5227 370 5298 (39)
396 5225 566 5283 Sacramenti
586 5241 688 5285 nomen
706 5223 751 5280 bic
773 5225 928 5300 generalius
950 5226 1075 5293 sumitur,
1130 5224 1259 5298 appellat.
1281 5222 1357 5279 Alias
1372 5236 1439 5280 sanc
1464 5222 1578 5294 Hugoa
1603 5221 1847 5295 Sanctolt'ictore,
1875 5225 1930 5280 illis

276 5306 359 5427 prout
373 5313 428 5353 non
444 5305 546 5354 uotum
560 5313 626 5354 vera
642 5295 713 5366 legis
726 5311 804 5352 novae
817 5307 996 5366 sacramanta,
1012 5315 1078 5382 qna·
1132 5295 1263 5370 temporis
1283 5303 1388 5363 auctor,
1407 5291 1556 5352 solemnem
1572 5301 1816 5352 sacramentorum
1844 5313 1930 5354 nnme-

290 5372 314 5426 'a
326 5377 391 5426 sunt
399 5369 551 5442 baptismus
565 5375 593 5424 et
606 5377 805 5423 sacramentum
819 5367 921 5434 altaris,
931 5369 982 5425 sed
992 5377 1075 5427 eham
1131 5386 1192 5427 rum
1206 5367 1301 5424 habet.

279 5441 484 5498 sacramentalia
497 5437 715 5510 comprehendit,
730 5437 816 5514 qualis
835 5446 877 5496 est
899 5439 1002 5496 ablutio
1025 5456 1075 5514 pe·
1167 5439 1225 5512 (ld)
1237 5439 1266 5494 ln
1281 5435 1442 5510 quibusdam
1455 5433 1563 5508 scriptis
1572 5433 1709 5492 deestboc
1723 5439 1899 5506 membrum,
1912 5445 1933 5494 ιι

280 5512 352 5581 dnm,
369 5529 450 5585 qnam
468 5510 552 5568 etiarn
579 5507 713 5566 Emaldus
744 5513 825 5567 Bonae
840 5511 922 5566 Vallis
940 5511 1025 5568 abbas
1048 5511 1077 5568 in
1130 5509 1668 5581 inde...rtlccriburplenn:qnaetamcn
1684 5509 1867 5568 verberecte
1882 5527 1932 5568 cen

279 5599 407 5640 sermone
421 5583 456 5638 de
469 5581 607 5638 ablutione
621 5580 732 5653 pedum,
747 5582 794 5655 qui
807 5597 879 5636 unns
896 5591 939 5637 εει
959 5582 1022 5638 libri
1035 5583 1077 5639 De
1130 5582 1308 5654 sequentibus
1322 5581 1471 5650 coherent,
1492 5579 1540 5638 ubi
1558 5578 1593 5636 de
1614 5579 1692 5637 sanie
1705 5582 1874 5642 inveterati
1896 5583 1934 5639 at·

280 5653 462 5714 cardinalibus
480 5651 579 5709 Christi
599 5652 736 5725 operibus,
759 5658 960 5710 sacramentum
983 5653 1076 5712 itidem
1131 5655 1202 5712 ceris
1216 5653 1315 5727 agitur.
