3950 6350
237 309 287 370 tot
715 305 743 363 S·
763 302 929 364 satutant
947 301 1084 364 hllBh'llS
1102 302 1407 366 dutudtattssrtSls
1873 303 1929 360 llic

234 434 265 490 in
280 439 431 490 sanctorem
446 429 551 503 paginis
560 428 708 492 invenitor.
717 429 815 501 Neque
829 430 901 487 enim
912 444 1032 486 commn—
1050 441 1074 523 Α
1090 429 1149 485 sine
1175 444 1274 500 magno
1296 429 1398 506 gemitu
1422 427 1465 486 vei
1487 441 1549 484 raro
1574 435 1655 502 queat
1677 426 1813 486 admitti.
1851 425 1926 483 Hinc

238 539 301 581 nem
323 522 438 579 arbitror
459 517 547 576 hrisse
568 534 706 592 soporem,
730 526 777 576 aut
799 520 900 576 nostris
917 519 1033 576 similem
1090 533 1188 591 nempe
1203 517 1256 574 vim
1280 517 1382 574 iaciunt
1395 518 1442 592 qui
1461 524 1586 591 quaerunt
1608 517 1727 574 animam
1741 529 1881 580 meam,
1899 526 1927 572 nt

237 611 348 677 somnis,
377 623 447 682 quos
473 624 525 666 nec
552 609 787 681 contemplationis
816 624 955 680 excessus,
983 623 1035 665 nec
1090 607 1206 664 clamare
1219 609 1395 665 accessesit:
1409 609 1573 681 Infeliccpo
1588 608 1752 682 tempu-ts
1765 622 1831 663 mc
1851 605 1924 662 iibe-

237 697 420 756 miserationis
441 697 570 764 allectus,
596 700 644 755 sed
666 697 831 754 infirmitatis
845 698 968 754 delectus
982 698 1034 752 im·
1089 697 1164 754 rabit
1178 698 1210 755 de
1223 713 1337 772 corpore
1351 699 1452 755 mortis
1467 697 1571 768 lanius?
1584 701 1675 765 (llom.
1684 713 1737 766 vu,
1751 697 1836 766 24.)
1850 695 1923 750 Inde

236 787 333 858 mittit;
348 803 418 863 qnos
432 804 484 845 nec
497 787 608 855 veritas,
620 803 671 844 nec
685 786 812 855 charitas,
823 787 874 843 sed
887 786 1036 844 necessitas
1089 785 1245 859 priusquam
1261 787 1401 842 comedam
1417 787 1534 859 suspiro,
1548 786 1613 857 qnia
1626 802 1742 863 regnum
1758 783 1923 842 coelornm

236 878 318 950 parit.
348 877 437 934 Grave
465 876 600 948 siquidem
627 878 824 948 iugumsuper
851 873 922 932 filios
948 875 1036 930 Adam
1089 873 1142 931 rim
1157 873 1267 944 patitur,
1283 881 1311 931 et
1325 873 1434 931 violenti
1447 875 1554 946 rapiunt
1568 874 1632 932 illud
1650 874 1767 945 (blattis.
1788 888 1847 936 11.
1863 875 1919 944 list.

238 967 339 1038 (ltccli.
355 981 399 1033 ιι,
415 965 456 1036 ι);
473 979 527 1022 nen
542 973 632 1021 autem
651 965 679 1020 in
694 962 1034 1038 principiosuperhdam,
1088 961 1270 1019 Nihilominus
1293 969 1384 1019 ιιιιιιιι
1413 970 1440 1020 et
1458 962 1512 1020 illic
1535 963 1639 1030 unitas,
1655 973 1684 1020 et
1702 963 1747 1020 hic
1777 962 1921 1018 tenenda

239 1057 289 1112 sed
304 1072 377 1112 nunc
390 1055 446 1124 jam
460 1069 543 1127 super
560 1054 630 1113 filios
643 1055 714 1126 ejus.
729 1053 801 1124 Quid
813 1068 868 1110 non
883 1067 967 1126 grave
980 1051 1035 1108 mi·
1090 1050 1184 1109 divisio
1199 1058 1252 1117 est,
1269 1051 1338 1108 sicut
1357 1059 1385 1108 et
1398 1051 1486 1108 Adam
1502 1059 1647 1126 soporatus
1665 1060 1706 1109 est
1720 1052 1749 1108 in
1764 1057 1918 1108 contem·

239 1144 320 1216 seris,
341 1143 439 1215 quibus
457 1150 486 1199 et
508 1143 601 1201 rivere
620 1143 696 1198 labor
710 1142 776 1198 esti
798 1142 896 1215 quibus
910 1149 938 1198 et
951 1139 1037 1214 (quod
1090 1141 1219 1214 piatione.
1229 1150 1257 1197 et
1272 1142 1397 1198 animalia
1412 1142 1551 1199 nominum
1566 1142 1741 1214 impositione
1751 1141 1917 1198 discrevit.

239 1233 320 1306 pauci
332 1232 458 1290 videntur
468 1231 621 1295 advertere.
632 1230 736 1287 sentire
751 1231 857 1303 penitus
871 1231 963 1302 nemo)
977 1231 1036 1300 ipse
1092 1231 1136 1287 Sic
1150 1229 1287 1296 nimirum,
1305 1231 1343 1287 sic
1363 1240 1390 1288 et
1404 1230 1541 1288 Abraham
1556 1229 1585 1285 in
1599 1229 1744 1298 sacrificio,
1756 1245 1833 1286 non
1852 1229 1915 1301 qui-

241 1337 349 1394 quoque
365 1319 547 1377 sensualitatis
570 1335 635 1375 usus
654 1317 791 1375 invenitur
815 1319 901 1388 oneri,
923 1319 992 1376 adeo
1007 1325 1037 1374 ut
1091 1319 1153 1376 dem
1176 1318 1308 1385 volatilia,
1324 1320 1373 1377 sed
1397 1319 1523 1375 animalia
1545 1318 1644 1389 legitur
1663 1318 1798 1376 divisisse
1827 1319 1913 1388 (Gen.

241 1419 359 1484 nequeat
386 1407 522 1474 sustineri,
551 1407 603 1464 nisi
633 1409 737 1464 alterna
755 1408 851 1481 requie
875 1406 1037 1466 foveamur?
1092 1423 1141 1474 xv,
1158 1411 1185 1476 9,
1206 1409 1262 1480 lh).
1287 1409 1323 1464 Et
1344 1409 1449 1464 Martha
1472 1423 1538 1480 erga
1562 1409 1644 1465 multa
1668 1409 1820 1474 turbatur,
1853 1422 1912 1463 cnm

240 1499 310 1569 Quid
333 1513 388 1554 nou
415 1496 501 1563 labor,
527 1503 555 1552 et
568 1497 657 1566 dolor,
685 1504 713 1552 et
742 1496 854 1554 alilictio
875 1497 986 1568 spiritns
1005 1513 1038 1552 ex
1092 1511 1177 1552 unum
1202 1495 1236 1550 sit
1260 1496 1454 1552 necessarium.
1476 1497 1667 1552 Necessarium
1690 1497 1774 1569 plane
1805 1512 1911 1564 unum,

242 1586 443 1659 omnibusque
464 1585 514 1641 sub
528 1586 586 1642 sole
601 1591 674 1653 sunt,
689 1585 799 1658 quando
813 1592 841 1642 et
854 1585 918 1642 illud
938 1585 963 1642 ei
976 1601 1039 1657 gra-
1093 1592 1121 1641 ot
1136 1584 1254 1641 maxime
1268 1585 1463 1654 necessarium,
1485 1584 1614 1657 quoniam
1629 1587 1687 1642 haec
1700 1601 1768 1658 pars
1783 1584 1909 1657 optima,

239 1675 380 1733 vissimnm
396 1681 448 1746 est,
458 1675 533 1747 qnod
546 1674 717 1746 potissimum
727 1675 888 1742 delectatur,
901 1675 1039 1747 vegetatio
1094 1690 1155 1748 quae
1170 1689 1224 1730 non
1239 1674 1377 1730 auferetur
1391 1675 1466 1744 (Luc.
1482 1689 1514 1744 x,
1529 1677 1573 1744 ll,
1587 1675 1643 1746 tt).
1660 1675 1786 1731 Cessabit
1803 1673 1911 1730 divisio

241 1763 344 1820 scilicet
367 1770 395 1819 at
417 1761 583 1819 sensificatio
597 1763 709 1820 carnis‘.l
723 1763 855 1819 Nimirum
868 1779 949 1836 quam
963 1765 999 1818 sit
1015 1763 1039 1819 ei
1095 1778 1156 1818 curn
1169 1761 1276 1818 venerit
1289 1761 1439 1833 plenitudo,
1453 1770 1480 1818 et
1494 1761 1547 1817 erit
1560 1761 1643 1818 totius
1661 1769 1767 1818 sanctae
1782 1761 1910 1818 civitatis

241 1852 320 1910 dulce
336 1854 515 1918 consortium,
538 1851 616 1908 triste
635 1851 779 1908 divortium
794 1851 958 1922 manifestat,
976 1851 1040 1908 dum
1093 1848 1244 1910 Jerusalem
1262 1849 1432 1921 participatio
1453 1850 1482 1905 in
1505 1849 1632 1924 idipsum.
1648 1851 1760 1908 Interim
1782 1851 1909 1924 Spiritus

240 1941 286 1999 vix
300 1939 410 1997 tandem
423 1939 502 1996 avelli
518 1946 619 2011 potest,
639 1939 704 1996 dum
719 1939 857 2012 corruptio
871 1940 930 2011 ipsa
944 1956 1042 2013 corpo·
1095 1939 1235 2012 sapientiae
1249 1953 1304 1994 non
1324 1940 1404 1996 modo
1424 1939 1538 2008 unicus,
1553 1940 1603 1997 sed
1618 1947 1646 1996 et
1668 1940 1820 2014 multiplex
1839 1946 1905 1997 est:

243 2031 282 2088 ris
304 2032 412 2104 penitus
435 2029 614 2087 intolerabilis
641 2037 684 2087 ιιι
712 2030 860 2102 vegetanti.
886 2031 957 2087 Sane
984 2047 1041 2088 non
1094 2028 1223 2085 interiora
1237 2028 1346 2102 quidem
1361 2029 1387 2084 in
1402 2031 1505 2086 unitate
1519 2027 1649 2097 solidans,
1663 2029 1712 2086 sed
1726 2031 1781 2087 sub
1796 2029 1907 2101 judicio

243 2118 403 2192 simpliciter
421 2135 531 2191 corpus,
550 2119 600 2175 sed
626 2133 725 2190 corpus
753 2119 827 2190 quod
850 2120 1039 2192 corrumpitur,
1095 2117 1230 2175 exteriora
1251 2115 1431 2194 distinguens.
1456 2117 1605 2192 Utrumque
1633 2118 1680 2174 tibi
1703 2119 1732 2174 in
1756 2119 1906 2192 primitiva

243 2217 376 2282 aggravat
404 2209 520 2264 animam
540 2209 617 2281 (Sap.
642 2223 678 2275 rx,
707 2209 767 2279 ta);
793 2217 823 2264 ut
845 2209 993 2267 immunem
1007 2209 1041 2266 ab
1094 2207 1906 2280 Ecclesiacommendatur,quandomattttcdtctscreden-

245 2297 298 2354 hoc
315 2297 474 2380 gravamine
489 2297 569 2370 primi
582 2296 704 2369 parentis
723 2297 841 2352 animam
863 2299 972 2355 noveris
991 2314 1041 2355 ex·
1096 2298 1171 2354 tium
1185 2300 1247 2353 ινιι
1268 2313 1316 2354 cor
1337 2313 1439 2368 unum,
1461 2302 1491 2353 et
1512 2298 1612 2354 anima
1633 2314 1702 2369 uuo,
1723 2312 1758 2352 ne
1777 2295 1903 2354 volatilia

243 2386 355 2455 stitisse,
372 2386 562 2443 donecadbuc
576 2401 674 2457 corpus
688 2395 798 2461 gereret
811 2385 896 2460 [alius
917 2387 1040 2460 degeret!
1096 2386 1300 2456 scinderentnr;
1326 2385 1502 2443 dividebatur
1530 2391 1628 2445 autem
1659 2385 1781 2460 singulis
1811 2390 1902 2460 prout

242 2473 439 2547 incorruptum.
456 2473 588 2529 Nimirum
602 2475 632 2529 in
644 2473 769 2531 libertate
778 2475 872 2547 posuit
882 2491 944 2532 eum
956 2477 1040 2542 Deus,
1095 2477 1196 2550 cuiqam
1210 2489 1282 2547 opos
1300 2478 1363 2531 erut
1379 2474 1453 2545 (Act.
1469 2490 1510 2544 tv,
1525 2477 1570 2541 32,
1587 2475 1644 2545 35),
1659 2480 1688 2531 ut
1703 2473 1840 2530 animalia
1855 2489 1901 2529 se·

241 2572 283 2636 ut,
293 2564 365 2620 inter
377 2578 484 2622 summa
498 2569 527 2619 ιι
540 2561 632 2618 intima
646 2578 768 2632 versans,
782 2571 808 2620 et
823 2565 851 2619 in
865 2563 912 2620 illa
926 2564 1043 2622 excede-
1096 2569 1235 2622 caventur.
1248 2562 1290 2619 Sit
1304 2563 1388 2634 igitur
1398 2563 1478 2619 etiam
1492 2563 1520 2619 in
1531 2563 1620 2631 nobis,
1630 2561 1796 2632 charissimi,
1809 2563 1901 2619 unitas

240 2657 285 2708 tet
313 2651 372 2708 sine
394 2651 565 2721 difficultate,
591 2659 619 2706 et
636 2651 671 2707 ad
692 2651 749 2708 haec
768 2651 827 2708 sine
853 2652 982 2710 illecebra
996 2659 1043 2709 aut
1096 2654 1267 2718 animorum;
1284 2652 1358 2708 unita
1374 2651 1429 2708 sint
1447 2653 1540 2722 corda,
1557 2652 1695 2728 diligendo
1709 2669 1808 2720 tinum,
1825 2667 1900 2725 qnae·

241 2740 393 2798 necesitate
424 2740 623 2808 descenderet;
652 2739 697 2794 illa
737 2748 887 2812 penetrans
927 2741 1042 2798 naturali
1096 2741 1182 2798 rendo
1205 2757 1298 2803 unum,
1319 2741 1484 2797 adherendo
1503 2741 1561 2809 uni,
1587 2753 1614 2799 at
1636 2741 1755 2812 idipsum
1779 2739 1898 2799 invicem

241 2829 387 2888 vivacitate
410 2837 438 2885 et
452 2829 569 2900 puritate
592 2829 703 2896 mentis,
718 2829 778 2884 lraec
791 2827 951 2886 auctoritate
970 2827 1041 2897 diju·
1097 2829 1253 2888 sentiendo.
1265 2829 1310 2886 Sic
1323 2829 1449 2886 nimirum
1465 2829 1584 2887 exterior
1601 2830 1660 2903 ipsa
1670 2829 1767 2887 divisio
1784 2837 1815 2886 et
1829 2845 1895 2886 eva·

241 2917 336 2976 dens
350 2916 529 2990 presidentis.
550 2915 672 2989 lienique
695 2917 812 2972 adducta
835 2924 898 2973 sunt
918 2915 1042 2972 animalia
1098 2919 1137 2975 dit
1152 2919 1311 2990 periculum,
1323 2924 1351 2976 et
1364 2919 1522 2974 scandalum
1532 2933 1586 2975 non
1601 2917 1729 2981 incurrit:
1743 2919 1812 2973 dum
1825 2918 1897 2974 vide·

242 3007 276 3064 ad
292 3007 391 3075 Adam,
406 3013 437 3069 ut
450 3005 559 3064 videret
580 3006 646 3079 quid
667 3014 779 3063 vocaret
792 3019 825 3062 ea
839 3007 918 3076 (Gen.
934 3021 964 3078 u,
980 3005 1039 3076 t9);
1098 3007 1171 3078 licet,
1189 3008 1239 3065 etsi
1253 3008 1362 3080 propria
1374 3007 1472 3080 cuique
1488 3007 1645 3076 tolerantia,
1661 3008 1771 3079 propria
1786 3022 1896 3079 quoque

243 3111 299 3154 non
326 3097 386 3170 ipse
414 3095 505 3170 aliqua
533 3094 688 3152 curiositate
711 3095 809 3152 ductus
823 3102 866 3152 est
888 3097 918 3152 ut
935 3093 1042 3153 videret
1101 3112 1294 3170 nonnunquam
1314 3097 1341 3153 in
1361 3097 1478 3154 terrenis
1496 3095 1611 3170 agendis
1633 3095 1780 3162 sententia,
1797 3097 1849 3152 sed
1870 3103 1895 3151 et

242 3201 286 3244 ea.
1099 3185 1207 3244 diversa
1220 3187 1359 3242 interdum
1372 3185 1445 3243 dona
1458 3185 1616 3258 gratiarum,
1633 3201 1684 3242 nec
1696 3185 1823 3240 membra
1836 3197 1897 3240 orn-

278 3276 305 3330 3.
322 3274 385 3330 Non
399 3274 437 3330 sic
461 3272 489 3329 in
516 3271 596 3328 nobis
614 3271 700 3328 libera
728 3271 808 3339 ratio,
823 3273 870 3329 sed
885 3272 1004 3347 undique
1018 3273 1056 3346 ei·
1098 3276 1143 3331 nia
1163 3282 1252 3332 actum
1270 3275 1397 3331 eumdem
1420 3275 1548 3332 videntur
1565 3273 1685 3346 habere3
1700 3275 1790 3329 unitas
1806 3281 1896 3330 tamen

250 3361 407 3440 luctandum
422 3369 475 3420 est.
492 3363 537 3418 Sic
551 3361 624 3418 enim
638 3369 666 3418 et
681 3361 715 3416 ab
729 3359 829 3418 infimis
841 3361 916 3420 visco
927 3362 1045 3436 quodam
1099 3363 1214 3421 interior
1227 3371 1255 3421 et
1268 3363 1431 3419 unanimitas
1444 3363 1531 3435 ipsam
1547 3378 1656 3436 quoque
1670 3361 1894 3435 multiplicitatem

244 3451 446 3528 captivassltl
458 3449 880 3525 tenetur,ctasummisindigna
890 3451 1045 3523 repellitur:
1100 3453 1210 3526 colligat
1228 3459 1256 3509 et
1278 3451 1446 3526 constringat
1460 3451 1598 3509 charitatis
1615 3451 1730 3526 glutino,
1745 3457 1776 3508 et
1788 3449 1894 3509 vinculo

243 3549 274 3598 ut
301 3555 354 3598 nee
381 3542 415 3596 ab
439 3540 481 3596 his
505 3539 563 3596 sine
584 3539 661 3596 dolor
675 3541 761 3612 possit
774 3539 863 3611 avelli,
888 3541 1047 3598 necadilla
1100 3541 1185 3614 pacis.

940 3697 1195 3716 *a

882 3831 924 3898 IN
947 3832 1088 3900 CAPl'l'E
1110 3829 1264 3900 lElUNll.

556 3969 674 4030 SERNO
703 3970 725 4030 l.
1137 3971 1211 4030 Felix
1229 3971 1393 4042 membrum,
1409 3972 1483 4046 qnod
1497 3973 1559 4031 hnic
1577 3971 1726 4032 adheserit
1742 3989 1795 4048 per
1807 3989 1896 4032 onmia

252 4059 324 4132 Quid
334 4063 372 4120 stt
386 4075 495 4133 augme
508 4065 607 4134 caput,
622 4065 650 4121 ct
664 4063 767 4134 facicm
782 4060 997 4136 huarclllctth.
1008 4075 1046 4132 rr,
1103 4059 1195 4134 capiti,
1210 4067 1239 4118 et
1261 4068 1391 4134 sequetur
1411 4059 1480 4118 illud
1503 4077 1666 4136 quocunque
1685 4061 1760 4120 ierit.
1773 4061 1895 4136 Alioquin

586 4135 633 4202 ¹⁶2
649 4133 707 4206 ¹7)·
1103 4148 1127 4204 si
1154 4147 1225 4206 forta
1247 4148 1368 4205 abscindi
1392 4149 1569 4222 separarique
1596 4149 1753 4224 contingat,
1777 4150 1897 4223 privetur

282 4240 310 4296 l.
326 4236 427 4307 llodie,
438 4236 617 4309 dilectissimi,
628 4254 736 4296 sacrum
745 4238 968 4315 Quadragesimae
984 4245 1049 4297 tem-
1104 4237 1196 4294 statim
1219 4253 1332 4296 necesse
1355 4245 1398 4296 ιιι
1416 4238 1499 4296 etiam
1520 4238 1616 4313 spiritu
1635 4240 1708 4299 rite.
1723 4237 1896 4313 Quacunqne

246 4345 300 4403 pus
330 4327 507 4401 ingredimur,
533 4337 642 4401 tempus
668 4327 769 4384 militiae
786 4328 957 4386 Christianae.
986 4328 1047 4387 Non
1064 4347 1088 4426 υ
1105 4327 1179 4384 enim
1193 4325 1280 4398 portio
1295 4327 1376 4401 capiti
1388 4344 1445 4386 non
1459 4329 1588 4396 cohaeret,
1602 4329 1676 4386 unde
1691 4327 1716 4386 ei
1730 4327 1791 4402 jam
1805 4343 1896 4386 sensus

247 4417 327 4476 nobis
350 4418 495 4491 singularis
515 4427 557 4477 est
579 4421 640 4475 haec
664 4417 840 4488 observati03
859 4434 912 4476 una
927 4419 1047 4477 omnium
1103 4425 1151 4474 ant
1172 4417 1246 4474 vitai
1260 4416 1317 4475 Nec
1340 4431 1407 4474 sane
1429 4416 1517 4474 deerit
1540 4416 1586 4492 qui
1605 4417 1757 4492 expositam
1775 4427 1895 4492 occupet,

246 4518 297 4580 est,
307 4507 464 4581 quicunque
479 4508 508 4564 in
523 4507 649 4566 eamdem
657 4504 722 4564 lidei
731 4507 896 4565 conveniunt
905 4503 1047 4570 unitatem.
1102 4516 1133 4565 ut
1155 4523 1190 4565 ne
1214 4513 1277 4563 tunc
1298 4505 1409 4578 quidem
1432 4507 1467 4564 sit
1489 4507 1593 4580 absque
1616 4507 1715 4580 capite.
1730 4506 1896 4564 Genninabit

246 4595 347 4668 Qttidni
361 4612 506 4654 commune
521 4596 556 4652 sit
571 4594 670 4652 Christi
686 4595 820 4666 jejunium
834 4597 1048 4655 omnibuschri-
1102 4613 1211 4653 rursum
1222 4595 1299 4651 radix
1313 4596 1511 4666 amaritudinis,
1526 4603 1692 4656 venenatum
1705 4605 1788 4668 capnt
1802 4595 1895 4653 iterum

247 4685 363 4744 stianisi
377 4685 474 4758 quidni
493 4691 575 4756 caput
590 4697 669 4738 suum
688 4683 812 4739 membra
828 4687 1004 4759 sequantur?
1019 4686 1048 4741 si
1100 4683 1260 4759 pullulabit3
1274 4683 1351 4752 illud,
1372 4685 1495 4759 inquam,
1509 4693 1599 4760 caput,
1615 4685 1689 4758 quod
1704 4685 1734 4740 in
1747 4701 1780 4742 eo
1794 4685 1895 4742 contri·

246 4773 318 4833 bona
343 4774 515 4846 suscepimus
538 4773 574 4828 ab
588 4772 640 4830 hoc
658 4771 758 4846 capite,
773 4772 844 4847 mala
858 4783 949 4834 autem
964 4789 1048 4850 qnare
1100 4780 1179 4832 verat
1192 4779 1256 4829 ante
1270 4771 1349 4830 tortis
1362 4775 1468 4848 mulier,
1482 4782 1571 4831 mater
1579 4775 1710 4832 Ecclesia.
1728 4773 1794 4833 Dico
1809 4782 1893 4832 antem
1954 4771 1955 4826 l

246 4877 301 4920 non
323 4860 531 4919 sustineamus?
551 4862 595 4918 An
609 4877 740 4935 respuere
763 4863 851 4922 tristia
871 4865 1006 4933 volumus,
1021 4872 1049 4924 et
1103 4861 1212 4936 quando
1222 4877 1273 4935 par
1282 4879 1344 4920 eam
1358 4872 1537 4942 regeneratus
1552 4869 1594 4922 ιιι
1606 4863 1635 4921 in
1645 4877 1723 4938 spem
1733 4863 1806 4939 vitae,
1817 4880 1894 4939 quem

246 4947 448 5008 communicare
473 4946 624 5019 jucundis?
651 4949 679 5008 Si
707 4949 747 5007 ita
771 4958 824 5023 est,
851 4951 980 5026 indignos
998 4967 1048 5010 nos
1101 4959 1198 5009 natura
1217 4951 1302 5010 lilium
1317 4953 1366 5009 irae
1384 4961 1472 5010 mater
1484 4954 1601 5011 carnalis
1615 4952 1750 5012 ediderat.

246 5037 343 5112 capitis
357 5037 439 5108 hujus
452 5035 662 5111 participatione
680 5039 836 5112 probamus.
865 5039 955 5098 Omne
975 5041 1048 5098 eninr
1137 5046 1164 5098 2.
1180 5042 1292 5100 videbit
1305 5056 1373 5115 ergo
1381 5043 1448 5113 jam,
1459 5043 1483 5100 si
1496 5043 1578 5100 luerit
1591 5045 1637 5118 qui
1650 5043 1787 5102 revelatos
1800 5042 1893 5101 habeat

247 5128 324 5202 quod
349 5126 454 5201 patitur
476 5125 534 5193 ille,
557 5141 607 5197 pro
624 5127 703 5184 nobis
716 5136 769 5185 est.
784 5128 864 5199 Quod
884 5129 906 5184 si
920 5129 948 5186 in
962 5143 1048 5202 opere
1100 5127 1184 5188 sta
1197 5131 1292 5190 oculas
1305 5131 1411 5201 cordis,
1427 5137 1455 5189 et
1473 5132 1648 5205 spiritualiter
1668 5133 1815 5202 intueatur,
1829 5133 1891 5190 hor·

247 5217 342 5274 sslnds
358 5219 460 5273 nostra
474 5213 500 5272 ei
513 5214 681 5273 collaborare
694 5217 780 5291 piget,
803 5218 833 5273 in
848 5233 902 5292 qno
917 5218 1049 5293 deinceps
1101 5221 1218 5278 rendum
1233 5222 1346 5279 omnino
1359 5229 1520 5292 monstrum,
1536 5237 1636 5296 corpus
1651 5221 1762 5296 quidem
1771 5223 1892 5291 bominis,

247 5305 422 5378 coadjutores
436 5320 486 5365 nos
500 5305 691 5364 exhibebimus
705 5305 763 5364 init
783 5306 845 5366 Non
858 5316 899 5366 ιιι
917 5324 1047 5386 magnum
1101 5319 1183 5383 capnt
1207 5319 1300 5369 antem
1323 5311 1455 5368 demonis
1473 5310 1589 5369 habens.
1602 5313 1666 5369 Non
1688 5310 1775 5370 solum
1796 5321 1891 5379 autem,
1954 5357 1955 5368 ,

247 5394 271 5452 si
280 5395 390 5466 jejunet
401 5409 463 5452 cum
477 5394 597 5462 Christo,
621 5395 668 5470 qni
677 5411 803 5454 ιιιιιιιιιι
817 5405 860 5455 est
873 5396 908 5454 ad
924 5413 1047 5456 mensam
1100 5400 1151 5457 sed
1162 5401 1246 5460 etiam
1267 5409 1347 5458 erunt
1361 5400 1419 5458 sine
1440 5400 1523 5458 dubio
1536 5399 1684 5459 novissima
1698 5400 1815 5459 hominis
1827 5401 1893 5459 illius

246 5484 333 5541 Patris
359 5499 421 5543 curn
446 5485 516 5558 ipso.
546 5487 610 5544 Non
629 5494 671 5544 est
697 5501 826 5566 magnam
848 5487 871 5545 si
884 5487 1048 5562 compatitur
1100 5491 1198 5564 pejora
1214 5490 1366 5563 prioribus,
1382 5503 1445 5548 curn
1466 5490 1608 5564 vipereum
1629 5488 1696 5550 illud
1718 5499 1811 5566 capnt,
1826 5491 1893 5567 qnod

247 5573 399 5634 ruembrum
428 5575 521 5650 capiti,
550 5589 611 5634 carn
640 5590 695 5651 qno
723 5585 752 5636 ιι
770 5574 978 5653 glorificandum
991 5585 1045 5642 ιιι,
1100 5579 1176 5654 prius
1189 5577 1279 5640 iuerat
1290 5586 1470 5654 amputatum,
1481 5595 1537 5638 non
1546 5581 1650 5658 absque
1665 5587 1773 5657 septem
1784 5581 1894 5658 ιιιιῐι-
