4086 6344
184 399 240 462 895
670 395 698 454 S·
717 395 885 458 uehuntur
901 395 1039 458 muttit
1056 393 1370 458 beRAE-VALLRNSIS
1777 385 1831 448 896

187 527 283 597 (dant.
294 539 314 593 r,
329 524 369 596 3).
384 523 450 578 Poto
464 527 576 594 propter
587 521 690 596 aliquas
710 525 745 580 de
766 538 879 579 numero
902 523 978 596 ipse·
996 537 1020 616 st
1037 539 1109 579 mum
1133 520 1242 596 quidem
1275 538 1304 579 se
1335 521 1421 593 ipsum
1447 520 1536 592 prodit
1561 531 1672 576 monum
1691 501 1832 573 obeunte.

186 631 256 680 rum,
273 629 333 686 quse
347 624 401 668 non
416 609 487 666 idem
507 619 643 682 saperent,
661 611 727 668 iicet
741 613 841 685 pariter
868 627 979 670 currere
1035 611 1138 670 Deinde
1160 611 1226 683 quid
1246 609 1319 666 aliud
1341 607 1507 666 detrahendo
1531 603 1656 674 intendit,
1680 603 1732 659 nisi
1751 611 1782 660 ut
1797 601 1833 668 ιι,

186 703 344 762 riderentur
360 715 441 771 ;quae
456 714 505 756 sua
519 707 581 756 sunt
589 709 750 772 querentes,
766 707 793 755 et
806 715 862 757 uon
887 700 980 757 ambu-
1035 701 1078 757 cui
1092 699 1219 769 detrabit,
1233 697 1323 754 veniet
1338 697 1364 753 in
1387 698 1479 755 odium
1497 696 1541 754 rei
1556 699 1740 765 contemptum
1753 691 1832 762 ipsis,

185 791 270 846 lantes
289 788 449 858 simpliciter
463 803 550 860 neque
560 789 675 856 sincere,
690 789 735 845 sed
752 789 862 858 speciali
887 789 981 863 gloriae
1035 789 1105 860 apud
1119 803 1189 860 quos
1201 787 1341 843 detrahit?
1356 785 1429 843 Ferit
1441 799 1510 856 ergo
1524 781 1684 840 charitatem
1703 779 1732 836 in
1746 779 1834 838 omni-

186 876 279 935 matris
293 877 455 946 invidentes,
469 884 648 948 etcaptentes
662 875 833 933 occasionem
857 893 980 934 murmu-
1034 878 1087 933 bus
1101 877 1148 949 qui
1162 893 1192 933 se
1206 879 1318 932 audiunt
1340 876 1431 944 linque
1455 873 1595 942 maledice,
1614 882 1642 929 et
1664 871 1834 944 quantumin

186 966 262 1024 modi
276 967 408 1023 adversus
427 981 497 1031 eam,
523 982 555 1023 ex
575 983 609 1022 eo
631 967 759 1023 nimirum
785 967 857 1038 quod
873 968 931 1023 soie
954 967 981 1022 in
1036 982 1065 1023 se
1078 977 1127 1032 est,
1145 975 1224 1023 necat
1239 965 1360 1022 funditus
1375 972 1402 1020 ιι
1423 963 1590 1036 exstinguit:
1606 976 1660 1017 non
1678 961 1768 1018 solnm
1783 975 1834 1014 eu-

186 1055 293 1112 cellerie
318 1057 465 1112 introisset.
484 1057 563 1128 Quod
591 1071 645 1112 non
666 1065 707 1113 est
730 1055 803 1112 eliud
832 1056 881 1111 nisi
908 1055 981 1128 qnod
1036 1063 1102 1123 tem,
1123 1054 1170 1110 sed
1184 1063 1211 1111 et
1225 1055 1252 1110 in
1271 1053 1426 1109 absentibus
1446 1051 1592 1118 universis,
1606 1051 1639 1108 ed
1658 1065 1727 1124 quos
1741 1049 1836 1107 rolens

187 1142 333 1217 Apostolus
347 1145 383 1201 ιιι
393 1161 400 1198 :
412 1145 576 1202 Periculum
590 1147 622 1201 in
629 1147 712 1216 salsis
722 1144 861 1215 fratribus
871 1145 911 1215 (ll
919 1146 980 1204 Gor.
1036 1144 1148 1199 verbum
1157 1141 1226 1198 lorte
1240 1127 1287 1211 per
1298 1155 1353 1208 eos,
1370 1139 1417 1214 qui
1432 1146 1589 1211 presentes,
1604 1148 1676 1207 sunt,
1691 1135 1836 1211 pervenire

187 1247 229 1302 ιιι,
244 1235 288 1288 ιι.
304 1230 375 1307 lpsae
402 1240 464 1288 sunt
488 1233 605 1305 denique
631 1231 729 1305 quibus
758 1232 984 1303 exprobrantibus
1037 1230 1191 1302 contigerit.
1207 1228 1288 1285 Vides
1306 1244 1387 1301 quem
1401 1226 1480 1283 lacile
1499 1235 1525 1283 et
1548 1225 1576 1282 in
1600 1227 1675 1282 beri
1695 1225 1834 1298 ingentem

187 1322 303 1381 subinde
326 1337 374 1394 pro
393 1337 423 1378 se
441 1321 596 1378 satislaoere
619 1321 734 1393 cogitur,
750 1320 796 1376 ubi
819 1322 859 1379 eis
881 1321 918 1377 ita
941 1337 983 1377 re·
1037 1317 1235 1376 multitudinem
1266 1323 1417 1374 animarum
1450 1314 1577 1372 velociter
1608 1328 1720 1370 currens
1748 1328 1837 1370 sermo

187 1412 322 1483 spondet:
339 1412 512 1484 dilacerem,
528 1411 575 1468 sed
589 1413 723 1482 sermnem
740 1410 811 1481 illice
825 1411 984 1469 lernsclem
1039 1407 1099 1464 tabe
1122 1405 1230 1462 malitiae
1244 1407 1327 1478 hujus
1355 1405 1463 1462 inlicere
1487 1403 1584 1476 possit.
1605 1404 1751 1472 Propterea
1770 1401 1838 1456 dicit

192 1503 287 1571 (Geel.
305 1517 324 1570 ι,
340 1503 379 1571 ι).
398 1502 490 1574 itaque
519 1508 629 1572 propter
640 1507 839 1555 murmurantes
863 1507 890 1554 et
906 1500 981 1555 hias·
1039 1496 1182 1554 dctehbus
1205 1496 1378 1567 propheticus
1405 1493 1535 1565 spiritns:
1564 1495 1730 1563 Qecrrrmos
1749 1491 1838 1548 mele

188 1590 346 1660 phennantes
360 1587 458 1643 dieitur
471 1587 505 1642 ab
518 1587 562 1642 bis
575 1602 637 1660 qnae
652 1588 740 1658 bonne,
757 1601 819 1658 quse
833 1585 983 1658 simplices,
1038 1584 1161 1643 dictione
1179 1590 1208 1642 et
1226 1583 1423 1642 amaritudine
1436 1583 1555 1657 phetam
1573 1586 1627 1648 cst,
1640 1582 1744 1640 veloces
1754 1579 1839 1654 pedes

190 1692 251 1748 quee
270 1674 387 1732 humiles
408 1685 435 1733 et
453 1681 601 1731 mansuetae
627 1683 704 1743 sunt;
732 1674 766 1729 ab
785 1675 837 1742 his,
860 1673 983 1746 inquam,
1040 1691 1139 1733 eorum
1157 1673 1193 1730 nd
1208 1672 1414 1746 effundendum
1432 1673 1601 1744 sanquinem
1617 1671 1705 1740 (Paal.
1721 1683 1785 1736 xus,
1797 1671 1836 1738 3).

190 1765 289 1822 ιιιιιιιι
301 1779 408 1835 sponse
427 1763 583 1821 consolandi
597 1763 701 1837 gratia:
719 1764 796 1821 ilenti
809 1763 935 1836 dilipnnl
947 1767 981 1822 tc.
1040 1763 1204 1834 Utiquetum
1215 1763 1419 1835 teloees‚quem
1428 1761 1556 1819 velociter
1565 1759 1649 1817 currit
1658 1758 1839 1816 aermo.Unus

190 1855 249 1909 Non
263 1851 298 1909 sit
311 1852 369 1918 tibi,
383 1851 518 1926 inquiunt,
534 1867 597 1908 cura
611 1851 645 1908 de
660 1850 752 1924 inique
776 1852 986 1922 reprehensione
1002 1847 1025 1926 Β
1040 1860 1082 1910 ιιι
1096 1851 1140 1924 qui
1154 1851 1281 1924 loquitur,
1294 1861 1321 1908 et
1336 1868 1418 1908 unum
1434 1857 1537 1908 ιιιιιιιιι
1553 1850 1663 1906 verbum
1679 1847 1783 1921 prolert
1793 1865 1801 1913 ;
1811 1855 1840 1904 ιι

189 1941 405 2012 blasphemarum
417 1942 523 2005 herum,
538 1957 598 1995 cum
614 1947 717 1996 constet
738 1941 802 2013 quia
816 1942 893 1998 hecti
920 1941 985 1999 dili·
1042 1951 1131 1999 temen
1147 1941 1215 1998 illud
1231 1957 1316 1998 unum
1329 1942 1454 2010 uerbum,
1469 1955 1524 1996 uno
1539 1939 1566 1995 i'n
1580 1945 1728 2007 momento,
1743 1937 1838 1993 multi-

190 2034 262 2104 pnnt
280 2035 316 2088 te.
336 2029 411 2086 Bona
421 2029 539 2101 prolecto
553 2029 712 2100 consolatio,
732 2043 794 2085 cum
809 2030 985 2101 blaspbema-
1040 2031 1142 2087 tudinis
1158 2031 1338 2100 audientium,
1354 2031 1420 2086 dum
1434 2045 1514 2086 eures
1529 2027 1619 2094 inlicit,
1631 2027 1736 2084 animas
1751 2027 1839 2083 inter·

191 2135 253 2174 usur
266 2135 281 2174 a
296 2117 372 2174 malis
387 2120 457 2173 bene
480 2116 620 2186 iacientes,
644 2117 750 2174 siracti
777 2117 892 2192 diligant
923 2135 983 2176 nos.
1040 2117 1105 2186 licit,
1121 2119 1173 2176 Cor
1187 2119 1322 2192 siquidem
1337 2117 1399 2174 felle
1422 2117 1514 2174 liroris
1535 2133 1655 2172 amarum
1677 2133 1725 2188 per
1739 2117 1840 2192 linquae

190 2205 414 2265 Omninosulstcit
427 2207 557 2262 adversus
571 2219 602 2262 os
619 2205 787 2277 loquentium
807 2205 907 2278 inique,
924 2207 983 2279 opi·
1040 2208 1244 2264 instrumentum
1269 2205 1399 2281 spargere
1419 2206 1471 2262 nisi
1493 2222 1585 2262 amera
1608 2222 1664 2262 nou
1685 2214 1782 2276 potest,
1798 2205 1839 2260 di·

190 2296 235 2354 nio
248 2296 383 2352 bonorum
397 2310 457 2352 cum
472 2293 627 2350 testimonio
641 2293 825 2350 conscientie.
843 2295 875 2349 ln
886 2297 984 2352 Domi·
1041 2297 1249 2354 oenteDomino:
1259 2297 1483 2355 deabandanlia
1492 2295 1839 2370 cardisoslcquiturllttc·

191 2401 227 2444 rto
236 2383 400 2441 laudabitur
409 2382 891 2452 unima,mea,nudiantmansneli,
900 2390 927 2441 el
938 2385 986 2440 tn-
1040 2403 1083 2453 ιιι,
1097 2386 1154 2457 ib).
1174 2387 1209 2442 Et
1223 2393 1288 2442 sunt
1302 2385 1408 2460 species
1428 2384 1513 2457 pestis
1527 2384 1617 2454 hujus,
1633 2383 1697 2439 dum
1716 2382 1762 2439 alii
1776 2381 1840 2456 qui-

192 2474 455 2539 centunitcnsceti,
470 2470 566 2544 inquit,
579 2474 715 2529 loelcnlar
730 2469 928 2543 (psalmum,
945 2475 984 2544 2).
1040 2476 1103 2531 dem
1118 2475 1190 2531 nude
1205 2485 1286 2547 atque
1300 2475 1490 2540 irreverenter,
1506 2473 1546 2530 uti
1558 2473 1585 2528 in
1599 2472 1712 2529 buccam
1728 2471 1839 2538 venerit,

190 2561 338 2620 bleusuetis
362 2561 491 2632 placeam,
509 2569 535 2616 et
548 2559 735 2632 equanimiter
749 2559 829 2617 audio
855 2543 985 2635 quidquid
1041 2565 1115 2624 virus
1129 2573 1255 2622 evomant
1270 2563 1461 2632 detractionis;
1482 2563 1527 2619 alii
1550 2569 1639 2618 antem
1661 2560 1777 2634 quodam
1801 2559 1841 2615 si-

191 2652 220 2708 in
233 2667 277 2708 me
287 2651 389 2722 iactare
403 2647 520 2708 voluerit
533 2649 603 2706 livor
613 2649 789 2721 perditarum.
1041 2654 1147 2711 muletee
1162 2653 1335 2711 verecundie
1351 2651 1413 2709 luco
1426 2659 1584 2724 conceptam
1598 2648 1741 2718 malitiam,
1759 2647 1853 2723 qneur'

227 2744 253 2799 ³.
269 2741 342 2815 Erqo
356 2739 382 2795 in
397 2740 450 2798 hoe
463 2753 545 2794 sensu
558 2744 626 2826 puto
639 2737 804 2809 appositum,
825 2740 905 2796 ilenti
918 2740 986 2798 dili·
1041 2743 1157 2801 retinere
1171 2758 1225 2800 non
1243 2750 1367 2814 possunt,
1391 2742 1552 2796 adumbrare
1575 2747 1719 2798 conentur.
1743 2739 1843 2796 Videas

191 2835 265 2905 peni
276 2835 313 2888 le.
330 2829 386 2885 Nec
399 2827 525 2892 absurde,
541 2835 572 2884 ut
587 2826 691 2882 aestimn
706 2844 713 2881 :
730 2840 791 2882 cum
807 2829 906 2900 ubique
917 2846 987 2904 pane
1040 2833 1093 2888 alta
1106 2831 1235 2904 proemitti
1253 2830 1382 2902 suspirie,
1397 2829 1488 2902 sieque
1501 2829 1619 2901 quadem
1633 2843 1693 2886 cum
1708 2827 1844 2904 qraritate

191 2919 219 2974 in
247 2918 331 2974 choro
353 2913 614 2972 adolescentularum
640 2914 705 2970 tales
728 2914 908 2984 inveniantur,
926 2936 986 2991 quae
1040 2929 1066 2975 et
1088 2920 1224 2986 tarditate,
1249 2919 1327 2977 uultu
1355 2925 1464 2990 moesto,
1489 2916 1608 2974 dimissis
1630 2914 1793 2988 superciliis,
1816 2923 1844 2972 et

192 3017 368 3079 acheponsae
381 3003 489 3063 curiose
509 3005 664 3074 observent,
681 3003 840 3079 derogandi,
857 3023 910 3064 non
926 3007 986 3063 imi·
1041 3025 1107 3066 uoce
1134 3008 1272 3082 plangenti
1301 3007 1396 3082 egredi
1429 3005 1645 3062 maledictionem
1672 3010 1699 3059 et
1731 3003 1842 3077 quidem

192 3095 268 3154 unci
281 3111 372 3152 cause.
387 3095 557 3167 Torqueutur
570 3092 597 3147 in
611 3092 691 3148 bonis
706 3093 844 3149 seniorum
863 3111 984 3164 suorum,
1040 3104 1113 3153 tanto
1138 3094 1393 3169 persuasibiliorem,
1410 3103 1512 3167 quanto
1534 3094 1654 3150 creditur
1677 3093 1710 3148 ab
1732 3092 1775 3147 bis
1795 3092 1839 3164 qui

193 3183 273 3241 melis
288 3190 443 3254 pascuntur.
459 3181 558 3239 Videas
578 3180 719 3238 ambulare
733 3197 866 3252 seorsum,
885 3200 986 3243 conve-
1004 3146 1163 3251 caudium,
1180 3184 1261 3241 corde
1277 3182 1375 3250 inrito,
1395 3191 1422 3240 et
1441 3182 1527 3253 magis
1545 3181 1714 3240 condolentis
1727 3179 1836 3247 ellectu,

194 3273 255 3330 nire
268 3271 320 3327 sibi
335 3279 363 3327 et
372 3269 467 3326 sedere
496 3267 605 3340 pariter,
622 3269 840 3341 mosquelanere
860 3287 987 3342 procaces
1041 3289 1122 3346 qunm
1137 3272 1269 3329 malitiose
1284 3270 1408 3344 prolerri.
1423 3271 1521 3336 Doleo,
1536 3270 1633 3343 inquit,
1654 3273 1839 3334 uehementer,

192 3360 299 3432 linguas
313 3360 339 3415 in
361 3357 547 3415 detestandum
562 3358 725 3414 susurrium.
740 3359 799 3415 Una
808 3359 855 3432 qui
867 3363 927 3432 conj
933 3380 988 3418 un·
1043 3376 1091 3434 pro
1109 3377 1142 3418 eo
1158 3361 1234 3435 qnod
1249 3360 1333 3435 diligo
1351 3376 1413 3417 eum
1427 3360 1505 3430 satis,
1526 3369 1554 3416 et
1568 3373 1704 3431 nunquam
1720 3359 1795 3429 potui
1808 3359 1844 3414 de

193 3449 274 3526 gitur,
303 3463 354 3506 nec
370 3445 481 3505 1311
497 3445 662 3519 spiraculum
678 3447 819 3504 inceditis
833 3449 891 3520 cis;
917 3459 989 3508 tanta
1042 3453 1094 3507 bac
1116 3465 1145 3505 re
1168 3449 1305 3524 corrigere
1327 3465 1400 3508 euru.
1416 3449 1448 3505 Et
1466 3447 1553 3504 eiius:
1570 3447 1635 3502 ilibi
1658 3447 1781 3519 quidem,
1795 3445 1843 3516 eit,

193 3549 235 3596 est
249 3537 334 3595 libido
346 3534 516 3601 detrahendi,
541 3533 700 3590 audiendive
724 3535 920 3594 detrahentem.
943 3543 988 3597 ln·
1042 3539 1112 3595 bene
1130 3548 1298 3610 conspertum
1323 3537 1408 3594 inerat
1429 3537 1464 3594 de
1482 3536 1530 3592 illo
1552 3535 1644 3592 istud:
1665 3534 1715 3591 sed
1734 3549 1781 3606 per
1801 3547 1845 3588 me

194 3637 259 3686 eunt
273 3625 480 3684 familiaritatem
495 3622 530 3677 nd
545 3623 772 3689 maledicendum,
792 3627 942 3686 concordes
955 3633 988 3687 ed
1043 3643 1183 3699 nunqnam
1197 3625 1368 3683 innotuisset.
1384 3627 1417 3684 ht
1430 3625 1559 3698 quonism
1582 3637 1632 3698 per
1654 3624 1770 3680 alterum
1794 3638 1844 3694 pe·

192 3715 364 3775 discordiam.
380 3710 529 3769 concilient
556 3711 627 3765 inter
645 3726 674 3766 ee
705 3710 906 3772 inimicissimas
924 3718 991 3774 emi·
1044 3717 1140 3774 telecte
1155 3726 1263 3784 estres,
1279 3715 1593 3790 remutemneqsrenon
1608 3712 1846 3788 possumsdolene
1930 3745 1934 3753 ·

128 3835 129 3839 =
192 3805 280 3869 sitias,
295 3810 322 3857 et
337 3800 394 3872 peri
407 3806 593 3856 consentanee
607 3795 782 3871 malignitatis
796 3801 893 3861 ellectu
917 3805 990 3864 cele·
1043 3806 1115 3878 dion,
1143 3822 1241 3864 revera
1265 3805 1301 3862 ita
1321 3815 1372 3862 ιιι.
1396 3805 1430 3862 Et
1451 3803 1542 3861 addit:
1559 3803 1670 3862 Grande
1696 3802 1844 3860 damnum!

193 3895 288 3950 bretun
305 3890 398 3947 odiose
416 3885 533 3944 collatio.
552 3885 626 3940 lieud
647 3901 725 3943 ιιιιιι
746 3903 827 3962 egere
854 3892 990 3962 quondam
1043 3912 1104 3952 nem
1120 3895 1186 3952 alies
1199 3895 1309 3968 qnidam
1323 3894 1351 3950 in
1366 3893 1491 3966 pluribus
1504 3894 1595 3966 ralet;
1610 3900 1739 3951 ceterum
1752 3891 1781 3947 iu
1796 3892 1848 3948 bae

194 3979 317 4038 Herodes
331 3989 359 4034 et
373 3977 484 4041 Pilatus,
499 3973 534 4030 de
555 3973 653 4044 quibus
680 3984 772 4032 narrat
807 3977 989 4053 Evangelium
1044 3995 1129 4057 parte,
1146 3993 1175 4040 nt
1190 4001 1283 4040 verum
1303 3983 1441 4051 letmmur,
1461 3982 1584 4040 excusari
1609 3979 1723 4037 minime
1747 3987 1846 4051 potest.

195 4064 618 4142 quiescetisarttamt'ct'irtilla
632 4064 921 4140 ⁶5⁶(111lss111b12).
939 4069 990 4126 hoo
1079 4077 1105 4130 b.
1137 4073 1185 4130 liis
1215 4073 1307 4146 paucis
1337 4073 1467 4130 adversus
1493 4071 1721 4148 malignissimam
1748 4068 1846 4127 sitiunt

194 4158 277 4214 estin
293 4156 337 4212 die
351 4153 498 4212 Dominicee
521 4151 666 4223 passionis.
696 4149 927 4213 Goneemmtibus
951 4157 991 4214 ιιι
1044 4161 1272 4231 commemoratis,
1287 4171 1455 4218 revertamur
1476 4161 1510 4216 ad
1530 4157 1691 4232 explanandi
1710 4157 1847 4223 ordinem,

194 4246 223 4300 in
237 4260 332 4316 unum,
347 4259 401 4302 non
416 4253 457 4299 est
482 4241 655 4297 Dominicem
684 4256 788 4298 coenem
816 4246 989 4314 manducare,
1045 4259 1072 4308 ιι
1085 4251 1301 4308 demonstremus
1309 4249 1355 4320 qui
1369 4249 1423 4306 sint
1436 4251 1489 4306 boc
1498 4249 1559 4306 ioco
1571 4246 1740 4321 intelligendi
1758 4249 1850 4304 ilenti.

196 4333 244 4391 sed
258 4334 345 4408 magis
354 4333 498 4406 propinare
512 4340 540 4388 et
553 4331 647 4388 bibere
660 4329 769 4388 calicem
780 4331 988 4404 demoniorum
1044 4340 1105 4396 Non
1119 4339 1190 4395 enirn
1205 4338 1321 4396 arbitror
1339 4339 1440 4395 sentire
1463 4336 1618 4409 quempiam
1642 4344 1723 4392 recte
1746 4335 1848 4392 intelli·

196 4423 260 4480 dum
273 4423 480 4495 importantibus
492 4419 595 4494 linguis
608 4420 724 4476 eliorum
736 4421 990 4492 perditionisrirns,
1046 4427 1154 4503 gantiae,
1166 4429 1311 4485 meandum
1325 4442 1426 4498 corpus
1440 4433 1528 4484 rectos
1538 4425 1591 4481 dici
1602 4423 1705 4497 eosqui
1718 4439 1849 4494 sponsam

196 4511 309 4569 aliorum
324 4527 403 4568 eures
418 4514 562 4568 intrantem
576 4519 692 4566 mortem
707 4510 819 4568 libenter
843 4511 990 4585 excipiunt.
1051 4513 1167 4594 dim
1188 4515 1315 4588 diligunt.
1329 4515 1473 4587 Propterea
1490 4513 1702 4572 demonstrande
1716 4512 1795 4570 nobis
1805 4519 1850 4568 est

196 4601 242 4658 Sic
255 4603 365 4674 quippe,
378 4601 458 4672 iuxta
471 4601 641 4672 prophetem,
652 4600 745 4656 intrat
757 4618 834 4660 more
846 4618 899 4675 per
912 4605 992 4674 fene·
1047 4604 1205 4676 spiritualis,
1220 4605 1248 4661 id
1266 4613 1308 4661 est
1321 4604 1402 4661 enimi
1417 4603 1552 4669 cordisve,
1571 4602 1715 4660 rectitudo.
1731 4601 1852 4674 Spiritus

196 4694 273 4748 ιιιαι
287 4696 397 4750 nostros
409 4690 514 4765 (larem
527 4708 568 4760 xe,
581 4694 638 4762 ιι),
653 4707 714 4747 cum
721 4691 874 4763 prurientes
880 4692 993 4747 auribus
1046 4694 1146 4766 estqui
1162 4694 1291 4766 loquitur,
1303 4692 1492 4764 spiritualibus
1507 4691 1658 4764 spiritualia
1677 4705 1851 4762 comparans.

197 4788 225 4834 et
238 4779 342 4847 odone,
358 4779 456 4838 lethale
470 4781 596 4852 poculum
609 4779 784 4837 deusminois
806 4779 925 4836 invicem
936 4791 992 4833 nc·
1047 4785 1119 4858 Ergo
1133 4785 1284 4841 mnndum
1297 4783 1427 4846 animam,
1444 4795 1497 4837 non
1512 4781 1661 4837 meandum
1673 4790 1811 4836 terrenam
1825 4786 1854 4838 et

198 4865 251 4937 bit,
271 4866 422 4925 minhtrare
440 4869 638 4925 contendimus·
652 4869 713 4925 Non
728 4868 816 4924 veniel
830 4868 918 4924 enimn
932 4881 993 4922 mee
1048 4873 1217 4932 laeculentum
1232 4874 1385 4941 materiem,
1401 4871 1475 4928 Deus
1497 4871 1636 4928 bominem
1654 4879 1758 4927 rectum
1774 4867 1853 4926 lecit.

199 4957 228 5015 in
247 4955 361 5015 nonullo
379 4959 585 5028 detrahentium,
601 4959 730 5032 quoniam
754 4962 826 5017 Deus
853 4959 910 5018 odit
933 4975 991 5025 eos,
1047 4965 1089 5021 nd
1101 4963 1245 5036 imaginem
1270 4962 1414 5036 qnippeet
1436 4961 1640 5017 similitudinem
1659 4975 1735 5017 suane
1749 4957 1856 5014 crescit

200 5046 464 5119 dieentehpostolo:
481 5052 659 5110 Detractores
672 5053 727 5108 Dec
736 5051 853 5108 odibiles
862 5049 954 5122 (hom.
971 5063 992 5119 ι,
1049 5054 1123 5123 iilum
1138 5055 1220 5125 (Gen.
1230 5070 1250 5120 r,
1262 5053 1320 5125 ιι).
1335 5055 1398 5126 Ιριι
1411 5067 1488 5122 ιιιο,
1498 5050 1725 5124 quemadmodum
1739 5048 1854 5121 psallis:

202 5135 259 5208 30)·
273 5139 362 5210 Ollffl
377 5139 534 5195 ⁵⁰⁰¹⁶¹¹ll³m
548 5141 621 5195 ⁰9⁰⁸
631 5139 691 5208 5⁹⁸0
706 5140 822 5211 ¹⁰<i¹¹⁰¹¹⁸
835 5137 864 5194 ¹¹¹
879 5137 992 5209 Pffilm⁰=
1049 5146 1154 5202 Rectus
1168 5145 1306 5200 hominm
1317 5145 1605 5207 benenoaler,etnnn
1615 5144 1659 5197 ert
1672 5139 1811 5214 iniquitas
1821 5139 1857 5194 ιιι

200 5228 263 5288 audi
277 5229 414 5301 quomodo
429 5227 570 5286 confirmat
583 5228 797 5297 detrahentem,
813 5227 910 5300 inquit,
924 5242 992 5301 pro·
1051 5248 1081 5289 eo
1112 5233 1201 5304 (Paul.
1230 5233 1288 5302 tt).
1311 5232 1411 5288 Rectus
1441 5229 1532 5303 itaque
1560 5229 1634 5285 Deus
1659 5237 1762 5284 rectum
1792 5225 1858 5284 tede

200 5318 278 5375 ιιιιο
291 5335 341 5379 ιιι
360 5319 435 5377 bunc
447 5319 632 5392 persequebar
644 5319 732 5392 (Pscl.
747 5335 773 5376 o.
789 5318 828 5390 b).
1050 5322 1184 5380 bominem
1205 5321 1319 5377 similem
1337 5319 1401 5390 sibi,
1425 5319 1509 5376 idest
1531 5317 1591 5374 siae
1613 5317 1765 5390 iniquitate,
1779 5315 1857 5374 sicut

236 5407 293 5464 Nec
307 5406 416 5474 mirum,
451 5423 512 5464 cum
537 5407 565 5464 id
593 5408 730 5482 praecipue
757 5406 853 5466 sitium
883 5407 997 5464 charita·
1051 5418 1163 5469 nonest
1180 5409 1309 5482 iniquitas
1326 5409 1411 5466 ineo.
1435 5409 1519 5465 Porro
1541 5405 1678 5480 iniquitas,
1695 5404 1786 5462 cordis
1800 5412 1855 5472 est,

201 5503 265 5562 tem,
288 5513 350 5570 quta
369 5499 442 5556 Deus
456 5508 508 5566 est,
522 5505 550 5555 et
574 5499 684 5573 quidem
708 5499 813 5557 ceteris
835 5496 933 5568 scrius,
949 5497 998 5553 im·
1052 5498 1208 5558 noneamis
1229 5497 1336 5566 sitium,
1352 5505 1382 5554 ut
1405 5513 1453 5571 per
1471 5497 1523 5554 boc
1547 5495 1657 5554 noveris
1677 5493 1858 5562 inspirituali

201 5600 323 5659 pugnare
335 5595 364 5644 et
378 5589 703 5664 pmseqniooqnoscetur,
715 5587 999 5660 quemadmodumros
1052 5589 1178 5664 portiom
1201 5585 1249 5658 tni,
1271 5595 1299 5643 et
1320 5601 1375 5644 non
1396 5587 1424 5642 in
1443 5601 1536 5642 crassa
1561 5584 1688 5658 luteaque
1701 5582 1858 5642 substantia

202 5688 311 5746 quoque
331 5677 444 5748 potestis
460 5677 614 5737 aduenere.
627 5677 724 5737 Omnis
738 5675 784 5748 qni
798 5676 923 5749 durabit,
943 5677 999 5748 pri·
1054 5679 1104 5740 Dei
1123 5678 1325 5738 similitudieem
1338 5675 1550 5736 ιιιιιιιιιιιιιιι
1565 5674 1635 5743 lore,
1650 5674 1711 5732 sire
1723 5689 1855 5746 mperes·
