3950 6350
305 433 358 488 235
753 426 782 482 S.
804 426 983 484 naussum
1003 427 1151 485 nastris
1170 427 1501 486 munatianensis
1923 425 1958 480 2³

337 558 362 609 9.
377 548 491 620 Quoties
510 564 578 624 ergo
604 550 764 622 gravissima
778 551 898 608 cernitur
921 567 1020 624 urgere
1035 559 1095 608 ten·
1111 565 1135 642 g
1152 550 1206 624 geli
1224 552 1320 620 sancti,
1345 550 1394 608 sad
1415 552 1459 609 vie
1482 549 1559 606 finita
1571 547 1656 622 (quod
1671 555 1698 605 et
1724 547 1828 620 utique
1855 547 1925 604 vita
1946 549 1958 604 i

300 641 374 705 tatio,
403 635 489 696 ΟΜ
513 646 542 695 ιι
560 638 698 696 tribulatio
712 640 861 698 uehemens
874 640 1027 709 imminere,
1047 643 1094 697 in·
1152 641 1219 714 nita)
1246 641 1275 696 in
1297 640 1421 697 manibus
1444 639 1550 696 tollunt.
1574 639 1632 696 Nec
1649 637 1726 694 enim
1747 637 1860 694 desum
1889 637 1958 691 nobi

295 743 362 786 voca
386 727 527 785 custodem
550 733 637 795 tuum,
663 728 804 785 ductorem
828 735 912 798 tuum,
942 729 1095 802 adjutorem
1151 736 1237 787 testes
1251 729 1357 787 fideles.
1379 727 1502 790 Proxime
1517 728 1616 784 lectum
1638 733 1681 782 est
1699 726 1778 784 vobis
1802 725 1958 780 debeatis

294 826 370 873 tuum
403 816 662 890 opportunitatibus,
693 818 721 872 in
756 817 944 878 tribulatione.
977 819 1096 876 lnolema
1151 818 1220 874 simo
1234 827 1311 890 patre
1325 826 1433 874 nostros
1447 832 1511 872 vora
1525 832 1576 888 per
1598 814 1688 871 omnia
1702 813 1879 876 Benedicta,
1898 829 1958 884 queo

295 922 369 972 eum,
394 915 422 962 et
442 905 501 962 dic:
529 905 654 977 Domine,
687 905 762 962 salve
789 922 849 974 nos,
879 907 1010 979 parimus.
1035 909 1095 964 Non
1151 907 1215 962 dum
1230 907 1361 964 intentam
1383 905 1521 963 oculorum
1536 903 1621 960 eciam
1635 903 1664 958 in
1678 903 1824 975 spendore
1841 917 1958 958 corusce

297 994 407 1062 dormit,
432 1009 523 1066 neque
545 993 686 1060 dormitet,
708 995 759 1049 etsi
781 995 817 1050 ad
832 1005 941 1068 tempus
968 996 1095 1070 quando·
1151 995 1218 1052 lucis
1240 997 1343 1052 habore
1356 994 1506 1062 videratur,
1530 993 1599 1050 uidit
1620 991 1751 1050 Germani
1766 990 1902 1046 animam
1916 992 1956 1046 Cr·

298 1101 351 1157 que
374 1081 537 1150 dissimulet,
562 1097 597 1137 ne
621 1080 692 1138 lorte
717 1083 898 1154 periculosius
921 1086 956 1140 eb
979 1085 1051 1141 illius
1069 1091 1096 1140 te
1151 1085 1233 1158 puani
1247 1084 1367 1157 episcopi
1380 1085 1407 1139 in
1422 1085 1530 1156 sphera
1543 1081 1626 1154 ignee
1638 1080 1672 1136 ab
1687 1078 1797 1154 angelis
1815 1078 1850 1132 in
1866 1078 1954 1134 coeln:

296 1171 421 1228 manibus
444 1171 504 1243 ipsa
524 1170 690 1242 praecipites,
705 1172 728 1226 si
749 1179 775 1226 te
790 1171 831 1226 eis
854 1173 1025 1244 ignoraveris
1049 1189 1095 1228 su·
1150 1172 1485 1244 aeternarumque
1510 1169 1664 1241 hujusmodi
1682 1167 1852 1226 testimonia
1867 1171 1952 1238 requi

296 1267 452 1318 stentatum.
477 1259 637 1331 spirituales
660 1259 733 1314 enirn
761 1267 824 1316 sunt
848 1277 944 1317 manus
972 1262 1041 1330 iata,
1067 1269 1096 1318 et
1152 1261 1263 1318 ramus?
1287 1263 1350 1334 lpsa
1363 1260 1392 1317 in
1412 1257 1563 1336 Evangelio
1585 1257 1740 1315 Veritasde
1765 1255 1908 1312 mendico
1933 1270 1951 1311 ει

299 1349 396 1406 auxilie
410 1347 504 1420 utique
518 1346 678 1419 spiritualia,
690 1363 752 1419 quae
761 1348 877 1420 singulis
886 1349 1036 1406 electorum
1046 1363 1097 1420 pro
1150 1350 1275 1408 ulceroso
1288 1351 1335 1422 ait,
1352 1353 1480 1423 quoniam
1492 1351 1626 1422 portatas
1640 1350 1682 1404 ιιι
1696 1347 1731 1403 nb
1749 1343 1873 1417 angelis
1886 1346 1951 1401 ιιι-

299 1439 431 1510 cujusque
453 1435 614 1492 discriminis
641 1436 721 1492 modo
734 1445 762 1492 et
775 1436 892 1505 objectae
914 1437 1094 1505 difficultatis,
1149 1455 1222 1496 num
1232 1439 1348 1497 torono
1362 1439 1442 1512 (Luc.
1453 1451 1513 1504 rvr,
1525 1436 1581 1508 22).
1593 1435 1690 1507 Neque
1705 1434 1782 1491 ιιιίιιι
1797 1433 1833 1488 in
1849 1431 1897 1488 illa
1911 1441 1948 1486 nn

298 1535 428 1599 tanquam
451 1524 549 1598 lapide
576 1524 655 1580 molis
682 1525 844 1597 quantitate,
874 1527 908 1582 ab
928 1526 951 1581 is
973 1528 1019 1599 qui
1042 1527 1095 1583 sibi
1150 1543 1221 1586 nove
1235 1529 1324 1595 nobis,
1341 1534 1441 1600 tanqua
1461 1523 1599 1598 incognite
1618 1522 1731 1595 regione
1745 1519 1901 1578 ambulare
1913 1523 1948 1592 ipe

296 1615 417 1686 deputati
439 1621 503 1669 sunt
525 1612 632 1684 angelis
654 1612 833 1683 spiritualiter
857 1621 886 1669 et
910 1614 1096 1686 multipliciter
1150 1631 1303 1688 possemus,
1326 1616 1478 1688 prasertim
1498 1629 1560 1670 cum
1583 1618 1670 1669 tectus
1693 1611 1728 1668 sit
1750 1610 1830 1682 lapis
1857 1610 1886 1664 in
1906 1613 1945 1664 ria

298 1704 471 1761 exhibentur.
486 1701 554 1756 Dico
568 1716 621 1772 ego
636 1707 726 1757 tumen
736 1701 827 1774 eliqua
841 1717 873 1758 ex
893 1703 936 1759 his
949 1719 1011 1776 quas
1025 1719 1096 1761 com·
1149 1704 1202 1776 Qui
1216 1704 1307 1777 lepis?
1320 1703 1372 1774 Qui
1398 1703 1427 1759 in
1439 1701 1576 1774 lapidibus
1595 1699 1659 1756 olim
1672 1705 1871 1756 consueverat
1894 1699 1944 1754 ude

297 1791 390 1848 munia
403 1790 490 1864 magis
508 1789 635 1855 arbitror,
651 1797 679 1846 et
701 1791 795 1862 paucis
817 1791 864 1862 qui
878 1790 1011 1849 intervos
1032 1801 1102 1849 sunt*
1149 1792 1214 1860 rari,
1239 1794 1284 1866 qni
1307 1792 1412 1865 lapides
1432 1790 1529 1847 obtulit
1551 1787 1679 1855 Domino,
1703 1786 1820 1844 dicens:
1846 1789 1900 1843 llic
1925 1797 1945 1842 tt

298 1875 450 1951 inexperta.
473 1879 609 1935 Turbatur
627 1877 725 1951 aliquis
748 1880 936 1947 uehementer,
961 1896 1011 1938 seu
1034 1895 1095 1938 cor·
1111 1877 1134 1955 Β
1151 1882 1256 1956 lapides
1266 1878 1606 1954 istipnmastiomtfflattb.
1618 1875 1702 1950 imi).
1714 1876 1808 1934 Porro
1820 1891 1878 1947 pes
1890 1883 1943 1934 ιιιιι

298 1968 386 2041 porali
408 1967 503 2040 quovis
526 1967 710 2036 incommodo,
735 1983 783 2024 sau
806 1967 978 2026 tribulatione
1006 1969 1096 2042 ulique
1150 1968 1258 2027 allectio
1280 1977 1340 2040 tna,
1364 1984 1415 2041 pes
1439 1967 1547 2034 enimae,
1569 1979 1650 2038 quam
1663 1964 1693 2022 in
1710 1964 1849 2020 manibus
1872 1963 1943 2035 tngd

298 2055 431 2126 seculari,
456 2071 505 2112 sau
519 2055 613 2112 acedia
633 2055 742 2127 spiritns
765 2064 794 2113 et
816 2057 933 2130 quadem
946 2057 1029 2114 enimi
1046 2061 1095 2114 da·
1149 2065 1268 2129 portant,
1286 2075 1322 2116 ne
1337 2056 1462 2114 uisendas
1476 2055 1511 2111 ad
1527 2053 1646 2128 lapidem
1657 2053 1758 2124 pedem
1777 2061 1869 2108 tuum.
1884 2052 1942 2122 Quo

297 2145 418 2202 lectione
426 2143 693 2216 languescensilam
709 2145 808 2202 tentari
824 2145 918 2218 incipit
926 2161 1095 2220 supraquem
1148 2148 1230 2204 modo
1243 2147 1315 2203 enim
1335 2161 1391 2204 non
1411 2143 1650 2203 uehementissime
1664 2142 1834 2198 turbaretur
1858 2141 1940 2195 anima

297 2235 387 2292 valeat
409 2233 555 2300 susdnme,
571 2234 626 2304 jam
639 2233 774 2306 impinget
786 2241 815 2291 at
838 2234 964 2292 ollandet
985 2235 1014 2291 in
1028 2235 1095 2307 lupi·
1149 2235 1244 2294 sisela
1266 2236 1328 2293 hinc
1342 2235 1532 2312 egrederetur,
1548 2229 1633 2290 8(ιῦ
1647 2231 1672 2286 si
1685 2229 1747 2286 illas
1770 2229 1839 2286 sine
1853 2244 1939 2285 coum·

294 2324 369 2390 dem,
387 2323 479 2380 sinon
489 2322 571 2379 luerit
585 2322 630 2394 qui
640 2322 797 2380 subveniat.
812 2321 880 2393 Quis
889 2339 956 2381 vero
969 2330 1013 2380 est
1025 2323 1095 2396 lapis
1148 2324 1248 2382 latione
1269 2323 1463 2398 ingrederetur
1474 2323 1543 2390 vias,
1559 2321 1582 2377 si
1603 2320 1674 2376 inter
1687 2317 1749 2376 illos
1761 2317 1878 2390 lapides
1899 2319 1939 2373 sub

295 2412 369 2468 istei
393 2411 451 2483 ligo
477 2411 551 2468 illum
572 2411 697 2483 intelligo
720 2411 841 2482 lapidem
865 2411 1040 2480 offensionis,
1067 2420 1094 2469 et
1148 2413 1263 2485 pedibus
1276 2411 1459 2486 graderetur?

294 2505 399 2573 petram
422 2499 553 2565 arundeli,
568 2498 598 2555 in
621 2515 704 2572 quam
725 2498 749 2555 si
762 2499 907 2558 offenderit
930 2501 1001 2575 quis,
1017 2501 1094 2558 colli·
1183 2506 1211 2560 ι.
1237 2501 1386 2558 Enimvero
1419 2497 1590 2556 manilestius
1616 2496 1689 2564 audi,
1722 2511 1812 2568 quam
1840 2511 1937 2552 necessa

292 2591 391 2648 datur:
406 2603 490 2661 snper
513 2603 596 2660 quem
610 2604 677 2647 varo
700 2589 840 2656 ceciderit,
863 2597 989 2647 conteret
1011 2604 1091 2657 eum3
1147 2590 1251 2647 babeas
1277 2590 1380 2663 portari
1393 2590 1422 2644 in
1435 2588 1561 2644 manibus
1588 2585 1694 2659 aliena,
1716 2599 1771 2641 nec
1793 2583 1859 2640 aliis
1873 2601 1934 2656 quaa

294 2677 416 2749 lapidem
429 2675 523 2748 utique
537 2675 707 2750 angularem,
723 2675 852 2743 electum,
870 2678 1030 2748 pretiosum,
1046 2677 1093 2748 qui
1147 2678 1277 2752 angelicis
1287 2685 1388 2735 tamen.
1400 2679 1488 2751 Super
1496 2677 1623 2750 aspidem
1632 2678 1660 2735 ct
1672 2673 1844 2731 bediiscum
1857 2673 1934 2730 onir

295 2764 483 2822 sstDominus
505 2764 629 2820 cbristus
651 2763 729 2836 (lsai.
751 2779 810 2830 tur,
832 2767 867 2820 tt
889 2773 919 2822 et
933 2768 947 2822 l
960 2767 1039 2823 Patr.
1059 2779 1092 2832 ιι,
1148 2765 1227 2833 lobs,
1244 2773 1272 2825 et
1280 2765 1574 2825 conculcabistooncm
1583 2767 1612 2820 ιι
1620 2763 1784 2820 draconem.
1799 2760 1934 2831 eridintrr
1957 2769 1958 2776 ¹

296 2854 366 2925 os).
396 2852 425 2906 ln
444 2852 517 2907 bunc
539 2850 658 2922 lapidem
680 2849 838 2919 ostendere,
860 2863 903 2910 est
924 2867 1093 2910 murmurare
1148 2857 1206 2911 baec
1220 2854 1322 2912 laceret
1337 2871 1387 2927 pes
1405 2853 1561 2910 humanus?
1575 2851 1779 2925 quiunumane
1796 2849 1932 2908 enormis
1957 2851 1958 2854 ’

294 2943 425 2998 adversus
449 2955 522 3005 aem,
545 2937 723 2996 scandalizari
737 2955 753 2995 a
766 2940 985 3011 pusillanimitate
1007 2940 1092 3014 spiri-
1146 2944 1286 3000 intertum
1302 2943 1440 3000 horribilis
1455 2939 1827 3016 [oliosterribilia]monstra
1841 2947 1930 2996 sorau

296 3038 339 3086 tus
353 3037 382 3085 et
395 3033 569 3099 tempestate.
584 3028 679 3100 ltaque
694 3043 763 3099 opus
781 3028 819 3084 illi
831 3036 873 3085 est
886 3029 1009 3103 angelico
1021 3045 1091 3087 oon·
1148 3032 1213 3089 rati
1240 3034 1346 3104 Nempe
1369 3031 1497 3104 nequitie
1511 3029 1665 3103 spirituales
1687 3035 1764 3095 sunt,
1785 3037 1818 3085 et
1843 3027 1930 3101 quidm

295 3117 438 3183 menone,
454 3115 585 3188 sugaliola
606 3115 741 3182 menibus,
758 3115 806 3187 qni
824 3119 881 3188 jam
899 3118 1008 3186 defecit,
1034 3121 1090 3190 jam
1147 3135 1202 3179 nou
1216 3119 1372 3192 incongruis
1385 3119 1611 3194 appellationibus
1625 3116 1789 3190 designatae.
1808 3115 1930 3190 Siquidm

295 3205 489 3279 propemodum
504 3203 658 3260 offenditin
672 3204 802 3277 lapidem.
816 3207 850 3263 Et
863 3223 928 3264 vere
942 3206 1091 3265 offenditis
1106 3172 1128 3252 c
1146 3217 1174 3266 et
1187 3209 1221 3266 de
1234 3209 1277 3265 his
1289 3208 1402 3278 dictum,
1426 3210 1500 3282 quod
1521 3221 1694 3282 nequaqnam
1709 3204 1789 3263 vobis
1815 3206 1930 3262 excidisse

294 3295 411 3367 lapidem
439 3294 486 3368 qui
510 3301 661 3350 murmurat
684 3303 713 3350 et
735 3294 917 3368 blasphemet,
944 3311 975 3353 sa
1001 3297 1091 3368 ipsum
1145 3313 1225 3358 reor:
1244 3299 1378 3357 dodanta
1397 3297 1699 3362 transtorrentem
1711 3295 1812 3353 dacem
1827 3297 1929 3352 mittier

1144 3389 1255 3446 dcstrm
1269 3391 1334 3446 teis.
1358 3386 1424 3458 Quis
1437 3401 1504 3446 uero
1528 3384 1599 3443 seire
1613 3391 1705 3458 potest
1721 3399 1760 3439 au
1783 3383 1929 3441 diviseris

1144 3477 1217 3533 inter
1231 3493 1279 3534 eos
1292 3475 1465 3548 operationes
1477 3475 1597 3546 malitia,
1608 3471 1760 3529 ministeria
1774 3471 1927 3545 iniquies:

293 3383 434 3454 collidens,
450 3397 506 3440 non
519 3397 584 3438 eum
597 3383 626 3438 in
639 3399 721 3455 qnam
739 3383 901 3441 luribundus
919 3384 1054 3456 impingit.

327 3476 374 3532 ro.
393 3471 519 3528 Arbitror
532 3485 599 3527 sane
616 3471 691 3528 velut
705 3472 811 3533 duabus
825 3473 986 3546 quibusdem
1000 3473 1090 3529 mani-

293 3562 343 3616 bus
358 3559 492 3631 ejusmodi
510 3558 635 3616 homines
655 3559 790 3618 interdum
805 3562 839 3616 ab
854 3562 958 3636 ιιιςιιίι
971 3571 1102 3635 support

293 3647 355 3714 tari,
370 3654 400 3703 nt
414 3646 617 3718 quodammodo
632 3661 686 3704 non
701 3649 853 3706 sententies
869 3652 1089 3724 transeuntquod

294 3743 437 3806 tantopere
460 3735 653 3802 formidabant,
676 3749 728 3793 nec
747 3751 843 3809 parum
857 3737 990 3796 mirentur
1012 3747 1089 3812 poet-

293 3824 403 3880 modum
422 3831 477 3880 tarn
490 3839 574 3896 super
597 3825 742 3897 posteriori
757 3825 896 3896 facilitate,
911 3843 992 3902 quam
1007 3843 1090 3900 super

291 3912 449 3970 dilllcultsta
464 3913 558 3984 priori.
579 3913 665 3970 Vultis
688 3913 759 3971 scire
772 3931 839 3988 quaa
856 3916 1006 3991 intelligam
1021 3918 1089 3973 dues

290 4001 408 4059 manus?
433 4001 576 4074 Duplicem
609 4003 704 4074 utique
718 4005 989 4073 damonsnationsm,
1023 4005 1087 4062 dnm

289 4089 416 4149 videlicet
443 4090 509 4145 bina
530 4090 641 4160 quidem
664 4090 845 4148 tribulationis
864 4093 994 4165 brevitas,
1022 4095 1088 4152 inde

289 4177 429 4234 aeternitas
450 4177 635 4234 retributionis
648 4178 810 4247 ostenditur,
825 4189 872 4236 aut
890 4183 978 4254 magis
999 4183 1088 4258 pingi-

291 4274 334 4321 tur
346 4265 391 4322 rel
413 4264 576 4337 imprimitur
598 4265 684 4334 cordi,
704 4275 735 4324 ut
752 4266 848 4325 intimo
862 4267 963 4327 ellectu
982 4272 1086 4327 sentia-

288 4369 349 4410 mus
363 4353 491 4425 quoniam
501 4362 724 4411 momentaneum
740 4357 791 4412 ltec
805 4364 835 4414 at
856 4357 917 4414 leve
932 4358 1085 4417 tribulatio-

287 4443 330 4499 nis
352 4450 453 4499 nostra
474 4457 556 4513 supra
583 4442 693 4499 modum
716 4443 744 4498 in
768 4445 932 4504 sublimitate
955 4453 1084 4506 aetemnm

285 4531 393 4605 pondus
406 4531 502 4604 gloria
512 4539 642 4602 operatur
651 4532 679 4587 in
693 4533 780 4590 nobis.
796 4533 862 4603 Quis
871 4549 937 4593 vero
952 4537 1016 4593 istas
1030 4546 1085 4596 tam

287 4619 848 4692 bonasperbonosnonoredatlieri,oum
858 4626 1084 4699 certumsitquod

285 4709 449 4766 econtrario
458 4707 537 4766 mule
546 4709 642 4781 ntique
652 4708 905 4768 fiantimmissionea
916 4729 965 4784 per
973 4717 1085 4790 angelos

283 4790 396 4853 malosi
403 4797 537 4855 llabetote
544 4796 692 4854 familiares
700 4800 823 4870 angelos,
839 4800 937 4858 iratres
950 4803 1014 4871 mai,
1027 4805 1082 4861 ire·

285 4893 415 4958 quentata
422 4885 571 4942 eossednle
579 4885 746 4958 cogitatione
754 4888 1024 4960 atdavotaoratione,
1036 4896 1083 4966 qni

283 4989 395 5046 semper
408 4974 594 5030 vobissdsunt
603 4974 637 5028 ed
647 4975 801 5033 cumodiam
810 4985 839 5034 et
857 4980 1080 5038 consolationem.

577 5059 694 5120 sanato
720 5063 793 5120 Xlll.

280 5149 1078 5228 Dauartuduodsct‘mo,«lamonibasportolmnttemeto.

316 5245 342 5296 ι.
369 5240 517 5296 Possumus
541 5237 612 5294 buna
627 5255 744 5312 vorsum,
759 5245 848 5316 quiin
871 5247 997 5303 manibus
1025 5255 1078 5316 est,

279 5325 417 5395 uidelicet,
434 5329 466 5383 ln
479 5327 612 5385 meamus
620 5331 776 5401 portabunt
786 5339 821 5402 ιι,
842 5343 909 5402 etc..
927 5351 982 5392 non
995 5335 1079 5394 modo

279 5416 315 5473 do
328 5413 654 5488 prasenticonsolstiona
668 5419 768 5477 dietum
782 5424 921 5496 accipere,
932 5423 982 5478 sed
995 5424 1077 5480 etiem

279 5505 315 5562 de
328 5503 428 5562 lutum.
446 5505 551 5579 Nempe
562 5507 722 5567 custodiunt
736 5525 787 5569 nos
800 5512 828 5568 in
843 5511 895 5569 viis
909 5511 1012 5568 nostris
1025 5528 1076 5569 en-

316 5611 374 5682 (st)
393 5610 461 5671 ilinc
479 5620 566 5687 putet,
589 5629 744 5674 sermonem
759 5617 834 5673 bunc
847 5615 969 5673 habitum
992 5617 1077 5678 luisse

1144 3573 1173 3622 nt
1187 3583 1221 3624 ex
1236 3565 1350 3624 diversis
1364 3563 1472 3632 officiis,
1486 3563 1530 3622 vel
1551 3563 1635 3637 [elios
1649 3559 1725 3634 quin]
1747 3561 1848 3633 potins
1865 3559 1926 3616 nale

1144 3655 1221 3722 liciis,
1237 3654 1367 3712 vocabula
1387 3667 1497 3727 quoque
1511 3652 1619 3711 diversa
1642 3649 1740 3722 sortiti,
1768 3651 1926 3706 nonensem

1144 3744 1211 3800 alius
1226 3743 1335 3816 quidem
1357 3743 1441 3816 aspis,
1463 3742 1530 3799 alius
1544 3757 1609 3800 vero
1629 3739 1787 3808 basiliscus,
1808 3739 1877 3796 alins
1893 3755 1924 3792 ιι

1144 3841 1198 3890 tem
1213 3833 1267 3904 leo,
1284 3839 1312 3889 et
1325 3831 1394 3888 alius
1412 3832 1504 3899 draco,
1530 3831 1603 3903 quod
1618 3828 1746 3888 videlieet
1760 3843 1816 3886 suo
1837 3828 1922 3902 quiden

1142 3922 1268 3979 invisibili
1291 3921 1373 3979 modo
1386 3921 1461 3980 varie
1486 3927 1610 3987 noceant,
1641 3916 1718 3990 qnasi
1741 3916 1819 3974 alies
1841 3931 1920 3974 morsu.

1142 4009 1211 4067 alius
1237 4011 1306 4079 usu,
1326 4009 1395 4066 elius
1418 4009 1509 4080 rugitu
1530 4008 1574 4066 vel
1589 4007 1653 4072 ictu,
1670 4005 1739 4062 alius
1764 4005 1856 4062 lietu?
1876 4004 1921 4074 trs

1141 4100 1222 4155 etiam
1236 4099 1271 4156 de
1291 4099 1409 4172 quodem
1434 4113 1536 4171 genere
1557 4093 1767 4161 demoniorum,
1794 4094 1921 4168 quodum

1141 4187 1276 4257 ejuciatur
1288 4187 1339 4243 nisi
1360 4187 1388 4243 in
1403 4187 1528 4244 oratione
1551 4192 1579 4242 et
1590 4183 1712 4257 jejunlo:
1727 4182 1797 4238 nibil
1819 4189 1922 4255 pomam

1141 4291 1258 4348 namque
1280 4277 1394 4334 verbnm
1417 4274 1571 4348 apostolica·
1598 4270 1797 4344 increpationis
1821 4272 1857 4327 ad
1877 4268 1920 4325 llrl

1140 4364 1256 4438 (narrt.
1267 4379 1337 4432 xvir,
1350 4365 1457 4437 tt-uo).
1470 4362 1612 4433 Quomodo
1625 4376 1681 4418 non
1695 4358 1765 4416 illud
1780 4361 1922 4433 aspiseru:

1142 4452 1186 4509 illa
1200 4453 1293 4527 utique
1305 4453 1340 4509 de
1355 4451 1460 4510 Psalmo
1475 4451 1549 4524 aspis
1563 4449 1654 4515 surda,
1671 4456 1699 4506 et
1712 4449 1853 4505 obturans
1865 4461 1920 4504 auru

1141 4557 1212 4612 suas,
1228 4557 1263 4599 ne
1277 4556 1371 4600 vocem
1386 4541 1476 4598 audiat
1496 4537 1685 4597 incantantis?
1705 4539 1797 4611 (Ptol.
1819 4539 1919 4606 numm

1141 4631 1187 4686 Vis
1201 4645 1256 4688 non
1275 4631 1372 4687 terreri
1386 4645 1402 4685 a
1417 4639 1471 4687 ιιιιι
1483 4629 1601 4687 terrilico
1608 4625 1757 4684 monstro?
1768 4627 1821 4686 Vis
1830 4638 1919 4684 sem

1139 4727 1200 4788 post
1217 4725 1332 4775 mortam
1347 4718 1485 4776 ambulare
1504 4733 1588 4791 super
1608 4717 1731 4790 aspidem
1750 4714 1860 4773 isarni
1871 4715 1919 4771 Cart

1139 4823 1174 4864 ne
1197 4807 1307 4863 interim
1321 4815 1382 4879 post
1400 4823 1461 4866 eam
1486 4807 1619 4886 ambules,
1635 4821 1703 4865 care
1716 4804 1918 4863 asinitatem

1137 4911 1192 4952 non
1203 4895 1256 4952 arit
1268 4898 1341 4969 quod
1355 4911 1457 4970 paveas
1470 4897 1498 4953 in
1513 4896 1613 4954 futuro.

1173 4987 1199 5040 3.
1217 4984 1361 5042 Enimvero
1380 4985 1474 5044 vidum
1488 4992 1540 5054 ιιι,
1565 4985 1609 5043 cui
1624 4999 1688 5042 reor
1700 4983 1847 5056 ejumrodi
1860 4979 1916 5053 spiri

1136 5079 1192 5128 lum
1211 5071 1360 5144 dontinari3
1376 5083 1404 5132 ιι
1421 5075 1444 5131 si
1466 5075 1547 5133 vultis
1559 5075 1640 5148 scire,
1660 5073 1719 5144 ipsu
1734 5079 1780 5129 est
1802 5069 1916 5129 circuiit

1136 5177 1219 5235 aqua
1233 5163 1310 5220 vobis
1319 5163 1448 5222 hesterno
1458 5179 1585 5222 sermone
1594 5160 1751 5219 monuimus
1757 5175 1823 5218 esse
1841 5171 1916 5219 mum

1135 5249 1214 5320 dum;
1230 5250 1289 5324 ipsa
1302 5253 1447 5310 obstinatio
1462 5260 1514 5326 est,
1538 5253 1671 5310 adversus
1686 5264 1769 5323 ιιιιιι
1793 5245 1916 5322 ιιιίιίιΙι

1134 5341 1294 5412 quebemur.
1318 5341 1375 5398 Neo
1390 5343 1463 5399 enim
1486 5343 1571 5415 piget,
1593 5340 1703 5414 quoties
1719 5338 1808 5396 datur
1821 5336 1913 5397 norme

1133 5429 1167 5484 ad
1180 5430 1231 5486 nec
1244 5436 1300 5486 tam
1312 5431 1390 5504 gravi
1404 5437 1481 5504 peste
1494 5429 1658 5504 praemunire
1672 5441 1733 5499 ros,
1748 5435 1783 5484 ut
1799 5443 1860 5486 eam
1872 5441 1914 5481 ou·

1134 5517 1249 5576 nimodis
1275 5517 1403 5593 fugiatis:
1432 5522 1505 5593 quod
1538 5521 1597 5578 bec
1623 5517 1735 5592 quictem
1767 5519 1809 5574 sit
1831 5521 1913 5573 sumet

1131 5622 1202 5695 apud
1231 5624 1393 5700 Gragonum
1427 5628 1553 5702 blegnum
1576 5627 1604 5683 in
1627 5625 1674 5684 lib.
1700 5639 1721 5682 rt
1743 5621 1915 5700 stangnum

274 5681 406 5760 proxime
420 5695 483 5759 post
499 5687 599 5747 festum
614 5688 645 5749 S.
657 5687 808 5757 Benedicti,
818 5688 855 5746 de
868 5703 923 5762 qno
935 5688 964 5746 id
978 5689 1078 5768 legitur
1129 5707 1191 5768 cap.
1206 5698 1253 5755 es.
