4064 6344
262 415 331 484 1103
739 419 766 480 S.
794 411 963 484 uetulum
984 419 1121 482 aeblus
1137 421 1445 488 GLARAE·thhllNSlS
1836 425 1906 493 llut

260 548 295 606 ιιι
307 561 379 603 nunc
401 543 509 615 quidem
531 541 691 616 principium
705 546 848 602 verborum
872 550 933 618 ejus
945 557 1052 618 qusutae
1069 562 1093 641 Α
1109 547 1189 628 citqte
1211 552 1354 610 verborum
1377 555 1495 626 ebulliat,
1511 555 1658 612 dnmmodo
1677 569 1712 612 ex
1731 555 1785 612 hoc
1798 553 1906 614 nullum

260 633 401 692 suavitatis
421 631 528 705 insigne
550 632 680 702 praelertl
696 636 762 690 Nam
781 637 843 692 vide
857 636 937 706 quale
952 636 1052 707 princi·
1110 641 1152 696 sui
1171 641 1304 698 sentiatde
1317 641 1484 704 trimentum.
1501 644 1636 702 interdum
1652 659 1701 700 nec
1713 645 1794 700 verbs
1809 645 1905 714 requi·

261 724 333 794 pium
355 721 469 778 dederit.
483 722 622 788 Dilectus,
644 721 742 796 inquit,
755 739 836 782 meus
856 727 938 795 mibi,
955 729 984 783 ct
1006 742 1053 798 ego
1106 729 1151 794 rit,
1163 730 1299 788 interdum
1322 746 1373 788 nec
1395 747 1474 789 voces
1493 732 1603 788 omuino
1621 732 1699 798 ullas,
1717 731 1783 790 solis
1802 732 1904 788 adhoc

259 811 315 868 ilii.
331 810 452 880 Simplex
475 825 526 868 vox
542 811 657 882 videtur,
674 814 803 884 quonism
826 814 945 872 suaviter
959 818 1051 882 εοεεις
1107 823 1250 874 εοειεειεε
1273 819 1411 890 suspiriis.
1425 820 1490 877 inde
1516 828 1558 877 est
1584 822 1657 894 quod
1681 835 1781 891 sponsa
1809 826 1905 877 sancto

258 900 307 956 sed
325 898 360 954 de
377 899 431 954 hoc
445 898 579 955 videbitur
594 907 698 970 postea.
1107 907 1200 963 arndre
1218 905 1346 982 flagrem,
1361 906 1442 979 idque
1463 907 1615 989 incredibili
1645 908 1736 976 modo,
1757 923 1827 964 sane
1854 923 1906 980 pro

293 991 321 1043 t.
342 988 421 1044 Nunc
435 1001 501 1044 vero
520 1004 535 1044 a
548 987 694 1046 dilectione
712 989 815 1061 incipit,
827 991 860 1047 de
874 991 972 1048 dilecto
987 1005 1054 1064 pro·
1107 993 1236 1066 captanda
1246 975 1483 1072 quantulocunque
1495 995 1684 1068 evaporatione
1699 995 1804 1056 ardoris
1822 1010 1905 1068 quem

258 1075 389 1148 sequitur,
404 1075 472 1130 nihil
494 1076 568 1132 aliud
583 1091 613 1131 se
628 1079 697 1134 scire
712 1079 834 1137 indicans
846 1079 899 1136 nisi
913 1080 1051 1136 dilectum.
1106 1067 1216 1154 politur,
1227 1097 1281 1140 nott
1291 1082 1444 1141 considerat
1458 1084 1532 1156 quid,
1548 1084 1662 1156 qualiter
1674 1083 1815 1155 eloquatur
1832 1101 1839 1140 :
1856 1083 1908 1140 scd

257 1163 334 1220 Patet
347 1164 381 1220 de
391 1181 445 1236 quo
461 1178 549 1220 sermo
566 1182 572 1218 :
588 1181 648 1221 cum
664 1181 718 1239 quo
733 1182 786 1224 non
801 1169 848 1225 ita.
864 1169 924 1226 Non
938 1170 1010 1226 euim
1024 1177 1055 1224 ut
1106 1172 1256 1245 quidquid,
1272 1172 1300 1229 in
1323 1173 1435 1231 buccam
1458 1173 1569 1240 venerit,
1589 1186 1681 1230 amore
1704 1181 1819 1246 urgente
1849 1188 1907 1229 noa

257 1267 318 1309 eum
337 1252 397 1323 ipso
409 1253 505 1310 eodem
521 1251 602 1308 luerit
617 1255 717 1311 sentire
732 1257 904 1328 permittitur,
920 1259 1054 1328 cumipse
1107 1261 1238 1334 enuntiat,
1254 1262 1301 1320 sed
1325 1271 1437 1321 cunctat.
1454 1261 1557 1332 Quidni
1580 1269 1686 1320 eructet
1698 1261 1738 1320 aio
1753 1261 1864 1330 relecta,
1880 1275 1908 1318 ει

253 1342 310 1412 jam
325 1356 378 1398 nou
403 1341 529 1398 adiuerit.
550 1344 646 1416 Neque
670 1345 696 1400 id
724 1349 836 1403 dubium
854 1365 860 1406 :
877 1363 974 1420 nempe
989 1363 1053 1404 mox
1106 1350 1145 1406 sic
1159 1352 1285 1424 replete?

255 1454 316 1496 eum
328 1454 453 1498 revocare
467 1440 585 1510 videtur,
596 1450 623 1496 et
636 1444 711 1514 qussi
724 1453 784 1514 post
796 1453 901 1518 tergum
915 1445 1052 1506 clamare:
1142 1441 1170 1496 t.
1186 1439 1301 1497 Revolve
1311 1449 1412 1496 textum
1430 1439 1597 1512 epithalamii
1617 1440 1698 1508 bajus
1712 1437 1818 1510 abipso
1831 1451 1908 1495 exor-

258 1531 413 1599 llcvertere,
425 1527 731 1600 inquiensdilcctcmi.
743 1533 819 1588 Unde
833 1533 1053 1590 adducimurnon
1107 1529 1153 1584 dio
1178 1544 1264 1601 usquc
1288 1530 1350 1596 huc,
1366 1535 1393 1584 el
1412 1528 1474 1586 lide
1494 1529 1517 1584 ιι
1532 1535 1605 1584 ιιῦιθ
1621 1528 1726 1599 ”tillim
1740 1526 1789 1594 illi.
1804 1535 1908 1600 quw&

257 1613 329 1670 atiud
352 1616 659 1687 succendereris
682 1619 756 1691 quod
777 1619 861 1676 linitis
882 1621 971 1677 verbis
996 1623 1053 1678 suis
1107 1618 1157 1674 hac
1181 1620 1238 1673 vice
1260 1619 1289 1674 in
1312 1617 1416 1675 cunctis
1435 1617 1635 1674 visitationibus
1653 1615 1908 1698 et'sllocntionihus

257 1701 301 1758 ills
316 1705 413 1761 iterum
427 1719 477 1760 suo
493 1719 567 1760 more
586 1721 616 1762 se
638 1707 826 1778 absentaverit,
841 1718 868 1765 ει
886 1709 932 1766 illo
942 1727 1051 1768 reman—
1107 1706 1201 1778 sponsi
1215 1708 1293 1779 copia
1307 1709 1367 1776 eius
1380 1706 1487 1764 indulte
1501 1705 1600 1774 iuerit;
1612 1713 1639 1762 et
1651 1705 1672 1760 si
1682 1720 1805 1777 unquam
1815 1721 1849 1762 ex
1858 1719 1907 1760 ore

255 1793 320 1847 serit
331 1792 549 1849 nihilominusdc
562 1795 730 1868 coloqueus,
743 1797 791 1868 qui
802 1814 943 1871 nunquam
953 1801 1052 1856 absens
1104 1793 1202 1866 ipsine,
1217 1810 1273 1850 non
1296 1793 1378 1850 modo
1402 1800 1456 1848 lam
1477 1792 1585 1859 mulmis
1598 1790 1646 1847 ⁸01¹
1661 1801 1686 1848 et
1702 1797 1756 1846 lim
1769 1790 1906 1863 ιἰιΰῑιῐιᾶῡ8

255 1887 296 1935 εει
310 1880 371 1936 sibi.
387 1882 427 1936 ιιε
440 1889 481 1938 εει
496 1899 504 1936 :
518 1882 545 1936 itt
561 1897 608 1938 ure
622 1884 742 1952 retinuit,
756 1886 802 1957 qui
816 1901 871 1942 nou
883 1889 1052 1944 recedebata
1067 1839 1089 1917 Β
1106 1898 1248 1940 sermones
1269 1885 1412 1955 acceperit.
1428 1882 1495 1952 Quae
1518 1896 1584 1954 crgo
1609 1881 1762 1950 repleuerat
1781 1881 1809 1936 in
1824 1879 1906 1937 bonis

254 1970 348 2036 corde,
368 1985 417 2026 nec
439 1970 547 2042 quando
567 1974 722 2028 recedebat.
737 1973 815 2042 Quod
829 1974 864 2030 de
879 1992 926 2032 ore
940 1977 1004 2048 exit,
1018 1981 1052 2035 de
1106 1973 1273 2030 desiderium
1297 1989 1384 2038 mum,
1409 1971 1473 2044 quid
1500 1971 1597 2027 mirum
1623 1971 1645 2025 si
1678 1977 1784 2026 ructum
1814 1969 1906 2042 potius

255 2059 337 2114 corde
350 2057 425 2114 venit
434 2065 462 2113 et
471 2073 508 2114 ex
517 2059 678 2114 abundantis
692 2063 783 2118 cordis
797 2079 827 2120 os
841 2062 959 2135 loquitur
973 2065 1049 2136 (Luc.
1105 2078 1185 2134 quam
1200 2063 1310 2119 verbum
1330 2061 1415 2119 iecit?
1433 2061 1468 2116 Et
1482 2062 1505 2117 si
1524 2060 1633 2118 verbum
1650 2057 1748 2116 iecisse
1760 2057 1810 2114 tihi
1824 2059 1904 2114 vide·

254 2161 293 2218 vt,
312 2147 368 2218 tc).
384 2147 457 2219 Ergo
473 2147 591 2220 loquitur
606 2149 640 2204 de
658 2149 770 2220 dilecto,
784 2159 815 2206 ut
833 2167 895 2208 vero
913 2152 1009 2210 dilecte
1023 2165 1051 2212 et
1104 2159 1158 2218 tur,
1169 2158 1319 2208 eructatum
1334 2159 1399 2223 puts
1413 2157 1441 2206 et
1454 2163 1508 2206 non
1523 2149 1697 2205 subornatum
1707 2147 1803 2220 (clius,
1815 2149 1903 2215 recte,

253 2249 319 2292 vars
332 2233 480 2318 diligenda,
496 2236 624 2308 quonism
643 2238 733 2311 diligit
756 2239 881 2297 multum.
898 2240 1050 2306 Ouaerimus
1103 2240 1319 2310 subordinatum)
1332 2249 1376 2298 aut
1400 2237 1617 2311 preordinatum.
1632 2237 1691 2293 Nec
1709 2235 1781 2292 enim
1800 2251 1905 2310 sponsa

254 2339 315 2381 cum
329 2339 383 2396 quo
399 2341 406 2382 :
423 2339 487 2380 num
502 2325 537 2382 de
558 2341 623 2396 quo,
641 2327 779 2384 novimus.
799 2330 831 2386 Et
848 2345 900 2386 non
920 2333 1048 2396 occurrit,
1105 2329 1225 2399 rapinam
1248 2330 1391 2385 arbitratur
1413 2328 1463 2386 sihi
1487 2335 1581 2398 aptare
1609 2325 1752 2398 Prophetae
1773 2324 1903 2382 dicturo:

203 2435 205 2445 ·
252 2411 304 2467 nisi
318 2409 388 2468 lorte
406 2426 469 2467 cum
487 2411 708 2487 adolescentulis,
724 2431 784 2487 quse
806 2433 823 2472 a
846 2425 929 2476 matre
954 2422 1049 2480 abesse
1104 2419 1254 2475 Eructavit
1267 2435 1315 2474 cor
1327 2433 1424 2475 meum
1442 2417 1556 2474 verbum
1567 2413 1654 2486 (Ptol.
1669 2429 1741 2470 xnrv
1754 2415 1904 2486 hiquippe

251 2515 308 2557 uun
322 2509 445 2572 possunt,
456 2503 502 2559 uhi
515 2501 672 2560 discesserit
684 2520 812 2577 sponsus.
830 2507 882 2563 Sod
898 2507 1004 2577 melius,
1019 2517 1049 2564 ut
1102 2507 1195 2562 eodem
1206 2507 1309 2576 repleta
1318 2506 1422 2576 spiritu.
1434 2505 1561 2562 Dilectus
1569 2519 1649 2561 meua
1655 2501 1740 2570 mitt,
1751 2506 1779 2558 et
1789 2517 1838 2574 epo
1845 2503 1904 2558 illi.

252 2589 359 2662 opinor,
373 2591 507 2648 sentimus
529 2607 621 2649 εεεεει
637 2591 741 2665 potius,
759 2601 786 2650 ει
803 2609 858 2650 non
881 2611 944 2652 cum
963 2597 1048 2652 alteru
1102 2595 1175 2650 Nihil
1189 2595 1390 2667 consequentiae
1404 2594 1495 2658 behet,
1508 2593 1583 2649 deest
1597 2590 1722 2648 orationi.
1734 2591 1806 2661 Quid
1819 2589 1904 2646 inde?

252 2678 292 2734 sic
311 2677 440 2750 locutam,
456 2680 606 2752 presertim
625 2681 701 2754 quod
721 2689 815 2740 trunca
828 2691 856 2740 ει
877 2687 966 2742 minus
979 2699 1048 2743 con·
1103 2685 1207 2744 linctus
1235 2690 1286 2741 est.
1315 2682 1386 2753 Quid
1414 2691 1442 2738 tu
1468 2683 1494 2738 in
1523 2689 1599 2740 ructu
1624 2681 1724 2754 queris
1750 2679 1902 2737 orationum

252 2766 342 2825 tineus
355 2768 507 2826 inveniatur
522 2769 580 2842 ipsa
601 2769 715 2840 locutio,
730 2769 898 2829 insufficiens
912 2775 992 2845 plane
1014 2773 1048 2829 sd
1101 2775 1250 2844 juncturas,
1266 2771 1397 2828 solemnia
1415 2769 1587 2827 dictionuml
1610 2767 1683 2838 Quas
1708 2777 1737 2825 tu
1753 2775 1800 2824 tuo
1814 2769 1903 2823 ructui

250 2853 366 2913 dandam
380 2857 584 2932 intelligentiam
594 2859 721 2925 auditori,
734 2860 769 2916 ob
783 2877 864 2933 quam
876 2862 918 2918 vel
931 2861 1048 2922 maxime
1102 2863 1177 2934 leges
1190 2861 1309 2935 imponis
1321 2860 1366 2917 vel
1385 2858 1521 2933 regulas?
1533 2859 1594 2914 Non
1612 2857 1709 2930 recipit
1722 2864 1797 2912 tuem
1812 2856 1903 2912 mode·

250 2943 363 3003 invicem
377 2945 523 3019 loquimur.
535 2948 661 3006 Dilectus
673 2965 751 3007 metu
761 2949 950 3023 milti,inquit,
965 2957 1048 3025 stepo
1103 2951 1245 3022 ustionem,
1269 2966 1323 3007 non
1342 2966 1358 3005 ε
1382 2955 1410 3006 ιε
1429 2946 1653 3019 compositionem
1678 2953 1828 3018 exspectat,
1847 2959 1901 3000 non

249 3033 307 3090 illi.
324 3034 386 3090 Non
399 3036 482 3108 plusi
497 3035 597 3092 Pendet
614 3041 721 3109 oratio;
737 3039 792 3095 imo
805 3055 861 3095 nou
877 3040 985 3112 pendet,
1001 3040 1048 3096 sed
1103 3039 1333 3109 commoditatem,
1348 3051 1402 3092 uon
1416 3035 1644 3109 opportunitatem
1665 3032 1793 3106 requirit.
1809 3035 1861 3090 Per
1873 3049 1902 3088 se

249 3121 351 3177 delicit.
359 3121 538 3193 suspenditur
544 3124 663 3190 auditor,
671 3141 721 3182 nec
727 3126 914 3196 eruditur,sed
925 3129 1048 3199 erigitur.
1065 3111 1086 3191 G
1102 3144 1134 3186 ex
1149 3129 1260 3195 intimis,
1269 3142 1322 3184 nou
1332 3127 1414 3181 modo
1428 3140 1489 3180 cum
1503 3138 1556 3180 non
1570 3123 1621 3183 ris.
1633 3123 1679 3179 secl
1690 3131 1717 3178 et
1726 3137 1788 3180 curn
1799 3122 1899 3184 nescis,

285 3214 311 3266 3.
332 3211 402 3281 Quid
417 3223 458 3268 est
474 3213 526 3270 hoo
539 3215 613 3284 quod
628 3215 703 3284 dicit,
715 3215 760 3271 ille
774 3217 856 3281 mihi,
873 3222 900 3274 ct
915 3234 962 3290 eqo
977 3218 1048 3275 titt?
1103 3217 1231 3290 erumpit,
1247 3215 1360 3272 evulsus
1374 3213 1465 3286 potius
1479 3227 1561 3285 quum
1576 3213 1701 3269 emissus.
1712 3209 1816 3266 'l'ameu
1832 3211 1902 3265 odo·

249 3297 391 3354 Nescimus
419 3299 484 3372 quid
508 3300 636 3373 loquitur,
651 3304 715 3374 quia
739 3319 792 3358 non
820 3302 952 3360 sentimus
974 3306 1045 3376 quod
1102 3321 1159 3362 rem
1172 3299 1903 3377 portstructus,quandoquebonumquandoqnema·

250 3387 378 3445 sentito
396 3397 488 3446 sancte
506 3393 607 3456 anima,
625 3393 691 3464 quid
706 3400 767 3447 tuus
783 3393 829 3448 ille
853 3394 911 3462 tihi,
929 3393 994 3465 quid
1018 3405 1046 3448 tu
1104 3395 1168 3462 lum,
1177 3409 1226 3464 pro
1241 3406 1400 3456 vasorum,c
1411 3391 1512 3464 quibus
1522 3389 1652 3460 ascendit,
1662 3388 1806 3468 mntmriis
1815 3387 1903 3460 quali.

250 3477 316 3532 illi?
329 3476 469 3545 Quaensm
482 3494 583 3550 queso,
596 3481 653 3537 haec
668 3481 798 3539 intervos
809 3491 861 3538 tam
877 3483 1047 3539 latitilisriter
1101 3483 1209 3541 tatibus.
1225 3482 1348 3555 Denique
1362 3483 1451 3537 bonus
1465 3482 1547 3536 homo
1565 3479 1599 3536 de
1616 3479 1688 3534 hono
1704 3477 1830 3533 thesemo
1849 3491 1901 3532 suo

250 3563 485 3638 favorabiliterque
504 3567 659 3624 discurrens
679 3569 816 3632 exhibitio,
838 3579 864 3626 et
886 3572 1047 3626 redhibitio?
1099 3567 1901 3645 profectuosum,ermatusmclum(correxere).eccum

250 3651 311 3707 Tibi
324 3652 379 3723 ille,
395 3659 478 3725 tuque
493 3653 612 3710 vicissim
627 3656 676 3711 illi.
693 3656 745 3711 Sed
767 3657 856 3729 quior
874 3659 905 3712 ld
919 3659 1009 3729 ipsum
1022 3659 1046 3716 ei
1100 3677 1148 3717 vas
1169 3676 1267 3731 sponse
1287 3659 1392 3716 Domini
1405 3659 1467 3724 mei,
1484 3666 1511 3713 et
1526 3657 1613 3713 honus
1629 3655 1695 3712 mihi
1709 3657 1779 3712 odor
1797 3671 1830 3713 ex
1844 3654 1899 3710 illa.

178 3780 180 3783 .
250 3746 291 3807 tu,
306 3738 380 3809 quod
399 3739 447 3794 tibi
464 3740 519 3807 ills,
534 3757 567 3796 an
581 3741 679 3798 aliud?
698 3743 726 3799 Si
741 3743 830 3817 nohis,
845 3745 869 3801 si
883 3747 917 3802 ad
931 3755 1046 3804 nostram
1138 3753 1166 3805 b.
1182 3749 1291 3805 Gratias
1304 3764 1355 3824 ago
1370 3749 1427 3815 tibi,
1438 3745 1554 3803 Domine
1568 3745 1643 3816 lesu,
1658 3745 1704 3818 qui
1719 3760 1763 3802 mc
1776 3743 1900 3816 dignatus

250 3825 593 3901 loqueristntetltgemtsm,
606 3831 747 3889 evidenter
759 3834 832 3906 quod
844 3835 929 3892 sentis
939 3836 1046 3904 edicito,
1104 3855 1134 3895 es
1158 3837 1297 3894 admittere
1321 3825 1418 3894 selterlt
1441 3837 1476 3892 ed
1500 3835 1678 3892 odorandum.
1704 3833 1754 3906 lta,
1773 3833 1901 3900 Domine,

250 3913 397 3986 Quousque
410 3917 514 3973 animas
528 3930 637 3976 nostras
653 3921 750 3978 tollis?
763 3922 806 3980 An
822 3927 972 3982 secundum
986 3943 1050 3996 pro·
1110 3943 1171 3984 nem
1186 3933 1213 3983 ει
1231 3925 1321 3983 catelli
1337 3925 1420 3982 edunt
1433 3923 1467 3978 de
1482 3923 1558 3980 micis
1577 3939 1637 3998 que
1649 3921 1748 3978 cadunt
1761 3921 1796 3978 de
1809 3935 1900 3976 messa

251 4006 358 4076 phetam
385 4015 520 4064 secretum
549 4018 625 4066 tuum
645 4011 716 4068 tihit
743 4013 809 4084 (isc.
834 4031 912 4083 xxiv,
934 4018 992 4088 tt.)
1011 4021 1049 4074 lta
1102 4016 1276 4073 dominorum
1298 4030 1408 4070 suorum
1433 4013 1545 4083 (llcttlt.
1569 4029 1617 4079 xv,
1635 4013 1692 4082 27).
1715 4011 1791 4080 lsthl,
1806 4009 1899 4078 illm.

250 4101 309 4150 est:
325 4094 438 4152 tilectus
452 4096 619 4166 locutuaest,
630 4114 684 4155 non
702 4102 866 4170 intellectus,
882 4115 910 4160 et
924 4107 1048 4164 ideonon
1102 4107 1173 4162 bene
1192 4103 1297 4159 redolet
1311 4114 1407 4160 ructus
1420 4100 1527 4158 ditmte
1549 4107 1613 4167 tuce,
1630 4108 1658 4156 et
1679 4099 1714 4155 de
1735 4099 1901 4172 plenitudine

251 4183 473 4243 adintellectum.
491 4186 884 4262 tequidergcettttbot
905 4195 1049 4262 nibil,nisi
1107 4194 1178 4266 eius,
1198 4191 1322 4264 quamvis
1346 4190 1482 4247 modicum
1505 4189 1580 4261 quid,
1614 4195 1754 4260 gratanter
1785 4187 1899 4258 accipio.

250 4273 321 4344 quod
337 4274 496 4330 mirabiliter
515 4275 662 4348 delectata,
676 4287 703 4334 et
716 4279 1002 4341 allectavehementer
1015 4285 1049 4341 ad
1104 4282 1261 4340 hlemoriam
1283 4279 1455 4337 sbundentiae
1478 4277 1619 4336 suavitatis
1638 4283 1693 4332 tum
1707 4285 1811 4334 eructu
1825 4277 1900 4344 mihi,

251 4361 418 4420 desideratos
446 4361 555 4434 aliatus,
577 4365 657 4422 linem
676 4367 723 4424 illo
747 4369 865 4428 iaciente
883 4387 935 4428 nec
960 4383 1047 4432 tacere
1062 4385 1085 4462 ῃ
1102 4379 1129 4430 ει
1152 4371 1244 4429 nescio
1263 4369 1329 4442 quid
1355 4367 1491 4425 ineffabile
1509 4373 1563 4423 ture
1577 4365 1740 4440 dignationis
1763 4373 1791 4422 et
1805 4367 1902 4422 amotis

250 4453 362 4512 omnino
382 4453 479 4527 quivit,
496 4469 546 4511 nec
573 4465 661 4512 tsmm
685 4459 758 4529 quod
772 4461 856 4517 sensit
880 4463 1042 4534 exprimere.
1098 4465 1228 4523 odoratus
1246 4475 1307 4516 sum
1323 4459 1351 4514 in
1363 4473 1432 4514 voce
1445 4459 1495 4514 ists
1510 4475 1517 4515 :
1533 4457 1657 4514 meotes
1674 4471 1756 4514 ειεεε
1772 4456 1857 4522 mibi,
1876 4461 1902 4512 et

250 4541 345 4615 Neque
363 4544 434 4599 enim
458 4553 487 4600 ut
511 4544 675 4616 exprimeret
702 4549 741 4606 sic
764 4551 854 4606 locuta
873 4563 922 4622 cst,
944 4555 991 4610 sed
1010 4571 1043 4609 uc
1098 4571 1146 4629 epo
1161 4555 1217 4610 itti.
1243 4552 1306 4623 ipsa
1324 4558 1355 4606 ut
1367 4549 1479 4622 dignum
1494 4555 1545 4618 est,
1560 4547 1686 4619 epuletur
1699 4556 1726 4603 et
1745 4545 1864 4604 exsultet
1876 4547 1903 4602 in

250 4637 359 4686 taceret.
374 4630 413 4687 Ex
433 4631 595 4687 abundantia
615 4633 704 4690 cordis
731 4651 763 4692 os
786 4639 902 4696 locutum
926 4647 978 4704 est,
996 4643 1043 4697 sed
1097 4651 1245 4714 conspectu
1262 4649 1316 4709 tuo,
1331 4647 1359 4696 et
1380 4639 1528 4694 delectetur
1546 4637 1573 4692 iu
1589 4636 1680 4692 letitia
1694 4653 1702 4691 ε
1718 4643 1902 4694 verumatmen

251 4731 305 4774 non
319 4736 369 4791 pro
382 4721 559 4778 abundantis.
571 4723 675 4781 liabent
689 4741 751 4781 suas
764 4741 845 4784 voces
857 4727 983 4795 allectus,
998 4747 1046 4798 per
1099 4734 1138 4790 sic
1152 4731 1202 4790 tihi
1211 4729 1334 4795 excedat,
1347 4727 1476 4785 utsobria
1489 4726 1525 4782 sit
1539 4727 1628 4784 nobis.
1642 4726 1705 4794 ipss
1718 4740 1787 4798 ergo
1796 4724 1903 4798 reple·-

251 4819 317 4875 quss
338 4824 376 4875 se,
397 4809 477 4866 etiam
502 4826 564 4867 curn
588 4813 692 4880 nolunt,
709 4814 849 4884 produnt:
865 4819 954 4884 timor,
970 4817 1045 4874 verbi
1100 4829 1144 4878 tur
1160 4820 1186 4876 in
1211 4817 1291 4875 honis
1304 4817 1403 4873 domus
1417 4822 1480 4887 tuae,
1495 4823 1523 4871 et
1543 4821 1663 4870 torrente
1681 4811 1832 4885 voluptttts
1849 4823 1901 4868 tus

250 4909 339 4962 causa,
356 4897 538 4965 meticulosas,
558 4900 636 4957 dolor
647 4903 841 4976 gemebundas,
856 4921 932 4963 amor
943 4907 1043 4976 jucun·
1097 4916 1207 4980 potetur
1224 4926 1230 4962 :
1247 4907 1305 4975 sed,
1327 4921 1430 4974 quasso,
1440 4903 1581 4977 perveniet
1594 4901 1628 4958 ad
1644 4917 1687 4958 me
1700 4915 1850 4974 pauperem
1859 4903 1900 4957 vel

249 4983 308 5038 das.
324 4984 449 5058 Nunquid
462 4989 607 5044 dolentium
624 4993 757 5062 planctus,
773 4994 1041 5051 moerentiumvesin-
1097 4997 1185 5054 tenuis
1206 4996 1274 5052 odor
1294 5003 1431 5050 erucuntc
1446 4992 1503 5060 illa,
1521 5007 1582 5048 cum
1602 4991 1698 5046 εειιειε
1716 4989 1808 5046 inerit.
1832 4991 1901 5046 liene

249 5074 339 5148 gultus
353 5073 394 5129 vel
408 5077 535 5148 gemitus,
550 5095 750 5151 percussorum,
761 5082 879 5154 itemque
889 5086 1043 5153 patentium
1097 5085 1162 5142 mihi
1175 5083 1307 5142 erucuvit
1323 5085 1441 5155 Moyses,
1456 5089 1483 5140 ει
1503 5081 1591 5137 honus
1604 5080 1674 5136 odor
1687 5079 1715 5134 in
1735 5085 1815 5135 ructu
1827 5082 1900 5151 ejus,

249 5163 394 5220 subiisset
416 5163 541 5221 elieretss
555 5167 762 5240 clamitationes,
778 5187 827 5228 ssu
846 5172 924 5227 etiam
940 5181 1043 5228 sature·
1098 5173 1214 5231 creantis
1228 5173 1373 5243 potentiae:
1391 5175 1423 5229 ht
1434 5171 1584 5246 principio.
1600 5169 1697 5242 inquil,
1707 5170 1818 5226 milvii
1830 5169 1902 5226 Μ’

250 5260 338 5309 turum
359 5264 462 5325 ructus,
478 5263 524 5311 cut
542 5273 608 5312 usus
629 5265 714 5325 creat,
729 5268 775 5314 sut
789 5260 855 5315 ratio
873 5262 982 5332 excitat,
997 5266 1044 5316 eut
1094 5265 1196 5321 caelum
1211 5267 1239 5320 et
1255 5267 1362 5318 terrum
1378 5261 1458 5333 (Gerr.
1471 5275 1490 5327 r,
1504 5261 1541 5332 ι).
1561 5259 1632 5316 Βεεε
1646 5257 1730 5314 lsaiss
1741 5273 1749 5317 ε
1761 5273 1825 5314 nam
1838 5273 1900 5314 sut-

248 5341 1043 5418 deliberaticoruimt,sutpremeditatistormattujusmodi
1094 5351 1235 5408 vissimum
1251 5351 1407 5408 redimentis
1425 5349 1616 5406 misericordie
1630 5347 1744 5404 odorem
1759 5345 1845 5413 dedit,
1864 5345 1899 5400 itt

248 5441 348 5488 certum
365 5443 415 5501 εει,
435 5450 488 5493 non
503 5443 570 5492 nutu
594 5438 704 5508 prodire
723 5437 815 5503 enimi,
831 5439 880 5495 sed
898 5454 1041 5511 erumpere
1095 5452 1232 5498 eructans:
1245 5440 1542 5498 Tradiditiumortcm
1551 5439 1786 5504 ouimcmsoutts,
1797 5439 1898 5495 ειεεει

248 5523 393 5578 motusic
420 5523 537 5594 tlemus
564 5542 596 5583 sc
619 5527 766 5582 vehemens
789 5543 877 5594 emor,
891 5528 1040 5600 presertim
1094 5532 1239 5608 sceleratis
1260 5533 1410 5602 reputatus
1424 5531 1515 5600 eat,ct
1529 5529 1591 5602 ipse
1607 5529 1724 5600 peccota
1741 5525 1898 5582 multem

249 5607 366 5678 divinus,
383 5627 443 5666 cum
462 5629 492 5669 sc
518 5615 587 5670 iutra
610 5631 639 5670 se
658 5615 785 5672 cohibere
808 5632 861 5673 non
884 5619 968 5688 velet,
988 5632 1040 5673 uon
1097 5617 1790 5694 tulit,etprotrartsqressorihusrcgcoitllsc.utu,
1803 5617 1859 5680 tt),
1872 5615 1899 5666 nl

248 5695 371 5768 attendit,
386 5716 440 5772 quo
455 5701 562 5775 ordine,
578 5719 630 5778 qus
645 5702 716 5777 lego,
731 5707 901 5775 quarescrie
914 5721 961 5762 seu
976 5723 1042 5779 pau·
1095 5724 1148 5766 non
1157 5707 1361 5781 perirent.Quid
1368 5723 1444 5780 eque
1453 5707 1669 5765 misericordium
1677 5703 1801 5764 εειοιειι
1813 5703 1898 5762 tenu
