<?xml version="1.0" encoding="UTF-8"?>
<!DOCTYPE html PUBLIC "-//W3C//DTD XHTML 1.0 Transitional//EN"
    "http://www.w3.org/TR/xhtml1/DTD/xhtml1-transitional.dtd">
<html xmlns="http://www.w3.org/1999/xhtml" xml:lang="en" lang="en">
 <head>
  <title>
</title>
<meta http-equiv="Content-Type" content="text/html;charset=utf-8" />
  <meta name='ocr-system' content='tesseract 3.04.00' />
  <meta name='ocr-capabilities' content='ocr_page ocr_carea ocr_par ocr_line ocrx_word'/>
</head>
<body>
  <div class='ocr_page' id='page_1' title='image "./patrologiaecurs142unkngoog_0246.png"; bbox 0 0 4150 6348; ppageno 0'>
   <div class='ocr_carea' id='block_1_1' title="bbox 196 413 1847 494">
    <p class='ocr_par' dir='ltr' id='par_1_1' title="bbox 196 413 1847 494">
     <span class='ocr_line' id='line_1_1' title="bbox 196 413 1847 494; baseline -0.01 0"><span class='ocrx_word' id='word_1_1' title='bbox 196 431 248 494; x_wconf 78' lang='lat' dir='ltr'>tta</span> <span class='ocrx_word' id='word_1_2' title='bbox 669 426 703 490; x_wconf 87' lang='lat' dir='ltr'>tlt</span> <span class='ocrx_word' id='word_1_3' title='bbox 717 423 961 491; x_wconf 70' lang='lat' dir='ltr'>simeonitis</span> <span class='ocrx_word' id='word_1_4' title='bbox 979 413 1300 489; x_wconf 70' lang='lat' dir='ltr'>sentinata-stituit</span> <span class='ocrx_word' id='word_1_5' title='bbox 1315 413 1364 476; x_wconf 84' lang='lat' dir='ltr'>tv.</span> <span class='ocrx_word' id='word_1_6' title='bbox 1794 416 1847 480; x_wconf 81' lang='lat' dir='ltr'>titt</span> 
     </span>
    </p>
   </div>
   <div class='ocr_carea' id='block_1_2' title="bbox 192 555 1849 1341">
    <p class='ocr_par' dir='ltr' id='par_1_2' title="bbox 192 555 1849 1341">
     <span class='ocr_line' id='line_1_2' title="bbox 195 555 1846 649; baseline -0.001 -29"><span class='ocrx_word' id='word_1_7' title='bbox 195 557 249 615; x_wconf 73' lang='lat' dir='ltr'>vlit</span> <span class='ocrx_word' id='word_1_8' title='bbox 263 563 374 628; x_wconf 79' lang='lat' dir='ltr'>erema,</span> <span class='ocrx_word' id='word_1_9' title='bbox 389 563 420 614; x_wconf 78' lang='lat' dir='ltr'>ut</span> <span class='ocrx_word' id='word_1_10' title='bbox 440 569 637 630; x_wconf 63' lang='lat' dir='ltr'>cognominus</span> <span class='ocrx_word' id='word_1_11' title='bbox 659 556 764 611; x_wconf 64' lang='lat' dir='ltr'>Piliam</span> <span class='ocrx_word' id='word_1_12' title='bbox 787 568 878 613; x_wconf 85' lang='lat' dir='ltr'>verum</span> <span class='ocrx_word' id='word_1_13' title='bbox 897 555 993 612; x_wconf 69' lang='lat' dir='ltr'>Deum·</span> <span class='ocrx_word' id='word_1_14' title='bbox 1010 569 1286 649; x_wconf 59' lang='lat' dir='ltr'>flquantumcunque</span> <span class='ocrx_word' id='word_1_15' title='bbox 1312 557 1435 630; x_wconf 86' lang='lat' dir='ltr'>proficiat</span> <span class='ocrx_word' id='word_1_16' title='bbox 1457 560 1517 632; x_wconf 87' lang='lat' dir='ltr'>quis</span> <span class='ocrx_word' id='word_1_17' title='bbox 1537 557 1720 636; x_wconf 74' lang='lat' dir='ltr'>intelligendo</span> <span class='ocrx_word' id='word_1_18' title='bbox 1731 557 1846 632; x_wconf 87' lang='lat' dir='ltr'>conspi-</span> 
     </span>
     <span class='ocr_line' id='line_1_3' title="bbox 196 643 1846 725; baseline 0 -22"><span class='ocrx_word' id='word_1_19' title='bbox 196 655 223 703; x_wconf 84' lang='lat' dir='ltr'>et</span> <span class='ocrx_word' id='word_1_20' title='bbox 237 659 319 718; x_wconf 79' lang='lat' dir='ltr'>quam</span> <span class='ocrx_word' id='word_1_21' title='bbox 334 645 408 702; x_wconf 81' lang='lat' dir='ltr'>misit</span> <span class='ocrx_word' id='word_1_22' title='bbox 420 647 514 703; x_wconf 76' lang='lat' dir='ltr'>lesum</span> <span class='ocrx_word' id='word_1_23' title='bbox 528 643 665 702; x_wconf 77' lang='lat' dir='ltr'>Christum</span> <span class='ocrx_word' id='word_1_24' title='bbox 681 644 773 716; x_wconf 75' lang='lat' dir='ltr'>(loun.</span> <span class='ocrx_word' id='word_1_25' title='bbox 790 659 861 716; x_wconf 81' lang='lat' dir='ltr'>xvii,</span> <span class='ocrx_word' id='word_1_26' title='bbox 872 646 912 716; x_wconf 82' lang='lat'>3),</span> <span class='ocrx_word' id='word_1_27' title='bbox 927 644 995 701; x_wconf 86' lang='lat' dir='ltr'>etin</span> <span class='ocrx_word' id='word_1_28' title='bbox 1051 669 1124 725; x_wconf 57' lang='lat' dir='ltr'>cese,</span> <span class='ocrx_word' id='word_1_29' title='bbox 1158 665 1239 724; x_wconf 86' lang='lat' dir='ltr'>quam</span> <span class='ocrx_word' id='word_1_30' title='bbox 1281 649 1475 720; x_wconf 88' lang='lat' dir='ltr'>potentissime,</span> <span class='ocrx_word' id='word_1_31' title='bbox 1505 665 1584 720; x_wconf 83' lang='lat' dir='ltr'>quarn</span> <span class='ocrx_word' id='word_1_32' title='bbox 1626 651 1846 722; x_wconf 74' lang='lat' dir='ltr'><strong>prudentissime,</strong></span> 
     </span>
     <span class='ocr_line' id='line_1_4' title="bbox 194 731 1845 816; baseline -0.002 -18"><span class='ocrx_word' id='word_1_33' title='bbox 194 733 245 806; x_wconf 68' lang='lat'>⁸5³,</span> <span class='ocrx_word' id='word_1_34' title='bbox 262 733 337 806; x_wconf 75' lang='lat' dir='ltr'>quod</span> <span class='ocrx_word' id='word_1_35' title='bbox 351 747 405 789; x_wconf 77' lang='lat' dir='ltr'>¹¹0ss</span> <span class='ocrx_word' id='word_1_36' title='bbox 419 740 461 788; x_wconf 73' lang='lat'>0³²</span> <span class='ocrx_word' id='word_1_37' title='bbox 475 731 598 798; x_wconf 70' lang='lat' dir='ltr'>dubium.</span> <span class='ocrx_word' id='word_1_38' title='bbox 608 731 691 787; x_wconf 49' lang='lat' dir='ltr'>‘ellim</span> <span class='ocrx_word' id='word_1_39' title='bbox 705 731 833 804; x_wconf 87' lang='lat' dir='ltr'>Spiritum</span> <span class='ocrx_word' id='word_1_40' title='bbox 845 731 995 804; x_wconf 59' lang='lat' dir='ltr'>militique·</span> <span class='ocrx_word' id='word_1_41' title='bbox 1051 759 1132 816; x_wconf 86' lang='lat' dir='ltr'>quam</span> <span class='ocrx_word' id='word_1_42' title='bbox 1147 737 1345 812; x_wconf 73' lang='lat' dir='ltr'>benignissime</span> <span class='ocrx_word' id='word_1_43' title='bbox 1361 738 1489 807; x_wconf 85' lang='lat' dir='ltr'>majestas</span> <span class='ocrx_word' id='word_1_44' title='bbox 1512 749 1615 796; x_wconf 76' lang='lat' dir='ltr'>aterna</span> <span class='ocrx_word' id='word_1_45' title='bbox 1637 740 1727 796; x_wconf 89' lang='lat' dir='ltr'>omnia</span> <span class='ocrx_word' id='word_1_46' title='bbox 1740 741 1845 809; x_wconf 87' lang='lat' dir='ltr'>fecerit,</span> 
     </span>
     <span class='ocr_line' id='line_1_5' title="bbox 192 819 1846 901; baseline -0.003 -10"><span class='ocrx_word' id='word_1_47' title='bbox 192 824 341 880; x_wconf 65' lang='lat' dir='ltr'>Tiflniifflli</span> <span class='ocrx_word' id='word_1_48' title='bbox 360 821 465 894; x_wconf 90' lang='lat' dir='ltr'>quippe</span> <span class='ocrx_word' id='word_1_49' title='bbox 489 819 651 876; x_wconf 86' lang='lat' dir='ltr'>ministrabit</span> <span class='ocrx_word' id='word_1_50' title='bbox 681 819 770 890; x_wconf 71' lang='lat' dir='ltr'>¹¹0bi⁵2</span> <span class='ocrx_word' id='word_1_51' title='bbox 796 821 995 893; x_wconf 65' lang='lat' dir='ltr'>¹¹⁰V⁸⁵¹¹²i&lt;lilft</span> <span class='ocrx_word' id='word_1_52' title='bbox 1050 838 1145 889; x_wconf 88' lang='lat' dir='ltr'>cuncta</span> <span class='ocrx_word' id='word_1_53' title='bbox 1159 835 1244 901; x_wconf 75' lang='lat' dir='ltr'>regat,</span> <span class='ocrx_word' id='word_1_54' title='bbox 1269 824 1373 882; x_wconf 87' lang='lat' dir='ltr'>ordinet</span> <span class='ocrx_word' id='word_1_55' title='bbox 1394 824 1537 892; x_wconf 88' lang='lat' dir='ltr'>universa;</span> <span class='ocrx_word' id='word_1_56' title='bbox 1566 841 1678 895; x_wconf 89' lang='lat' dir='ltr'>prorsus</span> <span class='ocrx_word' id='word_1_57' title='bbox 1711 830 1846 886; x_wconf 84' lang='lat' dir='ltr'>modicum</span> 
     </span>
     <span class='ocr_line' id='line_1_6' title="bbox 196 908 1847 990; baseline 0 -20"><span class='ocrx_word' id='word_1_58' title='bbox 196 921 224 970; x_wconf 85' lang='lat' dir='ltr'>et</span> <span class='ocrx_word' id='word_1_59' title='bbox 238 927 326 984; x_wconf 87' lang='lat' dir='ltr'>osque</span> <span class='ocrx_word' id='word_1_60' title='bbox 340 911 375 966; x_wconf 88' lang='lat' dir='ltr'>ad</span> <span class='ocrx_word' id='word_1_61' title='bbox 399 917 509 980; x_wconf 88' lang='lat' dir='ltr'>tempus</span> <span class='ocrx_word' id='word_1_62' title='bbox 523 908 591 966; x_wconf 88' lang='lat' dir='ltr'>illud</span> <span class='ocrx_word' id='word_1_63' title='bbox 611 910 688 964; x_wconf 91' lang='lat' dir='ltr'>uobis</span> <span class='ocrx_word' id='word_1_64' title='bbox 707 911 815 982; x_wconf 87' lang='lat' dir='ltr'>penitus</span> <span class='ocrx_word' id='word_1_65' title='bbox 842 909 997 983; x_wconf 84' lang='lat' dir='ltr'>inexpertas</span> <span class='ocrx_word' id='word_1_66' title='bbox 1051 921 1085 975; x_wconf 76' lang='lat' dir='ltr'>ah</span> <span class='ocrx_word' id='word_1_67' title='bbox 1098 935 1130 975; x_wconf 75' lang='lat' dir='ltr'>eo</span> <span class='ocrx_word' id='word_1_68' title='bbox 1142 916 1215 990; x_wconf 87' lang='lat' dir='ltr'>quod</span> <span class='ocrx_word' id='word_1_69' title='bbox 1226 923 1266 970; x_wconf 87' lang='lat' dir='ltr'>ast</span> <span class='ocrx_word' id='word_1_70' title='bbox 1282 911 1494 984; x_wconf 89' lang='lat' dir='ltr'>comprehendit.</span> <span class='ocrx_word' id='word_1_71' title='bbox 1508 913 1604 970; x_wconf 79' lang='lat' dir='ltr'>Veniet</span> <span class='ocrx_word' id='word_1_72' title='bbox 1623 920 1722 985; x_wconf 88' lang='lat' dir='ltr'>autern,</span> <span class='ocrx_word' id='word_1_73' title='bbox 1738 919 1847 989; x_wconf 85' lang='lat' dir='ltr'>quando</span> 
     </span>
     <span class='ocr_line' id='line_1_7' title="bbox 195 996 1847 1080; baseline 0.003 -22"><span class='ocrx_word' id='word_1_74' title='bbox 195 1001 308 1058; x_wconf 73' lang='lat' dir='ltr'>delicias</span> <span class='ocrx_word' id='word_1_75' title='bbox 334 996 488 1054; x_wconf 82' lang='lat' dir='ltr'>manifeste</span> <span class='ocrx_word' id='word_1_76' title='bbox 516 1013 571 1053; x_wconf 82' lang='lat' dir='ltr'>suae</span> <span class='ocrx_word' id='word_1_77' title='bbox 599 998 844 1070; x_wconf 75' lang='lat' dir='ltr'>contemplationis.</span> <span class='ocrx_word' id='word_1_78' title='bbox 872 999 949 1056; x_wconf 87' lang='lat' dir='ltr'>Unde</span> <span class='ocrx_word' id='word_1_79' title='bbox 970 1009 998 1058; x_wconf 93' lang='lat' dir='ltr'>et</span> <span class='ocrx_word' id='word_1_80' title='bbox 1049 1011 1116 1080; x_wconf 86' lang='lat' dir='ltr'>jam,</span> <span class='ocrx_word' id='word_1_81' title='bbox 1132 1019 1160 1064; x_wconf 89' lang='lat' dir='ltr'>ut</span> <span class='ocrx_word' id='word_1_82' title='bbox 1176 1007 1202 1062; x_wconf 91' lang='lat' dir='ltr'>in</span> <span class='ocrx_word' id='word_1_83' title='bbox 1227 1003 1388 1076; x_wconf 73' lang='lat' dir='ltr'>precedenti</span> <span class='ocrx_word' id='word_1_84' title='bbox 1413 1017 1536 1059; x_wconf 83' lang='lat' dir='ltr'>sermone</span> <span class='ocrx_word' id='word_1_85' title='bbox 1559 1001 1686 1070; x_wconf 80' lang='lat' dir='ltr'>diximus,</span> <span class='ocrx_word' id='word_1_86' title='bbox 1702 1019 1847 1077; x_wconf 88' lang='lat' dir='ltr'>aequemur</span> 
     </span>
     <span class='ocr_line' id='line_1_8' title="bbox 196 1083 1847 1172; baseline 0.001 -26"><span class='ocrx_word' id='word_1_87' title='bbox 196 1091 293 1146; x_wconf 90' lang='lat' dir='ltr'>beatus</span> <span class='ocrx_word' id='word_1_88' title='bbox 311 1090 428 1145; x_wconf 82' lang='lat' dir='ltr'>ioannes</span> <span class='ocrx_word' id='word_1_89' title='bbox 442 1087 469 1141; x_wconf 91' lang='lat' dir='ltr'>in</span> <span class='ocrx_word' id='word_1_90' title='bbox 484 1085 605 1160; x_wconf 80' lang='lat' dir='ltr'>Epistola</span> <span class='ocrx_word' id='word_1_91' title='bbox 629 1103 677 1142; x_wconf 87' lang='lat' dir='ltr'>sua</span> <span class='ocrx_word' id='word_1_92' title='bbox 693 1105 701 1142; x_wconf 90' lang='lat'>:</span> <span class='ocrx_word' id='word_1_93' title='bbox 717 1087 809 1160; x_wconf 81' lang='lat' dir='ltr'>Nunc,</span> <span class='ocrx_word' id='word_1_94' title='bbox 825 1088 922 1162; x_wconf 89' lang='lat' dir='ltr'>inquit,</span> <span class='ocrx_word' id='word_1_95' title='bbox 941 1089 997 1159; x_wconf 84' lang='lat' dir='ltr'>filii</span> <span class='ocrx_word' id='word_1_96' title='bbox 1051 1099 1160 1172; x_wconf 73' lang='lat' dir='ltr'>sgnum</span> <span class='ocrx_word' id='word_1_97' title='bbox 1176 1108 1336 1168; x_wconf 89' lang='lat' dir='ltr'>quocunque</span> <span class='ocrx_word' id='word_1_98' title='bbox 1349 1092 1421 1161; x_wconf 89' lang='lat' dir='ltr'>ierit,</span> <span class='ocrx_word' id='word_1_99' title='bbox 1433 1098 1459 1148; x_wconf 90' lang='lat' dir='ltr'>et</span> <span class='ocrx_word' id='word_1_100' title='bbox 1474 1091 1501 1146; x_wconf 89' lang='lat' dir='ltr'>in</span> <span class='ocrx_word' id='word_1_101' title='bbox 1513 1083 1638 1149; x_wconf 87' lang='lat' dir='ltr'>omnibus</span> <span class='ocrx_word' id='word_1_102' title='bbox 1649 1083 1847 1164; x_wconf 80' lang='lat' dir='ltr'>consequemur</span> 
     </span>
     <span class='ocr_line' id='line_1_9' title="bbox 196 1177 1849 1257; baseline -0.003 -12"><span class='ocrx_word' id='word_1_103' title='bbox 196 1182 360 1245; x_wconf 81' lang='lat' dir='ltr'>Deirurnus,</span> <span class='ocrx_word' id='word_1_104' title='bbox 371 1177 902 1250; x_wconf 57' lang='lat' dir='ltr'>sednonduntopparuitpuiderimus·</span> <span class='ocrx_word' id='word_1_105' title='bbox 913 1179 997 1233; x_wconf 70' lang='lat' dir='ltr'>elid-</span> <span class='ocrx_word' id='word_1_106' title='bbox 1050 1185 1234 1254; x_wconf 73' lang='lat' dir='ltr'>arcaturiam</span> <span class='ocrx_word' id='word_1_107' title='bbox 1250 1185 1278 1238; x_wconf 93' lang='lat' dir='ltr'>in</span> <span class='ocrx_word' id='word_1_108' title='bbox 1296 1183 1421 1240; x_wconf 89' lang='lat' dir='ltr'>omnibus</span> <span class='ocrx_word' id='word_1_109' title='bbox 1439 1181 1616 1254; x_wconf 72' lang='lat' dir='ltr'>gaudeamus,</span> <span class='ocrx_word' id='word_1_110' title='bbox 1634 1181 1706 1255; x_wconf 90' lang='lat' dir='ltr'>quod</span> <span class='ocrx_word' id='word_1_111' title='bbox 1730 1191 1772 1238; x_wconf 91' lang='lat' dir='ltr'>est</span> <span class='ocrx_word' id='word_1_112' title='bbox 1786 1193 1849 1257; x_wconf 79' lang='lat' dir='ltr'>gau·</span> 
     </span>
     <span class='ocr_line' id='line_1_10' title="bbox 196 1267 1843 1341; baseline 0.003 -16"><span class='ocrx_word' id='word_1_113' title='bbox 196 1270 245 1325; x_wconf 85' lang='lat' dir='ltr'>dit:</span> <span class='ocrx_word' id='word_1_114' title='bbox 254 1270 469 1326; x_wconf 75' lang='lat' dir='ltr'>Seimmautem</span> <span class='ocrx_word' id='word_1_115' title='bbox 479 1267 613 1341; x_wconf 83' lang='lat' dir='ltr'>quonium</span> <span class='ocrx_word' id='word_1_116' title='bbox 624 1281 690 1322; x_wconf 88' lang='lat' dir='ltr'>cum</span> <span class='ocrx_word' id='word_1_117' title='bbox 705 1268 996 1340; x_wconf 69' lang='lat' dir='ltr'>apperuerit,simiiet</span> <span class='ocrx_word' id='word_1_118' title='bbox 1050 1275 1125 1330; x_wconf 89' lang='lat' dir='ltr'>dium</span> <span class='ocrx_word' id='word_1_119' title='bbox 1139 1273 1245 1330; x_wconf 87' lang='lat' dir='ltr'>Domini</span> <span class='ocrx_word' id='word_1_120' title='bbox 1265 1273 1317 1328; x_wconf 85' lang='lat' dir='ltr'>Dei</span> <span class='ocrx_word' id='word_1_121' title='bbox 1336 1273 1430 1330; x_wconf 89' lang='lat' dir='ltr'>nostri.</span> <span class='ocrx_word' id='word_1_122' title='bbox 1447 1272 1618 1330; x_wconf 79' lang='lat' dir='ltr'>Gaudeamus</span> <span class='ocrx_word' id='word_1_123' title='bbox 1633 1287 1697 1330; x_wconf 87' lang='lat' dir='ltr'>sane</span> <span class='ocrx_word' id='word_1_124' title='bbox 1711 1271 1741 1329; x_wconf 90' lang='lat' dir='ltr'>ln</span> <span class='ocrx_word' id='word_1_125' title='bbox 1755 1274 1843 1330; x_wconf 84' lang='lat' dir='ltr'>omni-</span> 
     </span>
    </p>
   </div>
   <div class='ocr_carea' id='block_1_3' title="bbox 196 1349 1848 1520">
    <p class='ocr_par' dir='ltr' id='par_1_3' title="bbox 196 1349 1848 1520">
     <span class='ocr_line' id='line_1_11' title="bbox 196 1349 1848 1436; baseline 0 -16"><span class='ocrx_word' id='word_1_126' title='bbox 196 1349 351 1427; x_wconf 75' lang='lat' dir='ltr'>ri&#39;crimoa</span> <span class='ocrx_word' id='word_1_127' title='bbox 361 1355 596 1428; x_wconf 73' lang='lat' dir='ltr'>putandumne</span> <span class='ocrx_word' id='word_1_128' title='bbox 606 1355 768 1412; x_wconf 72' lang='lat' dir='ltr'>maseati</span> <span class='ocrx_word' id='word_1_129' title='bbox 782 1360 824 1413; x_wconf 77' lang='lat' dir='ltr'>cti</span> <span class='ocrx_word' id='word_1_130' title='bbox 834 1355 942 1428; x_wconf 79' lang='lat' dir='ltr'>(ticon.</span> <span class='ocrx_word' id='word_1_131' title='bbox 952 1371 995 1427; x_wconf 88' lang='lat' dir='ltr'>m,</span> <span class='ocrx_word' id='word_1_132' title='bbox 1050 1366 1113 1436; x_wconf 83' lang='lat' dir='ltr'>hus,</span> <span class='ocrx_word' id='word_1_133' title='bbox 1128 1364 1176 1421; x_wconf 75' lang='lat' dir='ltr'>sed</span> <span class='ocrx_word' id='word_1_134' title='bbox 1190 1378 1243 1421; x_wconf 84' lang='lat' dir='ltr'>non</span> <span class='ocrx_word' id='word_1_135' title='bbox 1259 1362 1367 1420; x_wconf 81' lang='lat' dir='ltr'>aliunde</span> <span class='ocrx_word' id='word_1_136' title='bbox 1377 1379 1458 1436; x_wconf 81' lang='lat' dir='ltr'>quam</span> <span class='ocrx_word' id='word_1_137' title='bbox 1470 1363 1585 1436; x_wconf 82' lang='lat' dir='ltr'>teipso,</span> <span class='ocrx_word' id='word_1_138' title='bbox 1599 1362 1671 1420; x_wconf 82' lang='lat' dir='ltr'>sicut</span> <span class='ocrx_word' id='word_1_139' title='bbox 1684 1361 1778 1436; x_wconf 80' lang='lat' dir='ltr'>etipse</span> <span class='ocrx_word' id='word_1_140' title='bbox 1792 1377 1848 1420; x_wconf 84' lang='lat' dir='ltr'>aon</span> 
     </span>
     <span class='ocr_line' id='line_1_12' title="bbox 196 1443 1472 1520; baseline -0.004 -18"><span class='ocrx_word' id='word_1_141' title='bbox 196 1448 234 1520; x_wconf 73' lang='grc' dir='ltr'>ι).</span> <span class='ocrx_word' id='word_1_142' title='bbox 251 1445 322 1502; x_wconf 79' lang='lat' dir='ltr'>Aodi</span> <span class='ocrx_word' id='word_1_143' title='bbox 336 1444 454 1518; x_wconf 89' lang='lat' dir='ltr'>denique</span> <span class='ocrx_word' id='word_1_144' title='bbox 469 1457 597 1515; x_wconf 88' lang='lat' dir='ltr'>sponsam</span> <span class='ocrx_word' id='word_1_145' title='bbox 614 1443 641 1498; x_wconf 92' lang='lat' dir='ltr'>io</span> <span class='ocrx_word' id='word_1_146' title='bbox 656 1443 767 1500; x_wconf 88' lang='lat' dir='ltr'>Cantico</span> <span class='ocrx_word' id='word_1_147' title='bbox 781 1445 947 1500; x_wconf 88' lang='lat' dir='ltr'>canticorum</span> <span class='ocrx_word' id='word_1_148' title='bbox 961 1445 996 1501; x_wconf 85' lang='lat' dir='ltr'>ti-</span> <span class='ocrx_word' id='word_1_149' title='bbox 1049 1443 1111 1500; x_wconf 61' lang='lat' dir='ltr'>‘aliis</span> <span class='ocrx_word' id='word_1_150' title='bbox 1127 1445 1235 1512; x_wconf 89' lang='lat' dir='ltr'>fruitur,</span> <span class='ocrx_word' id='word_1_151' title='bbox 1252 1444 1299 1500; x_wconf 89' lang='lat' dir='ltr'>sed</span> <span class='ocrx_word' id='word_1_152' title='bbox 1315 1443 1472 1515; x_wconf 88' lang='lat' dir='ltr'>semetipso.</span> 
     </span>
    </p>
   </div>
   <div class='ocr_carea' id='block_1_4' title="bbox 187 1531 1849 4451">
    <p class='ocr_par' dir='ltr' id='par_1_4' title="bbox 196 1531 1848 2230">
     <span class='ocr_line' id='line_1_13' title="bbox 197 1531 1848 1607; baseline -0.002 -14"><span class='ocrx_word' id='word_1_153' title='bbox 197 1536 339 1593; x_wconf 87' lang='lat' dir='ltr'>ducialiter</span> <span class='ocrx_word' id='word_1_154' title='bbox 352 1534 518 1607; x_wconf 87' lang='lat' dir='ltr'>loquentem,</span> <span class='ocrx_word' id='word_1_155' title='bbox 535 1539 562 1588; x_wconf 92' lang='lat' dir='ltr'>et</span> <span class='ocrx_word' id='word_1_156' title='bbox 580 1548 631 1605; x_wconf 91' lang='lat' dir='ltr'>spe</span> <span class='ocrx_word' id='word_1_157' title='bbox 654 1531 765 1604; x_wconf 87' lang='lat' dir='ltr'>quidem</span> <span class='ocrx_word' id='word_1_158' title='bbox 777 1535 831 1602; x_wconf 87' lang='lat' dir='ltr'>jam</span> <span class='ocrx_word' id='word_1_159' title='bbox 848 1548 933 1603; x_wconf 88' lang='lat' dir='ltr'>super</span> <span class='ocrx_word' id='word_1_160' title='bbox 957 1533 996 1588; x_wconf 85' lang='lat' dir='ltr'>al·</span> <span class='ocrx_word' id='word_1_161' title='bbox 1089 1537 1116 1590; x_wconf 83' lang='grc'>5.</span> <span class='ocrx_word' id='word_1_162' title='bbox 1135 1534 1202 1590; x_wconf 84' lang='lat' dir='ltr'>iem·</span> <span class='ocrx_word' id='word_1_163' title='bbox 1220 1548 1286 1589; x_wconf 85' lang='lat' dir='ltr'>sero</span> <span class='ocrx_word' id='word_1_164' title='bbox 1312 1533 1540 1605; x_wconf 84' lang='lat' dir='ltr'>quemadmodum</span> <span class='ocrx_word' id='word_1_165' title='bbox 1556 1531 1583 1587; x_wconf 91' lang='lat' dir='ltr'>in</span> <span class='ocrx_word' id='word_1_166' title='bbox 1611 1533 1689 1589; x_wconf 88' lang='lat' dir='ltr'>nobis</span> <span class='ocrx_word' id='word_1_167' title='bbox 1707 1532 1848 1589; x_wconf 88' lang='lat' dir='ltr'>habendus</span> 
     </span>
     <span class='ocr_line' id='line_1_14' title="bbox 198 1620 1847 1696; baseline -0.003 -14"><span class='ocrx_word' id='word_1_168' title='bbox 198 1627 254 1682; x_wconf 88' lang='lat' dir='ltr'>tare</span> <span class='ocrx_word' id='word_1_169' title='bbox 271 1626 397 1682; x_wconf 80' lang='lat' dir='ltr'>locatam.</span> <span class='ocrx_word' id='word_1_170' title='bbox 414 1624 494 1679; x_wconf 79' lang='lat' dir='ltr'>bravo</span> <span class='ocrx_word' id='word_1_171' title='bbox 505 1623 576 1693; x_wconf 72' lang='lat' dir='ltr'>eius,</span> <span class='ocrx_word' id='word_1_172' title='bbox 592 1620 663 1676; x_wconf 87' lang='lat' dir='ltr'>baud</span> <span class='ocrx_word' id='word_1_173' title='bbox 677 1620 789 1678; x_wconf 88' lang='lat' dir='ltr'>dubium</span> <span class='ocrx_word' id='word_1_174' title='bbox 805 1620 870 1694; x_wconf 89' lang='lat' dir='ltr'>quin</span> <span class='ocrx_word' id='word_1_175' title='bbox 892 1621 996 1694; x_wconf 90' lang='lat' dir='ltr'>spousi,</span> <span class='ocrx_word' id='word_1_176' title='bbox 1051 1620 1095 1689; x_wconf 90' lang='lat' dir='ltr'>sit,</span> <span class='ocrx_word' id='word_1_177' title='bbox 1110 1629 1137 1678; x_wconf 90' lang='lat' dir='ltr'>ct</span> <span class='ocrx_word' id='word_1_178' title='bbox 1163 1623 1215 1676; x_wconf 91' lang='lat' dir='ltr'>hoc</span> <span class='ocrx_word' id='word_1_179' title='bbox 1229 1622 1272 1676; x_wconf 82' lang='lat' dir='ltr'>tel</span> <span class='ocrx_word' id='word_1_180' title='bbox 1288 1637 1320 1678; x_wconf 88' lang='lat' dir='ltr'>ex</span> <span class='ocrx_word' id='word_1_181' title='bbox 1332 1630 1408 1694; x_wconf 87' lang='lat' dir='ltr'>parte</span> <span class='ocrx_word' id='word_1_182' title='bbox 1433 1636 1577 1693; x_wconf 87' lang='lat' dir='ltr'>possumus</span> <span class='ocrx_word' id='word_1_183' title='bbox 1587 1621 1714 1696; x_wconf 80' lang='lat' dir='ltr'>cogitare.</span> <span class='ocrx_word' id='word_1_184' title='bbox 1737 1621 1847 1678; x_wconf 84' lang='lat' dir='ltr'>Constat</span> 
     </span>
     <span class='ocr_line' id='line_1_15' title="bbox 197 1709 1847 1788; baseline -0.004 -15"><span class='ocrx_word' id='word_1_185' title='bbox 197 1717 248 1773; x_wconf 83' lang='lat' dir='ltr'>tub</span> <span class='ocrx_word' id='word_1_186' title='bbox 262 1714 356 1788; x_wconf 85' lang='lat' dir='ltr'>cupite</span> <span class='ocrx_word' id='word_1_187' title='bbox 366 1728 447 1778; x_wconf 86' lang='lat' dir='ltr'>meo,</span> <span class='ocrx_word' id='word_1_188' title='bbox 463 1716 491 1770; x_wconf 86' lang='lat' dir='ltr'>ct</span> <span class='ocrx_word' id='word_1_189' title='bbox 504 1711 622 1767; x_wconf 76' lang='lat' dir='ltr'>uectem</span> <span class='ocrx_word' id='word_1_190' title='bbox 635 1710 715 1767; x_wconf 81' lang='lat' dir='ltr'>ttttm</span> <span class='ocrx_word' id='word_1_191' title='bbox 726 1709 940 1782; x_wconf 75' lang='lat' dir='ltr'>amplexabitur</span> <span class='ocrx_word' id='word_1_192' title='bbox 951 1728 997 1770; x_wconf 88' lang='lat' dir='ltr'>me</span> <span class='ocrx_word' id='word_1_193' title='bbox 1051 1710 1123 1767; x_wconf 89' lang='lat' dir='ltr'>enim</span> <span class='ocrx_word' id='word_1_194' title='bbox 1139 1710 1290 1766; x_wconf 88' lang='lat' dir='ltr'>animarum</span> <span class='ocrx_word' id='word_1_195' title='bbox 1306 1709 1438 1781; x_wconf 77' lang='lat' dir='ltr'>triplicem</span> <span class='ocrx_word' id='word_1_196' title='bbox 1453 1725 1513 1766; x_wconf 86' lang='lat' dir='ltr'>csse</span> <span class='ocrx_word' id='word_1_197' title='bbox 1526 1720 1659 1768; x_wconf 85' lang='lat' dir='ltr'>naturam.</span> <span class='ocrx_word' id='word_1_198' title='bbox 1670 1710 1748 1768; x_wconf 86' lang='lat' dir='ltr'>Unde</span> <span class='ocrx_word' id='word_1_199' title='bbox 1762 1717 1789 1766; x_wconf 88' lang='lat' dir='ltr'>et</span> <span class='ocrx_word' id='word_1_200' title='bbox 1802 1727 1847 1766; x_wconf 88' lang='lat' dir='ltr'>sa·</span> 
     </span>
     <span class='ocr_line' id='line_1_16' title="bbox 196 1798 1844 1876; baseline -0.002 -15"><span class='ocrx_word' id='word_1_201' title='bbox 196 1805 296 1876; x_wconf 81' lang='lat' dir='ltr'>(Cani.</span> <span class='ocrx_word' id='word_1_202' title='bbox 315 1817 346 1871; x_wconf 87' lang='lat' dir='ltr'>n,</span> <span class='ocrx_word' id='word_1_203' title='bbox 361 1804 400 1874; x_wconf 80' lang='grc' dir='ltr'>ι).</span> <span class='ocrx_word' id='word_1_204' title='bbox 416 1798 597 1856; x_wconf 80' lang='lat' dir='ltr'>Transcendit</span> <span class='ocrx_word' id='word_1_205' title='bbox 612 1799 683 1854; x_wconf 91' lang='lat' dir='ltr'>enim</span> <span class='ocrx_word' id='word_1_206' title='bbox 698 1801 775 1856; x_wconf 86' lang='lat' dir='ltr'>beata</span> <span class='ocrx_word' id='word_1_207' title='bbox 793 1799 884 1856; x_wconf 84' lang='lat' dir='ltr'>anima</span> <span class='ocrx_word' id='word_1_208' title='bbox 898 1800 996 1858; x_wconf 87' lang='lat' dir='ltr'>Christi</span> <span class='ocrx_word' id='word_1_209' title='bbox 1051 1800 1156 1870; x_wconf 90' lang='lat' dir='ltr'>pientes</span> <span class='ocrx_word' id='word_1_210' title='bbox 1169 1799 1262 1856; x_wconf 92' lang='lat' dir='ltr'>mundi</span> <span class='ocrx_word' id='word_1_211' title='bbox 1277 1799 1482 1868; x_wconf 89' lang='lat' dir='ltr'>hnjosanimam</span> <span class='ocrx_word' id='word_1_212' title='bbox 1503 1800 1657 1872; x_wconf 86' lang='lat' dir='ltr'>humanam,</span> <span class='ocrx_word' id='word_1_213' title='bbox 1675 1800 1844 1871; x_wconf 82' lang='lat' dir='ltr'>rationalem,</span> 
     </span>
     <span class='ocr_line' id='line_1_17' title="bbox 197 1852 1848 1962; baseline 0.001 -16"><span class='ocrx_word' id='word_1_214' title='bbox 197 1890 411 1947; x_wconf 81' lang='lat' dir='ltr'>incarnationem</span> <span class='ocrx_word' id='word_1_215' title='bbox 431 1897 460 1946; x_wconf 92' lang='lat' dir='ltr'>et</span> <span class='ocrx_word' id='word_1_216' title='bbox 484 1888 672 1960; x_wconf 89' lang='lat' dir='ltr'>bumilitatem,</span> <span class='ocrx_word' id='word_1_217' title='bbox 693 1905 754 1960; x_wconf 86' lang='lat' dir='ltr'>quae</span> <span class='ocrx_word' id='word_1_218' title='bbox 777 1888 906 1945; x_wconf 89' lang='lat' dir='ltr'>nimirum</span> <span class='ocrx_word' id='word_1_219' title='bbox 929 1889 996 1947; x_wconf 81' lang='lat' dir='ltr'>lacta</span> <span class='ocrx_word' id='word_1_220' title='bbox 1013 1852 1035 1931; x_wconf 63' lang='grc' dir='ltr'><strong>Β</strong></span> <span class='ocrx_word' id='word_1_221' title='bbox 1053 1887 1473 1961; x_wconf 86' lang='lat' dir='ltr'>irascibilem,concupiscibilem</span> <span class='ocrx_word' id='word_1_222' title='bbox 1487 1904 1548 1944; x_wconf 88' lang='lat' dir='ltr'>esse</span> <span class='ocrx_word' id='word_1_223' title='bbox 1563 1889 1729 1948; x_wconf 87' lang='lat' dir='ltr'>tradiderunt</span> <span class='ocrx_word' id='word_1_224' title='bbox 1744 1909 1751 1946; x_wconf 75' lang='grc' dir='ltr'>ε</span> <span class='ocrx_word' id='word_1_225' title='bbox 1767 1902 1848 1962; x_wconf 85' lang='lat' dir='ltr'>quam</span> 
     </span>
     <span class='ocr_line' id='line_1_18' title="bbox 196 1976 1848 2054; baseline -0.001 -18"><span class='ocrx_word' id='word_1_226' title='bbox 196 1980 257 2051; x_wconf 85' lang='lat' dir='ltr'>ejas</span> <span class='ocrx_word' id='word_1_227' title='bbox 269 1981 331 2052; x_wconf 87' lang='lat' dir='ltr'>jure</span> <span class='ocrx_word' id='word_1_228' title='bbox 346 1988 475 2054; x_wconf 81' lang='lat' dir='ltr'>vocatur3</span> <span class='ocrx_word' id='word_1_229' title='bbox 489 1985 519 2034; x_wconf 91' lang='lat' dir='ltr'>ut</span> <span class='ocrx_word' id='word_1_230' title='bbox 533 1977 699 2036; x_wconf 83' lang='lat' dir='ltr'>divinitatem</span> <span class='ocrx_word' id='word_1_231' title='bbox 710 1979 771 2048; x_wconf 83' lang='lat' dir='ltr'>ejus</span> <span class='ocrx_word' id='word_1_232' title='bbox 787 1984 814 2035; x_wconf 91' lang='lat' dir='ltr'>et</span> <span class='ocrx_word' id='word_1_233' title='bbox 828 1979 998 2050; x_wconf 85' lang='lat' dir='ltr'>majestatem</span> <span class='ocrx_word' id='word_1_234' title='bbox 1053 1979 1148 2052; x_wconf 88' lang='lat' dir='ltr'>utiquc</span> <span class='ocrx_word' id='word_1_235' title='bbox 1164 1977 1298 2050; x_wconf 87' lang='lat' dir='ltr'>triplicem</span> <span class='ocrx_word' id='word_1_236' title='bbox 1321 1977 1373 2034; x_wconf 84' lang='lat' dir='ltr'>rim</span> <span class='ocrx_word' id='word_1_237' title='bbox 1387 1977 1485 2032; x_wconf 77' lang='lat' dir='ltr'>anime</span> <span class='ocrx_word' id='word_1_238' title='bbox 1512 1976 1572 2049; x_wconf 86' lang='lat' dir='ltr'>ipsa</span> <span class='ocrx_word' id='word_1_239' title='bbox 1586 1992 1697 2050; x_wconf 85' lang='lat' dir='ltr'>quoque</span> <span class='ocrx_word' id='word_1_240' title='bbox 1710 1986 1807 2034; x_wconf 88' lang='lat' dir='ltr'>natura</span> <span class='ocrx_word' id='word_1_241' title='bbox 1820 1985 1848 2035; x_wconf 90' lang='lat' dir='ltr'>et</span> 
     </span>
     <span class='ocr_line' id='line_1_19' title="bbox 197 2057 1847 2144; baseline -0.002 -19"><span class='ocrx_word' id='word_1_242' title='bbox 197 2071 267 2140; x_wconf 83' lang='lat' dir='ltr'>ejus,</span> <span class='ocrx_word' id='word_1_243' title='bbox 283 2083 365 2144; x_wconf 91' lang='lat' dir='ltr'>quam</span> <span class='ocrx_word' id='word_1_244' title='bbox 379 2085 434 2126; x_wconf 93' lang='lat' dir='ltr'>non</span> <span class='ocrx_word' id='word_1_245' title='bbox 448 2069 596 2142; x_wconf 78' lang='lat' dir='ltr'>incongrue</span> <span class='ocrx_word' id='word_1_246' title='bbox 609 2069 747 2124; x_wconf 81' lang='lat' dir='ltr'>dexteram</span> <span class='ocrx_word' id='word_1_247' title='bbox 762 2057 893 2134; x_wconf 88' lang='lat' dir='ltr'>nominat,</span> <span class='ocrx_word' id='word_1_248' title='bbox 909 2068 997 2126; x_wconf 86' lang='lat' dir='ltr'>sobli-</span> <span class='ocrx_word' id='word_1_249' title='bbox 1052 2067 1209 2141; x_wconf 81' lang='lat' dir='ltr'>quoddiona</span> <span class='ocrx_word' id='word_1_250' title='bbox 1223 2067 1410 2138; x_wconf 80' lang='lat' dir='ltr'>experimenta</span> <span class='ocrx_word' id='word_1_251' title='bbox 1423 2081 1474 2123; x_wconf 90' lang='lat' dir='ltr'>nos</span> <span class='ocrx_word' id='word_1_252' title='bbox 1495 2065 1603 2123; x_wconf 90' lang='lat' dir='ltr'>docent.</span> <span class='ocrx_word' id='word_1_253' title='bbox 1615 2066 1702 2123; x_wconf 90' lang='lat' dir='ltr'>Porro</span> <span class='ocrx_word' id='word_1_254' title='bbox 1717 2069 1847 2138; x_wconf 85' lang='lat' dir='ltr'>quemad-</span> 
     </span>
     <span class='ocr_line' id='line_1_20' title="bbox 198 2156 1847 2230; baseline 0 -17"><span class='ocrx_word' id='word_1_255' title='bbox 198 2157 268 2214; x_wconf 91' lang='lat' dir='ltr'>mius</span> <span class='ocrx_word' id='word_1_256' title='bbox 279 2158 488 2230; x_wconf 84' lang='lat' dir='ltr'>contempletur.</span> <span class='ocrx_word' id='word_1_257' title='bbox 1052 2157 1163 2214; x_wconf 90' lang='lat' dir='ltr'>modum</span> <span class='ocrx_word' id='word_1_258' title='bbox 1177 2159 1249 2214; x_wconf 89' lang='lat' dir='ltr'>circa</span> <span class='ocrx_word' id='word_1_259' title='bbox 1263 2157 1391 2214; x_wconf 82' lang='lat' dir='ltr'>rationale</span> <span class='ocrx_word' id='word_1_260' title='bbox 1406 2165 1539 2222; x_wconf 71' lang='lat' dir='ltr'>mmmm,</span> <span class='ocrx_word' id='word_1_261' title='bbox 1556 2163 1586 2212; x_wconf 89' lang='lat' dir='ltr'>ut</span> <span class='ocrx_word' id='word_1_262' title='bbox 1596 2156 1751 2223; x_wconf 71' lang='lat' dir='ltr'>salentiaci</span> <span class='ocrx_word' id='word_1_263' title='bbox 1765 2158 1847 2229; x_wconf 79' lang='lat' dir='ltr'>igno-</span> 
     </span>
    </p>

    <p class='ocr_par' dir='ltr' id='par_1_5' title="bbox 187 2244 1849 4451">
     <span class='ocr_line' id='line_1_21' title="bbox 233 2244 1849 2319; baseline -0.001 -15"><span class='ocrx_word' id='word_1_264' title='bbox 233 2251 260 2304; x_wconf 84' lang='grc'>3.</span> <span class='ocrx_word' id='word_1_265' title='bbox 280 2247 533 2318; x_wconf 82' lang='lat' dir='ltr'>Tripliciierenim,</span> <span class='ocrx_word' id='word_1_266' title='bbox 549 2245 657 2319; x_wconf 88' lang='lat' dir='ltr'>fratres,</span> <span class='ocrx_word' id='word_1_267' title='bbox 671 2245 699 2300; x_wconf 96' lang='lat' dir='ltr'>in</span> <span class='ocrx_word' id='word_1_268' title='bbox 718 2253 821 2303; x_wconf 74' lang='lat' dir='ltr'>eterna</span> <span class='ocrx_word' id='word_1_269' title='bbox 836 2245 997 2319; x_wconf 77' lang='lat' dir='ltr'>illaetpor-</span> <span class='ocrx_word' id='word_1_270' title='bbox 1051 2246 1138 2302; x_wconf 89' lang='lat' dir='ltr'>raotia</span> <span class='ocrx_word' id='word_1_271' title='bbox 1151 2253 1254 2304; x_wconf 79' lang='lat' dir='ltr'>consttu</span> <span class='ocrx_word' id='word_1_272' title='bbox 1269 2253 1395 2317; x_wconf 69' lang='lat' dir='ltr'>unquam</span> <span class='ocrx_word' id='word_1_273' title='bbox 1422 2244 1530 2300; x_wconf 87' lang='lat' dir='ltr'>habitus</span> <span class='ocrx_word' id='word_1_274' title='bbox 1552 2253 1579 2300; x_wconf 92' lang='lat' dir='ltr'>et</span> <span class='ocrx_word' id='word_1_275' title='bbox 1601 2245 1732 2317; x_wconf 81' lang='lat' dir='ltr'>privatio:</span> <span class='ocrx_word' id='word_1_276' title='bbox 1753 2245 1792 2303; x_wconf 81' lang='lat' dir='ltr'>sic</span> <span class='ocrx_word' id='word_1_277' title='bbox 1821 2254 1849 2302; x_wconf 90' lang='lat' dir='ltr'>ct</span> 
     </span>
     <span class='ocr_line' id='line_1_22' title="bbox 196 2329 1848 2407; baseline -0.002 -15"><span class='ocrx_word' id='word_1_278' title='bbox 196 2335 442 2394; x_wconf 88' lang='lat' dir='ltr'>fectabeatitudine</span> <span class='ocrx_word' id='word_1_279' title='bbox 457 2335 579 2391; x_wconf 85' lang='lat' dir='ltr'>fruemur</span> <span class='ocrx_word' id='word_1_280' title='bbox 598 2335 666 2406; x_wconf 84' lang='lat' dir='ltr'>Deo,</span> <span class='ocrx_word' id='word_1_281' title='bbox 682 2333 806 2392; x_wconf 81' lang='lat' dir='ltr'>sidentes</span> <span class='ocrx_word' id='word_1_282' title='bbox 818 2351 880 2392; x_wconf 88' lang='lat' dir='ltr'>eom</span> <span class='ocrx_word' id='word_1_283' title='bbox 895 2335 923 2390; x_wconf 93' lang='lat' dir='ltr'>in</span> <span class='ocrx_word' id='word_1_284' title='bbox 938 2349 997 2393; x_wconf 91' lang='lat' dir='ltr'>om·</span> <span class='ocrx_word' id='word_1_285' title='bbox 1051 2333 1122 2389; x_wconf 85' lang='lat' dir='ltr'>circa</span> <span class='ocrx_word' id='word_1_286' title='bbox 1135 2331 1355 2407; x_wconf 87' lang='lat' dir='ltr'>concupiscibile,</span> <span class='ocrx_word' id='word_1_287' title='bbox 1371 2329 1536 2389; x_wconf 87' lang='lat' dir='ltr'>desideri-um</span> <span class='ocrx_word' id='word_1_288' title='bbox 1560 2337 1587 2388; x_wconf 87' lang='lat' dir='ltr'>et</span> <span class='ocrx_word' id='word_1_289' title='bbox 1606 2341 1798 2406; x_wconf 90' lang='lat' dir='ltr'>contemptus:</span> <span class='ocrx_word' id='word_1_290' title='bbox 1819 2340 1848 2389; x_wconf 91' lang='lat' dir='ltr'>et</span> 
     </span>
     <span class='ocr_line' id='line_1_23' title="bbox 197 2419 1849 2496; baseline -0.004 -14"><span class='ocrx_word' id='word_1_291' title='bbox 197 2425 280 2482; x_wconf 85' lang='lat' dir='ltr'>itibus</span> <span class='ocrx_word' id='word_1_292' title='bbox 306 2425 448 2491; x_wconf 88' lang='lat' dir='ltr'>creaturis,</span> <span class='ocrx_word' id='word_1_293' title='bbox 473 2427 604 2482; x_wconf 83' lang='lat' dir='ltr'>babentes</span> <span class='ocrx_word' id='word_1_294' title='bbox 628 2440 690 2480; x_wconf 90' lang='lat' dir='ltr'>cum</span> <span class='ocrx_word' id='word_1_295' title='bbox 716 2425 744 2480; x_wconf 91' lang='lat' dir='ltr'>in</span> <span class='ocrx_word' id='word_1_296' title='bbox 768 2423 848 2480; x_wconf 87' lang='lat' dir='ltr'>nobis</span> <span class='ocrx_word' id='word_1_297' title='bbox 872 2423 949 2496; x_wconf 87' lang='lat' dir='ltr'>ipsis,</span> <span class='ocrx_word' id='word_1_298' title='bbox 969 2431 996 2481; x_wconf 91' lang='lat' dir='ltr'>et</span> <span class='ocrx_word' id='word_1_299' title='bbox 1048 2421 1242 2494; x_wconf 86' lang='lat' dir='ltr'>circaidquod</span> <span class='ocrx_word' id='word_1_300' title='bbox 1266 2419 1522 2489; x_wconf 85' lang='lat' dir='ltr'>diciturirascibilc,</span> <span class='ocrx_word' id='word_1_301' title='bbox 1538 2427 1565 2476; x_wconf 91' lang='lat' dir='ltr'>et</span> <span class='ocrx_word' id='word_1_302' title='bbox 1582 2419 1672 2477; x_wconf 86' lang='lat' dir='ltr'>laetitia</span> <span class='ocrx_word' id='word_1_303' title='bbox 1697 2422 1805 2494; x_wconf 90' lang='lat' dir='ltr'>pariter,</span> <span class='ocrx_word' id='word_1_304' title='bbox 1820 2431 1849 2480; x_wconf 89' lang='lat' dir='ltr'>et</span> 
     </span>
     <span class='ocr_line' id='line_1_24' title="bbox 198 2508 1847 2587; baseline -0.001 -18"><span class='ocrx_word' id='word_1_305' title='bbox 198 2513 281 2587; x_wconf 83' lang='lat' dir='ltr'>(quod</span> <span class='ocrx_word' id='word_1_306' title='bbox 296 2513 340 2569; x_wconf 86' lang='lat' dir='ltr'>bis</span> <span class='ocrx_word' id='word_1_307' title='bbox 353 2513 481 2570; x_wconf 88' lang='lat' dir='ltr'>omnibus</span> <span class='ocrx_word' id='word_1_308' title='bbox 499 2511 672 2569; x_wconf 76' lang='lat' dir='ltr'>ineffabiliter</span> <span class='ocrx_word' id='word_1_309' title='bbox 692 2512 840 2583; x_wconf 87' lang='lat' dir='ltr'>jucundius</span> <span class='ocrx_word' id='word_1_310' title='bbox 866 2513 902 2569; x_wconf 90' lang='lat' dir='ltr'>sit</span> <span class='ocrx_word' id='word_1_311' title='bbox 915 2519 994 2585; x_wconf 83' lang='lat' dir='ltr'>atque</span> <span class='ocrx_word' id='word_1_312' title='bbox 1049 2511 1089 2567; x_wconf 90' lang='lat' dir='ltr'>ira</span> <span class='ocrx_word' id='word_1_313' title='bbox 1117 2519 1250 2569; x_wconf 78' lang='lat' dir='ltr'>vomatur.</span> <span class='ocrx_word' id='word_1_314' title='bbox 1268 2508 1396 2581; x_wconf 91' lang='lat' dir='ltr'>Implebit</span> <span class='ocrx_word' id='word_1_315' title='bbox 1416 2510 1565 2582; x_wconf 77' lang='lat' dir='ltr'>ergoDeus</span> <span class='ocrx_word' id='word_1_316' title='bbox 1582 2508 1709 2565; x_wconf 85' lang='lat' dir='ltr'>rationale</span> <span class='ocrx_word' id='word_1_317' title='bbox 1723 2517 1847 2568; x_wconf 86' lang='lat' dir='ltr'>nostrum</span> 
     </span>
     <span class='ocr_line' id='line_1_25' title="bbox 195 2597 1846 2676; baseline -0.001 -19"><span class='ocrx_word' id='word_1_318' title='bbox 195 2601 314 2673; x_wconf 86' lang='lat' dir='ltr'>beatius)</span> <span class='ocrx_word' id='word_1_319' title='bbox 331 2601 417 2672; x_wconf 86' lang='lat' dir='ltr'>ipsam</span> <span class='ocrx_word' id='word_1_320' title='bbox 441 2609 551 2674; x_wconf 83' lang='lat' dir='ltr'>quoque</span> <span class='ocrx_word' id='word_1_321' title='bbox 582 2610 775 2674; x_wconf 71' lang='lat' dir='ltr'>cognoscentes</span> <span class='ocrx_word' id='word_1_322' title='bbox 797 2602 826 2656; x_wconf 92' lang='lat' dir='ltr'>in</span> <span class='ocrx_word' id='word_1_323' title='bbox 849 2601 994 2676; x_wconf 86' lang='lat' dir='ltr'>semetipsa</span> <span class='ocrx_word' id='word_1_324' title='bbox 1047 2599 1111 2657; x_wconf 91' lang='lat' dir='ltr'>luce</span> <span class='ocrx_word' id='word_1_325' title='bbox 1137 2598 1288 2672; x_wconf 78' lang='lat' dir='ltr'>sapientie,</span> <span class='ocrx_word' id='word_1_326' title='bbox 1303 2599 1341 2655; x_wconf 89' lang='lat' dir='ltr'>ita</span> <span class='ocrx_word' id='word_1_327' title='bbox 1354 2605 1383 2653; x_wconf 87' lang='lat' dir='ltr'>ut</span> <span class='ocrx_word' id='word_1_328' title='bbox 1398 2598 1505 2670; x_wconf 88' lang='lat' dir='ltr'>penitus</span> <span class='ocrx_word' id='word_1_329' title='bbox 1532 2597 1612 2653; x_wconf 87' lang='lat' dir='ltr'>nobis</span> <span class='ocrx_word' id='word_1_330' title='bbox 1640 2599 1707 2654; x_wconf 90' lang='lat' dir='ltr'>nibil</span> <span class='ocrx_word' id='word_1_331' title='bbox 1726 2599 1795 2654; x_wconf 87' lang='lat' dir='ltr'>desit</span> <span class='ocrx_word' id='word_1_332' title='bbox 1818 2601 1846 2656; x_wconf 91' lang='lat' dir='ltr'>in</span> 
     </span>
     <span class='ocr_line' id='line_1_26' title="bbox 191 2685 1846 2764; baseline -0.001 -18"><span class='ocrx_word' id='word_1_333' title='bbox 191 2689 365 2759; x_wconf 88' lang='lat' dir='ltr'>Trinitatem,</span> <span class='ocrx_word' id='word_1_334' title='bbox 388 2699 415 2746; x_wconf 88' lang='lat' dir='ltr'>at</span> <span class='ocrx_word' id='word_1_335' title='bbox 443 2689 557 2764; x_wconf 80' lang='lat' dir='ltr'>gloriam</span> <span class='ocrx_word' id='word_1_336' title='bbox 585 2689 662 2744; x_wconf 88' lang='lat' dir='ltr'>illam</span> <span class='ocrx_word' id='word_1_337' title='bbox 681 2690 740 2746; x_wconf 86' lang='lat' dir='ltr'>sine</span> <span class='ocrx_word' id='word_1_338' title='bbox 766 2690 822 2747; x_wconf 92' lang='lat' dir='ltr'>ollo</span> <span class='ocrx_word' id='word_1_339' title='bbox 849 2691 993 2764; x_wconf 78' lang='lat' dir='ltr'>aenigmate</span> <span class='ocrx_word' id='word_1_340' title='bbox 1047 2689 1103 2746; x_wconf 86' lang='lat' dir='ltr'>ulla</span> <span class='ocrx_word' id='word_1_341' title='bbox 1118 2690 1237 2746; x_wconf 81' lang='lat' dir='ltr'>scientia.</span> <span class='ocrx_word' id='word_1_342' title='bbox 1253 2688 1379 2758; x_wconf 87' lang='lat' dir='ltr'>Implebit</span> <span class='ocrx_word' id='word_1_343' title='bbox 1405 2685 1615 2759; x_wconf 79' lang='lat' dir='ltr'>concupiscibile</span> <span class='ocrx_word' id='word_1_344' title='bbox 1629 2697 1753 2743; x_wconf 78' lang='lat' dir='ltr'>ausuum</span> <span class='ocrx_word' id='word_1_345' title='bbox 1771 2687 1846 2745; x_wconf 91' lang='lat' dir='ltr'>fonta</span> 
     </span>
     <span class='ocr_line' id='line_1_27' title="bbox 191 2775 1846 2852; baseline 0.001 -20"><span class='ocrx_word' id='word_1_346' title='bbox 191 2780 297 2834; x_wconf 87' lang='lat' dir='ltr'>mondo</span> <span class='ocrx_word' id='word_1_347' title='bbox 315 2778 407 2835; x_wconf 90' lang='lat' dir='ltr'>cordis</span> <span class='ocrx_word' id='word_1_348' title='bbox 430 2779 507 2835; x_wconf 87' lang='lat' dir='ltr'>oculo</span> <span class='ocrx_word' id='word_1_349' title='bbox 537 2778 760 2852; x_wconf 85' lang='lat' dir='ltr'>contemplantes.</span> <span class='ocrx_word' id='word_1_350' title='bbox 784 2780 815 2835; x_wconf 92' lang='lat' dir='ltr'>ln</span> <span class='ocrx_word' id='word_1_351' title='bbox 842 2779 895 2836; x_wconf 88' lang='lat' dir='ltr'>boc</span> <span class='ocrx_word' id='word_1_352' title='bbox 920 2779 993 2837; x_wconf 91' lang='lat' dir='ltr'>euim</span> <span class='ocrx_word' id='word_1_353' title='bbox 1044 2779 1207 2848; x_wconf 56' lang='lat' dir='ltr'>iustitiam</span> <span class='ocrx_word' id='word_1_354' title='bbox 1223 2776 1333 2834; x_wconf 90' lang='lat' dir='ltr'>omnino</span> <span class='ocrx_word' id='word_1_355' title='bbox 1347 2775 1846 2848; x_wconf 87' lang='lat' dir='ltr'>desideremuseam&#39;eteepenitusrc-</span> 
     </span>
     <span class='ocr_line' id='line_1_28' title="bbox 191 2863 1846 2940; baseline 0 -16"><span class='ocrx_word' id='word_1_356' title='bbox 191 2866 315 2924; x_wconf 84' lang='lat' dir='ltr'>critrltae</span> <span class='ocrx_word' id='word_1_357' title='bbox 330 2873 430 2922; x_wconf 83' lang='lat' dir='ltr'>aetemo</span> <span class='ocrx_word' id='word_1_358' title='bbox 444 2877 471 2924; x_wconf 91' lang='lat' dir='ltr'>et</span> <span class='ocrx_word' id='word_1_359' title='bbox 483 2866 611 2940; x_wconf 88' lang='lat' dir='ltr'>perfecta,</span> <span class='ocrx_word' id='word_1_360' title='bbox 623 2875 653 2924; x_wconf 91' lang='lat' dir='ltr'>ut</span> <span class='ocrx_word' id='word_1_361' title='bbox 665 2883 864 2940; x_wconf 76' lang='lat' dir='ltr'>cogitoscamus</span> <span class='ocrx_word' id='word_1_362' title='bbox 873 2869 991 2940; x_wconf 90' lang='lat' dir='ltr'>Patrem,</span> <span class='ocrx_word' id='word_1_363' title='bbox 1047 2869 1180 2940; x_wconf 84' lang='lat' dir='ltr'>plasmor,</span> <span class='ocrx_word' id='word_1_364' title='bbox 1196 2863 1266 2924; x_wconf 89' lang='lat' dir='ltr'>siout</span> <span class='ocrx_word' id='word_1_365' title='bbox 1280 2864 1414 2935; x_wconf 91' lang='lat' dir='ltr'>scriptum</span> <span class='ocrx_word' id='word_1_366' title='bbox 1430 2871 1472 2920; x_wconf 87' lang='lat' dir='ltr'>est</span> <span class='ocrx_word' id='word_1_367' title='bbox 1487 2882 1493 2919; x_wconf 93' lang='lat'><strong>:</strong></span> <span class='ocrx_word' id='word_1_368' title='bbox 1511 2865 1592 2924; x_wconf 83' lang='lat' dir='ltr'>Beati</span> <span class='ocrx_word' id='word_1_369' title='bbox 1605 2867 1655 2939; x_wconf 83' lang='lat' dir='ltr'>qui</span> <span class='ocrx_word' id='word_1_370' title='bbox 1669 2867 1801 2924; x_wconf 79' lang='lat' dir='ltr'>esuriunt</span> <span class='ocrx_word' id='word_1_371' title='bbox 1816 2872 1846 2924; x_wconf 84' lang='lat' dir='ltr'>et</span> 
     </span>
     <span class='ocr_line' id='line_1_29' title="bbox 189 2953 1843 3030; baseline 0.001 -18"><span class='ocrx_word' id='word_1_372' title='bbox 189 2953 332 3012; x_wconf 78' lang='lat' dir='ltr'>etliilinm</span> <span class='ocrx_word' id='word_1_373' title='bbox 355 2971 416 3012; x_wconf 91' lang='lat' dir='ltr'>eum</span> <span class='ocrx_word' id='word_1_374' title='bbox 442 2964 535 3012; x_wconf 86' lang='lat' dir='ltr'>sancto</span> <span class='ocrx_word' id='word_1_375' title='bbox 559 2954 676 3028; x_wconf 86' lang='lat' dir='ltr'>Spiritu,</span> <span class='ocrx_word' id='word_1_376' title='bbox 692 2965 719 3013; x_wconf 90' lang='lat' dir='ltr'>ct</span> <span class='ocrx_word' id='word_1_377' title='bbox 748 2957 991 3014; x_wconf 89' lang='lat' dir='ltr'>videamusDcum</span> <span class='ocrx_word' id='word_1_378' title='bbox 1047 2955 1843 3030; x_wconf 71' lang='lat' dir='ltr'>stttuntjustirianaqmatansparaturutantardtattt.</span> 
     </span>
     <span class='ocr_line' id='line_1_30' title="bbox 189 3041 1843 3114; baseline 0 -15"><span class='ocrx_word' id='word_1_379' title='bbox 189 3043 270 3101; x_wconf 89' lang='lat' dir='ltr'>sicuti</span> <span class='ocrx_word' id='word_1_380' title='bbox 283 3050 343 3098; x_wconf 90' lang='lat' dir='ltr'>est:</span> <span class='ocrx_word' id='word_1_381' title='bbox 360 3041 454 3114; x_wconf 88' lang='lat' dir='ltr'>idest,</span> <span class='ocrx_word' id='word_1_382' title='bbox 471 3059 523 3100; x_wconf 91' lang='lat' dir='ltr'>uon</span> <span class='ocrx_word' id='word_1_383' title='bbox 540 3044 701 3100; x_wconf 90' lang='lat' dir='ltr'>modoslcut</span> <span class='ocrx_word' id='word_1_384' title='bbox 716 3044 788 3100; x_wconf 87' lang='lat' dir='ltr'>inest</span> <span class='ocrx_word' id='word_1_385' title='bbox 802 3044 879 3101; x_wconf 87' lang='lat' dir='ltr'>nobis</span> <span class='ocrx_word' id='word_1_386' title='bbox 895 3043 991 3100; x_wconf 84' lang='lat' dir='ltr'>videli—</span> <span class='ocrx_word' id='word_1_387' title='bbox 1044 3055 1072 3100; x_wconf 80' lang='grc' dir='ltr'>ι.</span> <span class='ocrx_word' id='word_1_388' title='bbox 1089 3045 1127 3114; x_wconf 86' lang='grc'>6).</span> <span class='ocrx_word' id='word_1_389' title='bbox 1143 3043 1225 3098; x_wconf 90' lang='lat' dir='ltr'>Nulla</span> <span class='ocrx_word' id='word_1_390' title='bbox 1238 3041 1310 3098; x_wconf 89' lang='lat' dir='ltr'>enim</span> <span class='ocrx_word' id='word_1_391' title='bbox 1324 3041 1376 3098; x_wconf 86' lang='lat' dir='ltr'>alio</span> <span class='ocrx_word' id='word_1_392' title='bbox 1390 3041 1555 3112; x_wconf 88' lang='lat' dir='ltr'>resimplere</span> <span class='ocrx_word' id='word_1_393' title='bbox 1570 3049 1659 3114; x_wconf 87' lang='lat' dir='ltr'>potest</span> <span class='ocrx_word' id='word_1_394' title='bbox 1682 3043 1843 3113; x_wconf 84' lang='lat' dir='ltr'>desideriam</span> 
     </span>
     <span class='ocr_line' id='line_1_31' title="bbox 193 3129 1843 3214; baseline 0.001 -26"><span class='ocrx_word' id='word_1_395' title='bbox 193 3141 244 3200; x_wconf 85' lang='lat' dir='ltr'>cet,</span> <span class='ocrx_word' id='word_1_396' title='bbox 258 3141 304 3188; x_wconf 85' lang='lat' dir='ltr'>tot</span> <span class='ocrx_word' id='word_1_397' title='bbox 317 3131 423 3190; x_wconf 76' lang='lat' dir='ltr'>caeteris</span> <span class='ocrx_word' id='word_1_398' title='bbox 439 3133 578 3200; x_wconf 82' lang='lat' dir='ltr'>creatoris,</span> <span class='ocrx_word' id='word_1_399' title='bbox 595 3149 640 3188; x_wconf 84' lang='lat' dir='ltr'>sec</span> <span class='ocrx_word' id='word_1_400' title='bbox 653 3132 723 3190; x_wconf 87' lang='lat' dir='ltr'>sicut</span> <span class='ocrx_word' id='word_1_401' title='bbox 736 3139 777 3189; x_wconf 89' lang='lat' dir='ltr'>est</span> <span class='ocrx_word' id='word_1_402' title='bbox 790 3132 817 3188; x_wconf 92' lang='lat' dir='ltr'>in</span> <span class='ocrx_word' id='word_1_403' title='bbox 833 3133 991 3205; x_wconf 86' lang='lat' dir='ltr'>temetipso.</span> <span class='ocrx_word' id='word_1_404' title='bbox 1009 3134 1032 3214; x_wconf 73' lang='lat' dir='ltr'><strong>c</strong></span> <span class='ocrx_word' id='word_1_405' title='bbox 1048 3133 1157 3198; x_wconf 81' lang='lat' dir='ltr'>auimae,</span> <span class='ocrx_word' id='word_1_406' title='bbox 1175 3131 1249 3187; x_wconf 90' lang='lat' dir='ltr'>nulla</span> <span class='ocrx_word' id='word_1_407' title='bbox 1271 3131 1323 3186; x_wconf 86' lang='lat' dir='ltr'>alia</span> <span class='ocrx_word' id='word_1_408' title='bbox 1338 3137 1437 3202; x_wconf 85' lang='lat' dir='ltr'>praeter</span> <span class='ocrx_word' id='word_1_409' title='bbox 1447 3129 1581 3199; x_wconf 86' lang='lat' dir='ltr'>justitiam</span> <span class='ocrx_word' id='word_1_410' title='bbox 1607 3129 1760 3189; x_wconf 80' lang='lat' dir='ltr'>beatificare</span> <span class='ocrx_word' id='word_1_411' title='bbox 1782 3133 1843 3189; x_wconf 90' lang='lat' dir='ltr'>ani·</span> 
     </span>
     <span class='ocr_line' id='line_1_32' title="bbox 192 3220 1845 3294; baseline -0.001 -15"><span class='ocrx_word' id='word_1_412' title='bbox 192 3221 271 3280; x_wconf 84' lang='lat' dir='ltr'>Unde</span> <span class='ocrx_word' id='word_1_413' title='bbox 295 3223 349 3277; x_wconf 91' lang='lat' dir='ltr'>duo</span> <span class='ocrx_word' id='word_1_414' title='bbox 375 3221 419 3277; x_wconf 88' lang='lat' dir='ltr'>illa</span> <span class='ocrx_word' id='word_1_415' title='bbox 442 3222 518 3278; x_wconf 81' lang='lat' dir='ltr'>reiut</span> <span class='ocrx_word' id='word_1_416' title='bbox 540 3221 759 3294; x_wconf 85' lang='lat' dir='ltr'>circumjacentia</span> <span class='ocrx_word' id='word_1_417' title='bbox 779 3237 841 3278; x_wconf 87' lang='lat' dir='ltr'>essa</span> <span class='ocrx_word' id='word_1_418' title='bbox 864 3222 993 3279; x_wconf 85' lang='lat' dir='ltr'>videntur</span> <span class='ocrx_word' id='word_1_419' title='bbox 1046 3237 1117 3278; x_wconf 88' lang='lat' dir='ltr'>mam</span> <span class='ocrx_word' id='word_1_420' title='bbox 1129 3227 1229 3292; x_wconf 87' lang='lat' dir='ltr'>potest.</span> <span class='ocrx_word' id='word_1_421' title='bbox 1245 3223 1314 3278; x_wconf 87' lang='lat' dir='ltr'>Cum</span> <span class='ocrx_word' id='word_1_422' title='bbox 1332 3234 1397 3293; x_wconf 75' lang='lat' dir='ltr'>ergo</span> <span class='ocrx_word' id='word_1_423' title='bbox 1410 3220 1559 3292; x_wconf 78' lang='lat' dir='ltr'>repleverit</span> <span class='ocrx_word' id='word_1_424' title='bbox 1590 3221 1663 3278; x_wconf 88' lang='lat' dir='ltr'>Deus</span> <span class='ocrx_word' id='word_1_425' title='bbox 1678 3222 1845 3294; x_wconf 82' lang='lat' dir='ltr'>concupisci·</span> 
     </span>
     <span class='ocr_line' id='line_1_33' title="bbox 192 3307 1838 3384; baseline -0.001 -18"><span class='ocrx_word' id='word_1_426' title='bbox 192 3324 254 3384; x_wconf 78' lang='lat' dir='ltr'>qua</span> <span class='ocrx_word' id='word_1_427' title='bbox 269 3309 453 3383; x_wconf 72' lang='lat' dir='ltr'>prediximus,</span> <span class='ocrx_word' id='word_1_428' title='bbox 470 3317 498 3366; x_wconf 91' lang='lat' dir='ltr'>et</span> <span class='ocrx_word' id='word_1_429' title='bbox 512 3311 591 3381; x_wconf 87' lang='lat' dir='ltr'>quasi</span> <span class='ocrx_word' id='word_1_430' title='bbox 614 3315 718 3368; x_wconf 68' lang='lat' dir='ltr'>cortes</span> <span class='ocrx_word' id='word_1_431' title='bbox 728 3310 831 3367; x_wconf 83' lang='lat' dir='ltr'>tritici:</span> <span class='ocrx_word' id='word_1_432' title='bbox 849 3312 908 3368; x_wconf 82' lang='lat' dir='ltr'>baec</span> <span class='ocrx_word' id='word_1_433' title='bbox 928 3327 992 3368; x_wconf 82' lang='lat' dir='ltr'>tero</span> <span class='ocrx_word' id='word_1_434' title='bbox 1046 3310 1102 3365; x_wconf 87' lang='lat' dir='ltr'>bile</span> <span class='ocrx_word' id='word_1_435' title='bbox 1118 3317 1240 3365; x_wconf 88' lang='lat' dir='ltr'>nostrum</span> <span class='ocrx_word' id='word_1_436' title='bbox 1254 3307 1358 3378; x_wconf 85' lang='lat' dir='ltr'>justitia</span> <span class='ocrx_word' id='word_1_437' title='bbox 1369 3325 1377 3378; x_wconf 81' lang='lat'>3</span> <span class='ocrx_word' id='word_1_438' title='bbox 1389 3307 1521 3380; x_wconf 87' lang='lat' dir='ltr'>quidquid</span> <span class='ocrx_word' id='word_1_439' title='bbox 1544 3323 1673 3378; x_wconf 87' lang='lat' dir='ltr'>respuere</span> <span class='ocrx_word' id='word_1_440' title='bbox 1687 3309 1838 3366; x_wconf 82' lang='lat' dir='ltr'>debetani·</span> 
     </span>
     <span class='ocr_line' id='line_1_34' title="bbox 192 3395 1841 3474; baseline 0.001 -21"><span class='ocrx_word' id='word_1_441' title='bbox 192 3398 325 3472; x_wconf 74' lang='lat' dir='ltr'>cognitio,</span> <span class='ocrx_word' id='word_1_442' title='bbox 341 3415 446 3456; x_wconf 89' lang='lat' dir='ltr'>summa</span> <span class='ocrx_word' id='word_1_443' title='bbox 462 3399 648 3466; x_wconf 45' lang='lat' dir='ltr'>beatitudinis,</span> <span class='ocrx_word' id='word_1_444' title='bbox 664 3398 744 3456; x_wconf 91' lang='lat' dir='ltr'>tritici</span> <span class='ocrx_word' id='word_1_445' title='bbox 764 3399 893 3469; x_wconf 90' lang='lat' dir='ltr'>medulla,</span> <span class='ocrx_word' id='word_1_446' title='bbox 909 3400 994 3474; x_wconf 86' lang='lat' dir='ltr'>adeps</span> <span class='ocrx_word' id='word_1_447' title='bbox 1045 3413 1100 3472; x_wconf 86' lang='lat' dir='ltr'>ma,</span> <span class='ocrx_word' id='word_1_448' title='bbox 1115 3405 1253 3470; x_wconf 79' lang='lat' dir='ltr'>-respnet3</span> <span class='ocrx_word' id='word_1_449' title='bbox 1277 3395 1410 3468; x_wconf 86' lang='lat' dir='ltr'>quidquid</span> <span class='ocrx_word' id='word_1_450' title='bbox 1426 3395 1507 3451; x_wconf 89' lang='lat' dir='ltr'>debet</span> <span class='ocrx_word' id='word_1_451' title='bbox 1519 3396 1721 3466; x_wconf 86' lang='lat' dir='ltr'>concupiscere,</span> <span class='ocrx_word' id='word_1_452' title='bbox 1737 3412 1841 3454; x_wconf 86' lang='lat' dir='ltr'>concu-</span> 
     </span>
     <span class='ocr_line' id='line_1_35' title="bbox 190 3485 1835 3562; baseline 0.002 -20"><span class='ocrx_word' id='word_1_453' title='bbox 190 3485 330 3557; x_wconf 86' lang='lat' dir='ltr'>frumenti,</span> <span class='ocrx_word' id='word_1_454' title='bbox 346 3502 401 3560; x_wconf 88' lang='lat' dir='ltr'>quo</span> <span class='ocrx_word' id='word_1_455' title='bbox 419 3487 546 3543; x_wconf 90' lang='lat' dir='ltr'>nimirum</span> <span class='ocrx_word' id='word_1_456' title='bbox 562 3486 657 3544; x_wconf 81' lang='lat' dir='ltr'>civitas</span> <span class='ocrx_word' id='word_1_457' title='bbox 671 3495 763 3544; x_wconf 85' lang='lat' dir='ltr'>sancta</span> <span class='ocrx_word' id='word_1_458' title='bbox 780 3488 931 3544; x_wconf 84' lang='lat' dir='ltr'>Jerusalem</span> <span class='ocrx_word' id='word_1_459' title='bbox 945 3504 992 3543; x_wconf 86' lang='lat' dir='ltr'>sa·</span> <span class='ocrx_word' id='word_1_460' title='bbox 1046 3489 1149 3560; x_wconf 84' lang='lat' dir='ltr'>piscat:</span> <span class='ocrx_word' id='word_1_461' title='bbox 1165 3495 1234 3542; x_wconf 85' lang='lat' dir='ltr'>etex</span> <span class='ocrx_word' id='word_1_462' title='bbox 1249 3485 1375 3542; x_wconf 87' lang='lat' dir='ltr'>omnibus</span> <span class='ocrx_word' id='word_1_463' title='bbox 1388 3485 1415 3540; x_wconf 91' lang='lat' dir='ltr'>id</span> <span class='ocrx_word' id='word_1_464' title='bbox 1440 3487 1524 3559; x_wconf 74' lang='lat' dir='ltr'>magis</span> <span class='ocrx_word' id='word_1_465' title='bbox 1537 3495 1646 3558; x_wconf 85' lang='lat' dir='ltr'>appetet</span> <span class='ocrx_word' id='word_1_466' title='bbox 1657 3487 1731 3559; x_wconf 89' lang='lat' dir='ltr'>qood</span> <span class='ocrx_word' id='word_1_467' title='bbox 1746 3489 1835 3562; x_wconf 70' lang='lat' dir='ltr'>magis</span> 
     </span>
     <span class='ocr_line' id='line_1_36' title="bbox 193 3574 1842 3650; baseline 0.004 -21"><span class='ocrx_word' id='word_1_468' title='bbox 193 3574 277 3631; x_wconf 86' lang='lat' dir='ltr'>tiator</span> <span class='ocrx_word' id='word_1_469' title='bbox 289 3576 377 3646; x_wconf 81' lang='lat' dir='ltr'>(Paul.</span> <span class='ocrx_word' id='word_1_470' title='bbox 404 3591 511 3649; x_wconf 82' lang='lat' dir='ltr'>cxcvu,</span> <span class='ocrx_word' id='word_1_471' title='bbox 537 3577 592 3647; x_wconf 82' lang='grc' dir='ltr'><strong>ιι).</strong></span> <span class='ocrx_word' id='word_1_472' title='bbox 608 3577 709 3632; x_wconf 84' lang='lat' dir='ltr'>iterum</span> <span class='ocrx_word' id='word_1_473' title='bbox 732 3592 813 3650; x_wconf 87' lang='lat' dir='ltr'>qoam</span> <span class='ocrx_word' id='word_1_474' title='bbox 837 3584 993 3650; x_wconf 74' lang='lat' dir='ltr'>magoaest</span> <span class='ocrx_word' id='word_1_475' title='bbox 1047 3577 1126 3634; x_wconf 89' lang='lat' dir='ltr'>fuerit</span> <span class='ocrx_word' id='word_1_476' title='bbox 1149 3575 1343 3648; x_wconf 87' lang='lat' dir='ltr'>appetendum.</span> <span class='ocrx_word' id='word_1_477' title='bbox 1369 3576 1463 3632; x_wconf 81' lang='lat' dir='ltr'>Merito</span> <span class='ocrx_word' id='word_1_478' title='bbox 1491 3575 1608 3649; x_wconf 86' lang='lat' dir='ltr'>denique</span> <span class='ocrx_word' id='word_1_479' title='bbox 1636 3577 1842 3647; x_wconf 83' lang='lat' dir='ltr'>concupiscibili</span> 
     </span>
     <span class='ocr_line' id='line_1_37' title="bbox 191 3664 1839 3738; baseline 0.002 -18"><span class='ocrx_word' id='word_1_480' title='bbox 191 3664 328 3723; x_wconf 84' lang='lat' dir='ltr'>beatitudo</span> <span class='ocrx_word' id='word_1_481' title='bbox 347 3665 402 3736; x_wconf 86' lang='lat' dir='ltr'>illa,</span> <span class='ocrx_word' id='word_1_482' title='bbox 420 3674 475 3722; x_wconf 88' lang='lat' dir='ltr'>tam</span> <span class='ocrx_word' id='word_1_483' title='bbox 499 3665 656 3722; x_wconf 88' lang='lat' dir='ltr'>abscondita</span> <span class='ocrx_word' id='word_1_484' title='bbox 675 3673 717 3722; x_wconf 87' lang='lat' dir='ltr'>est</span> <span class='ocrx_word' id='word_1_485' title='bbox 737 3667 771 3722; x_wconf 88' lang='lat' dir='ltr'>ab</span> <span class='ocrx_word' id='word_1_486' title='bbox 795 3667 881 3723; x_wconf 89' lang='lat' dir='ltr'>oculis</span> <span class='ocrx_word' id='word_1_487' title='bbox 895 3667 993 3724; x_wconf 82' lang='lat' dir='ltr'>nostris</span> <span class='ocrx_word' id='word_1_488' title='bbox 1045 3675 1138 3723; x_wconf 90' lang='lat' dir='ltr'>nostro</span> <span class='ocrx_word' id='word_1_489' title='bbox 1156 3666 1290 3736; x_wconf 83' lang='lat' dir='ltr'>justitiam</span> <span class='ocrx_word' id='word_1_490' title='bbox 1313 3664 1495 3732; x_wconf 85' lang='lat' dir='ltr'>attribuimus,</span> <span class='ocrx_word' id='word_1_491' title='bbox 1511 3681 1543 3722; x_wconf 85' lang='lat' dir='ltr'>ex</span> <span class='ocrx_word' id='word_1_492' title='bbox 1568 3680 1622 3738; x_wconf 89' lang='lat' dir='ltr'>quo</span> <span class='ocrx_word' id='word_1_493' title='bbox 1637 3665 1775 3734; x_wconf 88' lang='lat' dir='ltr'>nimirum,</span> <span class='ocrx_word' id='word_1_494' title='bbox 1792 3675 1839 3724; x_wconf 84' lang='lat' dir='ltr'>aut</span> 
     </span>
     <span class='ocr_line' id='line_1_38' title="bbox 189 3753 1841 3828; baseline 0.001 -18"><span class='ocrx_word' id='word_1_495' title='bbox 189 3753 318 3826; x_wconf 77' lang='lat' dir='ltr'>quoniam</span> <span class='ocrx_word' id='word_1_496' title='bbox 334 3769 385 3812; x_wconf 91' lang='lat' dir='ltr'>nec</span> <span class='ocrx_word' id='word_1_497' title='bbox 397 3756 494 3811; x_wconf 87' lang='lat' dir='ltr'>oculus</span> <span class='ocrx_word' id='word_1_498' title='bbox 507 3754 584 3823; x_wconf 83' lang='lat' dir='ltr'>vidit,</span> <span class='ocrx_word' id='word_1_499' title='bbox 600 3769 651 3811; x_wconf 87' lang='lat' dir='ltr'>nec</span> <span class='ocrx_word' id='word_1_500' title='bbox 665 3755 740 3810; x_wconf 90' lang='lat' dir='ltr'>auris</span> <span class='ocrx_word' id='word_1_501' title='bbox 763 3755 876 3828; x_wconf 87' lang='lat' dir='ltr'>audivit,</span> <span class='ocrx_word' id='word_1_502' title='bbox 895 3771 945 3812; x_wconf 91' lang='lat' dir='ltr'>uec</span> <span class='ocrx_word' id='word_1_503' title='bbox 964 3755 993 3814; x_wconf 91' lang='lat' dir='ltr'>in</span> <span class='ocrx_word' id='word_1_504' title='bbox 1044 3754 1121 3827; x_wconf 73' lang='lat' dir='ltr'>justi,</span> <span class='ocrx_word' id='word_1_505' title='bbox 1132 3763 1179 3811; x_wconf 91' lang='lat' dir='ltr'>sut</span> <span class='ocrx_word' id='word_1_506' title='bbox 1196 3754 1288 3826; x_wconf 86' lang='lat' dir='ltr'>injusti</span> <span class='ocrx_word' id='word_1_507' title='bbox 1304 3762 1471 3825; x_wconf 84' lang='lat' dir='ltr'>reputamur.</span> <span class='ocrx_word' id='word_1_508' title='bbox 1486 3755 1546 3810; x_wconf 89' lang='lat' dir='ltr'>Jam</span> <span class='ocrx_word' id='word_1_509' title='bbox 1566 3769 1631 3811; x_wconf 84' lang='lat' dir='ltr'>vero</span> <span class='ocrx_word' id='word_1_510' title='bbox 1649 3755 1724 3827; x_wconf 90' lang='lat' dir='ltr'>quod</span> <span class='ocrx_word' id='word_1_511' title='bbox 1743 3754 1841 3812; x_wconf 85' lang='lat' dir='ltr'>dicitur</span> 
     </span>
     <span class='ocr_line' id='line_1_39' title="bbox 187 3840 1842 3917; baseline 0.001 -18"><span class='ocrx_word' id='word_1_512' title='bbox 187 3857 237 3899; x_wconf 86' lang='lat' dir='ltr'>cor</span> <span class='ocrx_word' id='word_1_513' title='bbox 253 3840 366 3900; x_wconf 74' lang='lat' dir='ltr'>tout</span> <span class='ocrx_word' id='word_1_514' title='bbox 382 3843 502 3899; x_wconf 87' lang='lat' dir='ltr'>hominis</span> <span class='ocrx_word' id='word_1_515' title='bbox 512 3842 746 3917; x_wconf 85' lang='lat' dir='ltr'>ascendit,quanta</span> <span class='ocrx_word' id='word_1_516' title='bbox 761 3844 880 3915; x_wconf 88' lang='lat' dir='ltr'>claritas,</span> <span class='ocrx_word' id='word_1_517' title='bbox 895 3851 993 3917; x_wconf 88' lang='lat' dir='ltr'>quanta</span> <span class='ocrx_word' id='word_1_518' title='bbox 1045 3843 1073 3898; x_wconf 92' lang='lat' dir='ltr'>in</span> <span class='ocrx_word' id='word_1_519' title='bbox 1088 3843 1167 3900; x_wconf 89' lang='lat' dir='ltr'>nobis</span> <span class='ocrx_word' id='word_1_520' title='bbox 1180 3841 1325 3913; x_wconf 87' lang='lat' dir='ltr'>irascibile,</span> <span class='ocrx_word' id='word_1_521' title='bbox 1342 3858 1405 3900; x_wconf 90' lang='lat' dir='ltr'>cum</span> <span class='ocrx_word' id='word_1_522' title='bbox 1424 3843 1565 3912; x_wconf 79' lang='lat' dir='ltr'>repleverit</span> <span class='ocrx_word' id='word_1_523' title='bbox 1588 3844 1655 3899; x_wconf 87' lang='lat' dir='ltr'>illud</span> <span class='ocrx_word' id='word_1_524' title='bbox 1670 3845 1764 3917; x_wconf 79' lang='lat' dir='ltr'>Deus,</span> <span class='ocrx_word' id='word_1_525' title='bbox 1780 3851 1842 3917; x_wconf 87' lang='lat' dir='ltr'>per·</span> 
     </span>
     <span class='ocr_line' id='line_1_40' title="bbox 189 3917 1843 4006; baseline 0.001 -20"><span class='ocrx_word' id='word_1_526' title='bbox 189 3931 319 3998; x_wconf 69' lang='lat' dir='ltr'>arsanias,</span> <span class='ocrx_word' id='word_1_527' title='bbox 345 3917 446 4004; x_wconf 66' lang='lat' dir='ltr'>ananie</span> <span class='ocrx_word' id='word_1_528' title='bbox 468 3931 627 4006; x_wconf 84' lang='lat' dir='ltr'>jucnnditas</span> <span class='ocrx_word' id='word_1_529' title='bbox 646 3940 754 3989; x_wconf 87' lang='lat' dir='ltr'>mancat</span> <span class='ocrx_word' id='word_1_530' title='bbox 777 3947 825 3989; x_wconf 87' lang='lat' dir='ltr'>nos</span> <span class='ocrx_word' id='word_1_531' title='bbox 839 3933 869 3988; x_wconf 91' lang='lat' dir='ltr'>in</span> <span class='ocrx_word' id='word_1_532' title='bbox 890 3933 934 3988; x_wconf 91' lang='lat' dir='ltr'>illa</span> <span class='ocrx_word' id='word_1_533' title='bbox 947 3949 994 3990; x_wconf 87' lang='lat' dir='ltr'>co-</span> <span class='ocrx_word' id='word_1_534' title='bbox 1046 3932 1116 3988; x_wconf 85' lang='lat' dir='ltr'>iecta</span> <span class='ocrx_word' id='word_1_535' title='bbox 1135 3932 1187 3988; x_wconf 89' lang='lat' dir='ltr'>erit</span> <span class='ocrx_word' id='word_1_536' title='bbox 1200 3931 1228 3986; x_wconf 93' lang='lat' dir='ltr'>in</span> <span class='ocrx_word' id='word_1_537' title='bbox 1251 3931 1328 3986; x_wconf 89' lang='lat' dir='ltr'>nobis</span> <span class='ocrx_word' id='word_1_538' title='bbox 1354 3930 1533 4003; x_wconf 86' lang='lat' dir='ltr'>tranquillitas</span> <span class='ocrx_word' id='word_1_539' title='bbox 1560 3931 1626 3988; x_wconf 90' lang='lat' dir='ltr'>etin</span> <span class='ocrx_word' id='word_1_540' title='bbox 1646 3947 1779 3989; x_wconf 88' lang='lat' dir='ltr'>sommam</span> <span class='ocrx_word' id='word_1_541' title='bbox 1799 3935 1843 4005; x_wconf 85' lang='lat' dir='ltr'>ju-</span> 
     </span>
     <span class='ocr_line' id='line_1_41' title="bbox 190 4019 1838 4095; baseline 0.001 -20"><span class='ocrx_word' id='word_1_542' title='bbox 190 4019 323 4095; x_wconf 78' lang='lat' dir='ltr'>gniticoe.</span> <span class='ocrx_word' id='word_1_543' title='bbox 352 4023 407 4079; x_wconf 81' lang='lat' dir='ltr'>Pax</span> <span class='ocrx_word' id='word_1_544' title='bbox 431 4021 480 4078; x_wconf 89' lang='lat' dir='ltr'>Dei</span> <span class='ocrx_word' id='word_1_545' title='bbox 504 4028 544 4079; x_wconf 89' lang='lat' dir='ltr'>est</span> <span class='ocrx_word' id='word_1_546' title='bbox 565 4021 621 4086; x_wconf 89' lang='lat' dir='ltr'>illa,</span> <span class='ocrx_word' id='word_1_547' title='bbox 638 4037 698 4093; x_wconf 83' lang='lat' dir='ltr'>quae</span> <span class='ocrx_word' id='word_1_548' title='bbox 720 4028 864 4094; x_wconf 81' lang='lat' dir='ltr'>exsuperat</span> <span class='ocrx_word' id='word_1_549' title='bbox 885 4036 992 4078; x_wconf 87' lang='lat' dir='ltr'>omnem</span> <span class='ocrx_word' id='word_1_550' title='bbox 1045 4020 1212 4078; x_wconf 82' lang='lat' dir='ltr'>conditerem</span> <span class='ocrx_word' id='word_1_551' title='bbox 1226 4028 1307 4092; x_wconf 88' lang='lat' dir='ltr'>atque</span> <span class='ocrx_word' id='word_1_552' title='bbox 1333 4019 1452 4076; x_wconf 78' lang='lat' dir='ltr'>laetitiam</span> <span class='ocrx_word' id='word_1_553' title='bbox 1480 4019 1644 4091; x_wconf 89' lang='lat' dir='ltr'>replebimur</span> <span class='ocrx_word' id='word_1_554' title='bbox 1659 4035 1725 4090; x_wconf 86' lang='lat' dir='ltr'>pecc</span> <span class='ocrx_word' id='word_1_555' title='bbox 1738 4021 1838 4077; x_wconf 82' lang='lat' dir='ltr'>divina.</span> 
     </span>
     <span class='ocr_line' id='line_1_42' title="bbox 191 4105 1844 4184; baseline 0.002 -21"><span class='ocrx_word' id='word_1_556' title='bbox 191 4108 377 4178; x_wconf 65' lang='lat' dir='ltr'>intellectum</span> <span class='ocrx_word' id='word_1_557' title='bbox 403 4117 503 4182; x_wconf 87' lang='lat' dir='ltr'>quanto</span> <span class='ocrx_word' id='word_1_558' title='bbox 531 4110 618 4184; x_wconf 78' lang='lat' dir='ltr'>magis</span> <span class='ocrx_word' id='word_1_559' title='bbox 637 4124 744 4165; x_wconf 90' lang='lat' dir='ltr'>omnem</span> <span class='ocrx_word' id='word_1_560' title='bbox 768 4124 922 4166; x_wconf 86' lang='lat' dir='ltr'>sermonem</span> <span class='ocrx_word' id='word_1_561' title='bbox 943 4125 992 4166; x_wconf 92' lang='lat' dir='ltr'>no·</span> <span class='ocrx_word' id='word_1_562' title='bbox 1046 4109 1081 4165; x_wconf 82' lang='lat' dir='ltr'>itt</span> <span class='ocrx_word' id='word_1_563' title='bbox 1094 4109 1156 4168; x_wconf 85' lang='lat' dir='ltr'>vide</span> <span class='ocrx_word' id='word_1_564' title='bbox 1170 4108 1194 4163; x_wconf 88' lang='lat' dir='ltr'>ai</span> <span class='ocrx_word' id='word_1_565' title='bbox 1208 4123 1263 4164; x_wconf 89' lang='lat' dir='ltr'>nou</span> <span class='ocrx_word' id='word_1_566' title='bbox 1279 4107 1359 4163; x_wconf 90' lang='lat' dir='ltr'>etiam</span> <span class='ocrx_word' id='word_1_567' title='bbox 1373 4107 1400 4162; x_wconf 90' lang='lat' dir='ltr'>in</span> <span class='ocrx_word' id='word_1_568' title='bbox 1416 4108 1457 4164; x_wconf 92' lang='lat' dir='ltr'>bis</span> <span class='ocrx_word' id='word_1_569' title='bbox 1471 4109 1558 4163; x_wconf 87' lang='lat' dir='ltr'>tribus</span> <span class='ocrx_word' id='word_1_570' title='bbox 1572 4105 1700 4179; x_wconf 89' lang='lat' dir='ltr'>profecta,</span> <span class='ocrx_word' id='word_1_571' title='bbox 1713 4117 1844 4182; x_wconf 87' lang='lat' dir='ltr'>quantum</span> 
     </span>
     <span class='ocr_line' id='line_1_43' title="bbox 192 4196 1843 4272; baseline 0.002 -22"><span class='ocrx_word' id='word_1_572' title='bbox 192 4196 305 4252; x_wconf 79' lang='lat' dir='ltr'>suomi</span> <span class='ocrx_word' id='word_1_573' title='bbox 319 4196 400 4266; x_wconf 88' lang='lat' dir='ltr'>Quod</span> <span class='ocrx_word' id='word_1_574' title='bbox 415 4213 481 4272; x_wconf 75' lang='lat' dir='ltr'>ergo</span> <span class='ocrx_word' id='word_1_575' title='bbox 499 4197 566 4253; x_wconf 91' lang='lat' dir='ltr'>nolli</span> <span class='ocrx_word' id='word_1_576' title='bbox 590 4198 682 4254; x_wconf 87' lang='lat' dir='ltr'>datum</span> <span class='ocrx_word' id='word_1_577' title='bbox 696 4205 738 4254; x_wconf 89' lang='lat' dir='ltr'>est</span> <span class='ocrx_word' id='word_1_578' title='bbox 759 4197 886 4270; x_wconf 84' lang='lat' dir='ltr'>experiri,</span> <span class='ocrx_word' id='word_1_579' title='bbox 902 4199 992 4256; x_wconf 89' lang='lat' dir='ltr'>nullus</span> <span class='ocrx_word' id='word_1_580' title='bbox 1046 4215 1111 4256; x_wconf 89' lang='lat' dir='ltr'>sane</span> <span class='ocrx_word' id='word_1_581' title='bbox 1119 4201 1153 4256; x_wconf 88' lang='lat' dir='ltr'>ad</span> <span class='ocrx_word' id='word_1_582' title='bbox 1161 4199 1278 4253; x_wconf 88' lang='lat' dir='ltr'>animam</span> <span class='ocrx_word' id='word_1_583' title='bbox 1288 4204 1401 4270; x_wconf 86' lang='lat' dir='ltr'>spectat,</span> <span class='ocrx_word' id='word_1_584' title='bbox 1418 4196 1558 4254; x_wconf 89' lang='lat' dir='ltr'>beatitudo</span> <span class='ocrx_word' id='word_1_585' title='bbox 1578 4197 1719 4255; x_wconf 88' lang='lat' dir='ltr'>consistit:</span> <span class='ocrx_word' id='word_1_586' title='bbox 1734 4199 1843 4268; x_wconf 84' lang='lat' dir='ltr'>quando</span> 
     </span>
     <span class='ocr_line' id='line_1_44' title="bbox 193 4285 1842 4361; baseline 0.001 -20"><span class='ocrx_word' id='word_1_587' title='bbox 193 4293 310 4341; x_wconf 85' lang='lat' dir='ltr'>conetur</span> <span class='ocrx_word' id='word_1_588' title='bbox 325 4285 412 4342; x_wconf 80' lang='lat' dir='ltr'>enan.</span> <span class='ocrx_word' id='word_1_589' title='bbox 430 4287 601 4355; x_wconf 74' lang='lat' dir='ltr'>Mensarum,</span> <span class='ocrx_word' id='word_1_590' title='bbox 613 4287 653 4342; x_wconf 91' lang='lat' dir='ltr'>ait</span> <span class='ocrx_word' id='word_1_591' title='bbox 666 4286 807 4356; x_wconf 87' lang='lat' dir='ltr'>Dominus,</span> <span class='ocrx_word' id='word_1_592' title='bbox 823 4289 950 4361; x_wconf 82' lang='lat' dir='ltr'>plenum,</span> <span class='ocrx_word' id='word_1_593' title='bbox 961 4293 991 4345; x_wconf 89' lang='lat' dir='ltr'>et</span> <span class='ocrx_word' id='word_1_594' title='bbox 1046 4288 1160 4345; x_wconf 83' lang='lat' dir='ltr'>scicntia</span> <span class='ocrx_word' id='word_1_595' title='bbox 1180 4289 1306 4357; x_wconf 87' lang='lat' dir='ltr'>jamnon</span> <span class='ocrx_word' id='word_1_596' title='bbox 1321 4285 1423 4342; x_wconf 84' lang='lat' dir='ltr'>inflabit</span> <span class='ocrx_word' id='word_1_597' title='bbox 1439 4286 1773 4358; x_wconf 75' lang='lat' dir='ltr'>propterjustitiam31&#39;am</span> <span class='ocrx_word' id='word_1_598' title='bbox 1788 4303 1842 4344; x_wconf 90' lang='lat' dir='ltr'>non</span> 
     </span>
     <span class='ocr_line' id='line_1_45' title="bbox 193 4375 1843 4451; baseline 0.004 -23"><span class='ocrx_word' id='word_1_599' title='bbox 193 4376 990 4451; x_wconf 59' lang='lat' dir='ltr'>consummetcoaptatamptsupercssiuentemdobunt</span> <span class='ocrx_word' id='word_1_600' title='bbox 1043 4376 1212 4432; x_wconf 87' lang='lat' dir='ltr'>contristabit</span> <span class='ocrx_word' id='word_1_601' title='bbox 1232 4375 1342 4446; x_wconf 82' lang='lat' dir='ltr'>propter</span> <span class='ocrx_word' id='word_1_602' title='bbox 1363 4377 1498 4444; x_wconf 78' lang='lat' dir='ltr'>letitiam,</span> <span class='ocrx_word' id='word_1_603' title='bbox 1519 4383 1549 4431; x_wconf 91' lang='lat' dir='ltr'>ut</span> <span class='ocrx_word' id='word_1_604' title='bbox 1568 4385 1656 4432; x_wconf 87' lang='lat' dir='ltr'>cesset</span> <span class='ocrx_word' id='word_1_605' title='bbox 1670 4377 1843 4447; x_wconf 84' lang='lat' dir='ltr'>proverbium</span> 
     </span>
    </p>
   </div>
   <div class='ocr_carea' id='block_1_5' title="bbox 190 4419 1843 4894">
    <p class='ocr_par' dir='ltr' id='par_1_6' title="bbox 190 4419 1843 4894">
     <span class='ocr_line' id='line_1_46' title="bbox 192 4419 1843 4538; baseline 0.002 -20"><span class='ocrx_word' id='word_1_606' title='bbox 192 4463 323 4520; x_wconf 80' lang='lat' dir='ltr'>insinua</span> <span class='ocrx_word' id='word_1_607' title='bbox 336 4469 443 4522; x_wconf 83' lang='lat' dir='ltr'>uestros</span> <span class='ocrx_word' id='word_1_608' title='bbox 458 4469 535 4536; x_wconf 82' lang='lat' dir='ltr'>(Luc.</span> <span class='ocrx_word' id='word_1_609' title='bbox 552 4481 589 4533; x_wconf 87' lang='lat' dir='ltr'>rt,</span> <span class='ocrx_word' id='word_1_610' title='bbox 610 4466 667 4537; x_wconf 83' lang='grc'><strong>38).</strong></span> <span class='ocrx_word' id='word_1_611' title='bbox 687 4467 795 4521; x_wconf 89' lang='lat' dir='ltr'>Plenam</span> <span class='ocrx_word' id='word_1_612' title='bbox 816 4466 990 4523; x_wconf 87' lang='lat' dir='ltr'>universitate</span> <span class='ocrx_word' id='word_1_613' title='bbox 1005 4419 1029 4498; x_wconf 66' lang='lat' dir='ltr'>n</span> <span class='ocrx_word' id='word_1_614' title='bbox 1043 4466 1108 4522; x_wconf 92' lang='lat' dir='ltr'>illud</span> <span class='ocrx_word' id='word_1_615' title='bbox 1131 4480 1137 4520; x_wconf 95' lang='lat'><strong>:</strong></span> <span class='ocrx_word' id='word_1_616' title='bbox 1165 4466 1219 4535; x_wconf 82' lang='lat' dir='ltr'>Qui</span> <span class='ocrx_word' id='word_1_617' title='bbox 1232 4467 1352 4538; x_wconf 85' lang='lat' dir='ltr'>opponit</span> <span class='ocrx_word' id='word_1_618' title='bbox 1369 4467 1521 4523; x_wconf 83' lang='lat' dir='ltr'>scientium</span> <span class='ocrx_word' id='word_1_619' title='bbox 1544 4466 1664 4538; x_wconf 81' lang='lat' dir='ltr'>opponit</span> <span class='ocrx_word' id='word_1_620' title='bbox 1677 4468 1705 4522; x_wconf 85' lang='lat' dir='ltr'>et</span> <span class='ocrx_word' id='word_1_621' title='bbox 1718 4463 1843 4524; x_wconf 81' lang='lat' dir='ltr'>dolerem</span> 
     </span>
     <span class='ocr_line' id='line_1_47' title="bbox 192 4553 1842 4625; baseline 0.003 -19"><span class='ocrx_word' id='word_1_622' title='bbox 192 4559 390 4620; x_wconf 86' lang='lat' dir='ltr'>creaturarum,</span> <span class='ocrx_word' id='word_1_623' title='bbox 405 4554 553 4610; x_wconf 87' lang='lat' dir='ltr'>confertam</span> <span class='ocrx_word' id='word_1_624' title='bbox 577 4555 604 4610; x_wconf 92' lang='lat' dir='ltr'>in</span> <span class='ocrx_word' id='word_1_625' title='bbox 617 4555 746 4611; x_wconf 87' lang='lat' dir='ltr'>interiore</span> <span class='ocrx_word' id='word_1_626' title='bbox 761 4554 870 4612; x_wconf 88' lang='lat' dir='ltr'>bomine</span> <span class='ocrx_word' id='word_1_627' title='bbox 887 4565 990 4625; x_wconf 88' lang='lat' dir='ltr'>nostro,</span> <span class='ocrx_word' id='word_1_628' title='bbox 1045 4555 1148 4624; x_wconf 68' lang='lat' dir='ltr'>(tecle.</span> <span class='ocrx_word' id='word_1_629' title='bbox 1163 4569 1183 4624; x_wconf 91' lang='lat' dir='ltr'>t,</span> <span class='ocrx_word' id='word_1_630' title='bbox 1204 4558 1246 4623; x_wconf 87' lang='grc'>18)</span> <span class='ocrx_word' id='word_1_631' title='bbox 1270 4570 1277 4608; x_wconf 90' lang='lat'>:</span> <span class='ocrx_word' id='word_1_632' title='bbox 1298 4554 1406 4624; x_wconf 88' lang='lat' dir='ltr'>quando</span> <span class='ocrx_word' id='word_1_633' title='bbox 1419 4554 1544 4625; x_wconf 86' lang='lat' dir='ltr'>justititia</span> <span class='ocrx_word' id='word_1_634' title='bbox 1566 4569 1617 4610; x_wconf 88' lang='lat' dir='ltr'>nec</span> <span class='ocrx_word' id='word_1_635' title='bbox 1631 4553 1776 4610; x_wconf 84' lang='lat' dir='ltr'>indiscreta</span> <span class='ocrx_word' id='word_1_636' title='bbox 1792 4556 1842 4612; x_wconf 89' lang='lat' dir='ltr'>erit</span> 
     </span>
     <span class='ocr_line' id='line_1_48' title="bbox 191 4641 1839 4718; baseline 0.001 -21"><span class='ocrx_word' id='word_1_637' title='bbox 191 4641 337 4715; x_wconf 75' lang='lat' dir='ltr'>cogitatam</span> <span class='ocrx_word' id='word_1_638' title='bbox 352 4641 381 4696; x_wconf 91' lang='lat' dir='ltr'>iu</span> <span class='ocrx_word' id='word_1_639' title='bbox 395 4643 543 4712; x_wconf 80' lang='lat' dir='ltr'>exteriore,</span> <span class='ocrx_word' id='word_1_640' title='bbox 559 4645 786 4715; x_wconf 84' lang='lat' dir='ltr'>superefluentem</span> <span class='ocrx_word' id='word_1_641' title='bbox 805 4644 833 4700; x_wconf 91' lang='lat' dir='ltr'>in</span> <span class='ocrx_word' id='word_1_642' title='bbox 846 4645 904 4702; x_wconf 82' lang='lat' dir='ltr'>lieo</span> <span class='ocrx_word' id='word_1_643' title='bbox 919 4645 990 4718; x_wconf 90' lang='lat' dir='ltr'>ipso.</span> <span class='ocrx_word' id='word_1_644' title='bbox 1046 4652 1153 4715; x_wconf 88' lang='lat' dir='ltr'>propter</span> <span class='ocrx_word' id='word_1_645' title='bbox 1181 4641 1332 4706; x_wconf 71' lang='lat' dir='ltr'>suentium</span> <span class='ocrx_word' id='word_1_646' title='bbox 1353 4657 1404 4698; x_wconf 90' lang='lat' dir='ltr'>nec</span> <span class='ocrx_word' id='word_1_647' title='bbox 1425 4657 1541 4699; x_wconf 86' lang='lat' dir='ltr'>onerosa</span> <span class='ocrx_word' id='word_1_648' title='bbox 1561 4648 1673 4712; x_wconf 87' lang='lat' dir='ltr'>propter</span> <span class='ocrx_word' id='word_1_649' title='bbox 1699 4642 1839 4700; x_wconf 73' lang='lat' dir='ltr'>lactitim:</span> 
     </span>
     <span class='ocr_line' id='line_1_49' title="bbox 190 4726 1840 4806; baseline 0.001 -23"><span class='ocrx_word' id='word_1_650' title='bbox 190 4726 234 4783; x_wconf 89' lang='lat' dir='ltr'>lbi</span> <span class='ocrx_word' id='word_1_651' title='bbox 256 4728 381 4786; x_wconf 83' lang='lat' dir='ltr'>cumolos</span> <span class='ocrx_word' id='word_1_652' title='bbox 399 4729 545 4799; x_wconf 87' lang='lat' dir='ltr'>felicitatis,</span> <span class='ocrx_word' id='word_1_653' title='bbox 561 4731 598 4788; x_wconf 90' lang='lat' dir='ltr'>ibi</span> <span class='ocrx_word' id='word_1_654' title='bbox 613 4733 822 4805; x_wconf 88' lang='lat' dir='ltr'>soporemincos</span> <span class='ocrx_word' id='word_1_655' title='bbox 836 4731 934 4806; x_wconf 76' lang='lat' dir='ltr'>gloria,</span> <span class='ocrx_word' id='word_1_656' title='bbox 955 4734 992 4793; x_wconf 87' lang='lat' dir='ltr'>ibi</span> <span class='ocrx_word' id='word_1_657' title='bbox 1044 4731 1154 4805; x_wconf 87' lang='lat' dir='ltr'>quando</span> <span class='ocrx_word' id='word_1_658' title='bbox 1168 4730 1259 4786; x_wconf 81' lang='lat' dir='ltr'>letitia</span> <span class='ocrx_word' id='word_1_659' title='bbox 1274 4744 1325 4786; x_wconf 87' lang='lat' dir='ltr'>nec</span> <span class='ocrx_word' id='word_1_660' title='bbox 1344 4731 1436 4802; x_wconf 87' lang='lat' dir='ltr'>inepte</span> <span class='ocrx_word' id='word_1_661' title='bbox 1455 4729 1549 4803; x_wconf 83' lang='lat' dir='ltr'>[aiios.</span> <span class='ocrx_word' id='word_1_662' title='bbox 1561 4729 1698 4804; x_wconf 87' lang='lat' dir='ltr'>suspecta]</span> <span class='ocrx_word' id='word_1_663' title='bbox 1709 4731 1761 4788; x_wconf 89' lang='lat' dir='ltr'>erit</span> <span class='ocrx_word' id='word_1_664' title='bbox 1774 4747 1840 4804; x_wconf 92' lang='lat' dir='ltr'>pro·</span> 
     </span>
     <span class='ocr_line' id='line_1_50' title="bbox 192 4817 1750 4894; baseline 0.001 -20"><span class='ocrx_word' id='word_1_665' title='bbox 192 4817 390 4890; x_wconf 81' lang='lat' dir='ltr'>supereffluens</span> <span class='ocrx_word' id='word_1_666' title='bbox 399 4821 547 4880; x_wconf 89' lang='lat' dir='ltr'>beatitudo.</span> <span class='ocrx_word' id='word_1_667' title='bbox 1044 4828 1107 4894; x_wconf 84' lang='lat' dir='ltr'>pter</span> <span class='ocrx_word' id='word_1_668' title='bbox 1125 4819 1276 4888; x_wconf 88' lang='lat' dir='ltr'>scientiam,</span> <span class='ocrx_word' id='word_1_669' title='bbox 1290 4835 1340 4875; x_wconf 83' lang='lat' dir='ltr'>nec</span> <span class='ocrx_word' id='word_1_670' title='bbox 1354 4819 1460 4890; x_wconf 91' lang='lat' dir='ltr'>impura</span> <span class='ocrx_word' id='word_1_671' title='bbox 1479 4828 1589 4892; x_wconf 89' lang='lat' dir='ltr'>propter</span> <span class='ocrx_word' id='word_1_672' title='bbox 1601 4819 1750 4890; x_wconf 88' lang='lat' dir='ltr'>justitiam.</span> 
     </span>
    </p>
   </div>
   <div class='ocr_carea' id='block_1_6' title="bbox 185 4907 1843 5790">
    <p class='ocr_par' dir='ltr' id='par_1_7' title="bbox 185 4907 1843 5790">
     <span class='ocr_line' id='line_1_51' title="bbox 228 4907 1841 4984; baseline 0.002 -21"><span class='ocrx_word' id='word_1_673' title='bbox 228 4909 256 4963; x_wconf 88' lang='lat' dir='ltr'>t.</span> <span class='ocrx_word' id='word_1_674' title='bbox 270 4908 341 4964; x_wconf 82' lang='lat' dir='ltr'>liam</span> <span class='ocrx_word' id='word_1_675' title='bbox 356 4909 493 4980; x_wconf 87' lang='lat' dir='ltr'>quomodo</span> <span class='ocrx_word' id='word_1_676' title='bbox 514 4909 650 4967; x_wconf 83' lang='lat' dir='ltr'>videndos</span> <span class='ocrx_word' id='word_1_677' title='bbox 665 4910 701 4968; x_wconf 88' lang='lat' dir='ltr'>sit</span> <span class='ocrx_word' id='word_1_678' title='bbox 716 4910 744 4966; x_wconf 89' lang='lat' dir='ltr'>in</span> <span class='ocrx_word' id='word_1_679' title='bbox 764 4911 907 4983; x_wconf 87' lang='lat' dir='ltr'>creatoris,</span> <span class='ocrx_word' id='word_1_680' title='bbox 922 4927 993 4984; x_wconf 89' lang='lat' dir='ltr'>qno·</span> <span class='ocrx_word' id='word_1_681' title='bbox 1081 4912 1108 4964; x_wconf 83' lang='lat'>6.</span> <span class='ocrx_word' id='word_1_682' title='bbox 1119 4909 1177 4966; x_wconf 89' lang='lat' dir='ltr'>Sud</span> <span class='ocrx_word' id='word_1_683' title='bbox 1193 4909 1220 4964; x_wconf 89' lang='lat' dir='ltr'>lo</span> <span class='ocrx_word' id='word_1_684' title='bbox 1241 4908 1284 4965; x_wconf 89' lang='lat' dir='ltr'>his</span> <span class='ocrx_word' id='word_1_685' title='bbox 1299 4908 1432 4966; x_wconf 84' lang='lat' dir='ltr'>omnibns</span> <span class='ocrx_word' id='word_1_686' title='bbox 1445 4907 1512 4965; x_wconf 87' lang='lat' dir='ltr'>nibil</span> <span class='ocrx_word' id='word_1_687' title='bbox 1526 4911 1614 4966; x_wconf 88' lang='lat' dir='ltr'>adbuc</span> <span class='ocrx_word' id='word_1_688' title='bbox 1628 4909 1746 4966; x_wconf 85' lang='lat' dir='ltr'>exterior</span> <span class='ocrx_word' id='word_1_689' title='bbox 1760 4910 1841 4968; x_wconf 86' lang='lat' dir='ltr'>bomo</span> 
     </span>
     <span class='ocr_line' id='line_1_52' title="bbox 190 4995 1841 5074; baseline 0.001 -22"><span class='ocrx_word' id='word_1_690' title='bbox 190 4995 274 5054; x_wconf 90' lang='lat' dir='ltr'>modo</span> <span class='ocrx_word' id='word_1_691' title='bbox 295 4999 322 5054; x_wconf 89' lang='lat' dir='ltr'>in</span> <span class='ocrx_word' id='word_1_692' title='bbox 345 4999 426 5056; x_wconf 91' lang='lat' dir='ltr'>nobis</span> <span class='ocrx_word' id='word_1_693' title='bbox 447 4999 601 5068; x_wconf 88' lang='lat' dir='ltr'>habeadus,</span> <span class='ocrx_word' id='word_1_694' title='bbox 626 5015 774 5074; x_wconf 86' lang='lat' dir='ltr'>possumus</span> <span class='ocrx_word' id='word_1_695' title='bbox 799 5001 841 5060; x_wconf 86' lang='lat' dir='ltr'>vel</span> <span class='ocrx_word' id='word_1_696' title='bbox 861 5018 895 5058; x_wconf 86' lang='lat' dir='ltr'>ex</span> <span class='ocrx_word' id='word_1_697' title='bbox 918 5010 992 5073; x_wconf 85' lang='lat' dir='ltr'>parte</span> <span class='ocrx_word' id='word_1_698' title='bbox 1044 5008 1136 5056; x_wconf 88' lang='lat' dir='ltr'>noster</span> <span class='ocrx_word' id='word_1_699' title='bbox 1150 4997 1265 5069; x_wconf 90' lang='lat' dir='ltr'>accepit.</span> <span class='ocrx_word' id='word_1_700' title='bbox 1281 4997 1420 5073; x_wconf 74' lang='lat' dir='ltr'>lpsiergo,</span> <span class='ocrx_word' id='word_1_701' title='bbox 1438 5005 1467 5054; x_wconf 91' lang='lat' dir='ltr'>ut</span> <span class='ocrx_word' id='word_1_702' title='bbox 1481 4998 1613 5055; x_wconf 89' lang='lat' dir='ltr'>inhabitat</span> <span class='ocrx_word' id='word_1_703' title='bbox 1628 4997 1841 5074; x_wconf 71' lang='lat' dir='ltr'>gloriaetiemin</span> 
     </span>
     <span class='ocr_line' id='line_1_53' title="bbox 188 5086 1838 5163; baseline -0.001 -19"><span class='ocrx_word' id='word_1_704' title='bbox 188 5087 387 5158; x_wconf 82' lang='lat' dir='ltr'>conjicere,&#39;es</span> <span class='ocrx_word' id='word_1_705' title='bbox 410 5087 479 5161; x_wconf 87' lang='lat' dir='ltr'>ipsis</span> <span class='ocrx_word' id='word_1_706' title='bbox 502 5089 641 5161; x_wconf 84' lang='lat' dir='ltr'>nimirum,</span> <span class='ocrx_word' id='word_1_707' title='bbox 657 5089 725 5163; x_wconf 87' lang='lat' dir='ltr'>quas</span> <span class='ocrx_word' id='word_1_708' title='bbox 745 5090 897 5162; x_wconf 86' lang='lat' dir='ltr'>occepimus</span> <span class='ocrx_word' id='word_1_709' title='bbox 923 5091 990 5162; x_wconf 84' lang='lat' dir='ltr'>jem,</span> <span class='ocrx_word' id='word_1_710' title='bbox 1045 5097 1115 5146; x_wconf 87' lang='lat' dir='ltr'>terra</span> <span class='ocrx_word' id='word_1_711' title='bbox 1131 5095 1224 5144; x_wconf 89' lang='lat' dir='ltr'>nostra</span> <span class='ocrx_word' id='word_1_712' title='bbox 1238 5086 1325 5158; x_wconf 83' lang='lat' dir='ltr'>(Psoi.</span> <span class='ocrx_word' id='word_1_713' title='bbox 1338 5102 1459 5160; x_wconf 79' lang='lat' dir='ltr'>cxxxiv,</span> <span class='ocrx_word' id='word_1_714' title='bbox 1472 5089 1527 5161; x_wconf 86' lang='grc' dir='ltr'><strong>ιθ).</strong></span> <span class='ocrx_word' id='word_1_715' title='bbox 1546 5088 1656 5160; x_wconf 83' lang='lat' dir='ltr'>etjoxta</span> <span class='ocrx_word' id='word_1_716' title='bbox 1670 5087 1753 5144; x_wconf 89' lang='lat' dir='ltr'>alium</span> <span class='ocrx_word' id='word_1_717' title='bbox 1773 5101 1838 5157; x_wconf 90' lang='lat' dir='ltr'>pro-</span> 
     </span>
     <span class='ocr_line' id='line_1_54' title="bbox 189 5173 1843 5252; baseline 0 -22"><span class='ocrx_word' id='word_1_718' title='bbox 189 5173 320 5246; x_wconf 88' lang='lat' dir='ltr'>primitiis</span> <span class='ocrx_word' id='word_1_719' title='bbox 334 5175 459 5250; x_wconf 89' lang='lat' dir='ltr'>spiritns.</span> <span class='ocrx_word' id='word_1_720' title='bbox 475 5177 602 5252; x_wconf 75' lang='lat' dir='ltr'>cognitio</span> <span class='ocrx_word' id='word_1_721' title='bbox 612 5177 702 5234; x_wconf 88' lang='lat' dir='ltr'>autem</span> <span class='ocrx_word' id='word_1_722' title='bbox 719 5178 766 5235; x_wconf 90' lang='lat' dir='ltr'>illa</span> <span class='ocrx_word' id='word_1_723' title='bbox 779 5179 890 5236; x_wconf 92' lang='lat' dir='ltr'>omnino</span> <span class='ocrx_word' id='word_1_724' title='bbox 904 5180 992 5236; x_wconf 88' lang='lat' dir='ltr'>adbuc</span> <span class='ocrx_word' id='word_1_725' title='bbox 1045 5179 1165 5248; x_wconf 83' lang='lat' dir='ltr'>phetam,</span> <span class='ocrx_word' id='word_1_726' title='bbox 1195 5176 1330 5247; x_wconf 86' lang='lat' dir='ltr'>repleatur</span> <span class='ocrx_word' id='word_1_727' title='bbox 1356 5179 1496 5246; x_wconf 87' lang='lat' dir='ltr'>majestate</span> <span class='ocrx_word' id='word_1_728' title='bbox 1519 5177 1626 5234; x_wconf 86' lang='lat' dir='ltr'>Domini</span> <span class='ocrx_word' id='word_1_729' title='bbox 1654 5176 1744 5233; x_wconf 90' lang='lat' dir='ltr'>omnis</span> <span class='ocrx_word' id='word_1_730' title='bbox 1764 5183 1843 5240; x_wconf 77' lang='lat' dir='ltr'>&#39;terra</span> 
     </span>
     <span class='ocr_line' id='line_1_55' title="bbox 188 5263 1841 5340; baseline 0 -22"><span class='ocrx_word' id='word_1_731' title='bbox 188 5264 272 5322; x_wconf 87' lang='lat' dir='ltr'>nobis</span> <span class='ocrx_word' id='word_1_732' title='bbox 285 5263 425 5340; x_wconf 74' lang='lat' dir='ltr'>incognite</span> <span class='ocrx_word' id='word_1_733' title='bbox 448 5275 489 5323; x_wconf 89' lang='lat' dir='ltr'>est</span> <span class='ocrx_word' id='word_1_734' title='bbox 506 5283 511 5322; x_wconf 96' lang='lat'><strong>:</strong></span> <span class='ocrx_word' id='word_1_735' title='bbox 529 5266 658 5323; x_wconf 88' lang='lat' dir='ltr'>mirabilis</span> <span class='ocrx_word' id='word_1_736' title='bbox 681 5267 750 5324; x_wconf 83' lang='lat' dir='ltr'>iacta</span> <span class='ocrx_word' id='word_1_737' title='bbox 764 5275 826 5340; x_wconf 84' lang='lat' dir='ltr'>est3</span> <span class='ocrx_word' id='word_1_738' title='bbox 842 5267 991 5325; x_wconf 84' lang='lat' dir='ltr'>confortata</span> <span class='ocrx_word' id='word_1_739' title='bbox 1044 5267 1122 5339; x_wconf 84' lang='lat' dir='ltr'>(lsai.</span> <span class='ocrx_word' id='word_1_740' title='bbox 1135 5283 1174 5333; x_wconf 84' lang='lat' dir='ltr'>vt,</span> <span class='ocrx_word' id='word_1_741' title='bbox 1190 5269 1228 5336; x_wconf 86' lang='grc'>3),</span> <span class='ocrx_word' id='word_1_742' title='bbox 1246 5274 1433 5337; x_wconf 87' lang='lat' dir='ltr'>quatuorsunt</span> <span class='ocrx_word' id='word_1_743' title='bbox 1444 5267 1602 5340; x_wconf 71' lang='lat' dir='ltr'>querenda,-</span> <span class='ocrx_word' id='word_1_744' title='bbox 1616 5279 1696 5338; x_wconf 89' lang='lat' dir='ltr'>quem</span> <span class='ocrx_word' id='word_1_745' title='bbox 1713 5263 1841 5322; x_wconf 89' lang='lat' dir='ltr'>nimirum</span> 
     </span>
     <span class='ocr_line' id='line_1_56' title="bbox 188 5353 1841 5430; baseline -0.001 -20"><span class='ocrx_word' id='word_1_746' title='bbox 188 5360 243 5420; x_wconf 87' lang='lat' dir='ltr'>cst,</span> <span class='ocrx_word' id='word_1_747' title='bbox 259 5363 291 5412; x_wconf 91' lang='lat' dir='ltr'>ut</span> <span class='ocrx_word' id='word_1_748' title='bbox 303 5369 358 5412; x_wconf 92' lang='lat' dir='ltr'>non</span> <span class='ocrx_word' id='word_1_749' title='bbox 373 5356 510 5428; x_wconf 85' lang='lat' dir='ltr'>possimos</span> <span class='ocrx_word' id='word_1_750' title='bbox 533 5357 566 5412; x_wconf 88' lang='lat' dir='ltr'>ad</span> <span class='ocrx_word' id='word_1_751' title='bbox 589 5371 658 5412; x_wconf 90' lang='lat' dir='ltr'>eam.</span> <span class='ocrx_word' id='word_1_752' title='bbox 678 5356 714 5412; x_wconf 77' lang='lat' dir='ltr'>At</span> <span class='ocrx_word' id='word_1_753' title='bbox 729 5373 794 5414; x_wconf 88' lang='lat' dir='ltr'>raro</span> <span class='ocrx_word' id='word_1_754' title='bbox 815 5357 991 5430; x_wconf 85' lang='lat' dir='ltr'>quemadmo-</span> <span class='ocrx_word' id='word_1_755' title='bbox 1047 5362 1153 5412; x_wconf 88' lang='lat' dir='ltr'>constat</span> <span class='ocrx_word' id='word_1_756' title='bbox 1166 5369 1200 5411; x_wconf 84' lang='lat' dir='ltr'>ex</span> <span class='ocrx_word' id='word_1_757' title='bbox 1214 5354 1358 5411; x_wconf 89' lang='lat' dir='ltr'>elementis</span> <span class='ocrx_word' id='word_1_758' title='bbox 1382 5365 1497 5424; x_wconf 86' lang='lat' dir='ltr'>quatuor</span> <span class='ocrx_word' id='word_1_759' title='bbox 1512 5371 1572 5412; x_wconf 88' lang='lat' dir='ltr'>ease</span> <span class='ocrx_word' id='word_1_760' title='bbox 1590 5360 1770 5423; x_wconf 90' lang='lat' dir='ltr'>compactum.</span> <span class='ocrx_word' id='word_1_761' title='bbox 1786 5353 1841 5409; x_wconf 89' lang='lat' dir='ltr'>Nec</span> 
     </span>
     <span class='ocr_line' id='line_1_57' title="bbox 187 5440 1841 5518; baseline 0 -20"><span class='ocrx_word' id='word_1_762' title='bbox 187 5440 255 5498; x_wconf 87' lang='lat' dir='ltr'>dum</span> <span class='ocrx_word' id='word_1_763' title='bbox 275 5443 302 5497; x_wconf 91' lang='lat' dir='ltr'>io</span> <span class='ocrx_word' id='word_1_764' title='bbox 315 5443 449 5500; x_wconf 89' lang='lat' dir='ltr'>creaturis</span> <span class='ocrx_word' id='word_1_765' title='bbox 462 5444 649 5514; x_wconf 82' lang='lat' dir='ltr'>ridendusait,</span> <span class='ocrx_word' id='word_1_766' title='bbox 660 5459 806 5516; x_wconf 77' lang='lat' dir='ltr'>possumus</span> <span class='ocrx_word' id='word_1_767' title='bbox 819 5445 990 5518; x_wconf 86' lang='lat' dir='ltr'>aliquatenus</span> <span class='ocrx_word' id='word_1_768' title='bbox 1044 5443 1150 5500; x_wconf 89' lang='lat' dir='ltr'>mireris</span> <span class='ocrx_word' id='word_1_769' title='bbox 1162 5445 1237 5516; x_wconf 87' lang='lat' dir='ltr'>quod</span> <span class='ocrx_word' id='word_1_770' title='bbox 1256 5441 1381 5514; x_wconf 86' lang='lat' dir='ltr'>pluribus</span> <span class='ocrx_word' id='word_1_771' title='bbox 1396 5442 1518 5514; x_wconf 72' lang='lat' dir='ltr'>indigere</span> <span class='ocrx_word' id='word_1_772' title='bbox 1529 5444 1635 5500; x_wconf 89' lang='lat' dir='ltr'>videtur</span> <span class='ocrx_word' id='word_1_773' title='bbox 1650 5441 1697 5514; x_wconf 88' lang='lat' dir='ltr'>qui</span> <span class='ocrx_word' id='word_1_774' title='bbox 1718 5440 1841 5502; x_wconf 85' lang='lat' dir='ltr'>miserior</span> 
     </span>
     <span class='ocr_line' id='line_1_58' title="bbox 186 5529 1841 5607; baseline 0.001 -21"><span class='ocrx_word' id='word_1_775' title='bbox 186 5529 352 5605; x_wconf 74' lang='lat' dir='ltr'>intelligere,</span> <span class='ocrx_word' id='word_1_776' title='bbox 368 5532 494 5590; x_wconf 90' lang='lat' dir='ltr'>nimirum</span> <span class='ocrx_word' id='word_1_777' title='bbox 508 5548 568 5589; x_wconf 85' lang='lat' dir='ltr'>cum</span> <span class='ocrx_word' id='word_1_778' title='bbox 583 5543 610 5590; x_wconf 89' lang='lat' dir='ltr'>et</span> <span class='ocrx_word' id='word_1_779' title='bbox 625 5535 707 5590; x_wconf 91' lang='lat' dir='ltr'>modo</span> <span class='ocrx_word' id='word_1_780' title='bbox 722 5534 886 5592; x_wconf 80' lang='lat' dir='ltr'>vicennio</span> <span class='ocrx_word' id='word_1_781' title='bbox 900 5535 987 5607; x_wconf 87' lang='lat' dir='ltr'>ipsis:</span> <span class='ocrx_word' id='word_1_782' title='bbox 1044 5541 1095 5600; x_wconf 88' lang='lat' dir='ltr'>est,</span> <span class='ocrx_word' id='word_1_783' title='bbox 1108 5547 1167 5589; x_wconf 92' lang='lat' dir='ltr'>cum</span> <span class='ocrx_word' id='word_1_784' title='bbox 1182 5539 1210 5587; x_wconf 91' lang='lat' dir='ltr'>et</span> <span class='ocrx_word' id='word_1_785' title='bbox 1223 5531 1250 5586; x_wconf 91' lang='lat' dir='ltr'>in</span> <span class='ocrx_word' id='word_1_786' title='bbox 1266 5531 1371 5604; x_wconf 88' lang='lat' dir='ltr'>psalmo</span> <span class='ocrx_word' id='word_1_787' title='bbox 1384 5531 1495 5604; x_wconf 74' lang='lat' dir='ltr'>legeris,</span> <span class='ocrx_word' id='word_1_788' title='bbox 1510 5531 1614 5590; x_wconf 88' lang='lat' dir='ltr'>dicente</span> <span class='ocrx_word' id='word_1_789' title='bbox 1629 5531 1761 5602; x_wconf 83' lang='lat' dir='ltr'>Propheta</span> <span class='ocrx_word' id='word_1_790' title='bbox 1773 5549 1784 5588; x_wconf 60' lang='lat'>:1</span> <span class='ocrx_word' id='word_1_791' title='bbox 1798 5531 1841 5588; x_wconf 80' lang='lat' dir='ltr'>Si·</span> 
     </span>
     <span class='ocr_line' id='line_1_59' title="bbox 185 5617 1840 5699; baseline 0.001 -23"><span class='ocrx_word' id='word_1_792' title='bbox 185 5618 260 5678; x_wconf 85' lang='lat' dir='ltr'>unde</span> <span class='ocrx_word' id='word_1_793' title='bbox 273 5617 478 5693; x_wconf 74' lang='lat' dir='ltr'>caputcaput,</span> <span class='ocrx_word' id='word_1_794' title='bbox 494 5619 624 5695; x_wconf 75' lang='lat' dir='ltr'>apostolo</span> <span class='ocrx_word' id='word_1_795' title='bbox 640 5625 716 5691; x_wconf 82' lang='lat' dir='ltr'>teste,</span> <span class='ocrx_word' id='word_1_796' title='bbox 731 5639 782 5698; x_wconf 90' lang='lat' dir='ltr'>per</span> <span class='ocrx_word' id='word_1_797' title='bbox 794 5638 826 5681; x_wconf 86' lang='lat' dir='ltr'>ee</span> <span class='ocrx_word' id='word_1_798' title='bbox 838 5639 901 5699; x_wconf 82' lang='lat' dir='ltr'>que</span> <span class='ocrx_word' id='word_1_799' title='bbox 918 5623 988 5681; x_wconf 84' lang='lat' dir='ltr'>facta</span> <span class='ocrx_word' id='word_1_800' title='bbox 1043 5624 1108 5680; x_wconf 87' lang='lat' dir='ltr'>tioit</span> <span class='ocrx_word' id='word_1_801' title='bbox 1120 5623 1149 5678; x_wconf 89' lang='lat' dir='ltr'>in</span> <span class='ocrx_word' id='word_1_802' title='bbox 1160 5624 1187 5678; x_wconf 84' lang='lat' dir='ltr'>tc</span> <span class='ocrx_word' id='word_1_803' title='bbox 1205 5621 1306 5679; x_wconf 83' lang='lat' dir='ltr'>animo</span> <span class='ocrx_word' id='word_1_804' title='bbox 1320 5637 1385 5680; x_wconf 85' lang='lat' dir='ltr'>meu</span> <span class='ocrx_word' id='word_1_805' title='bbox 1399 5637 1484 5696; x_wconf 83' lang='lat' dir='ltr'>quum</span> <span class='ocrx_word' id='word_1_806' title='bbox 1494 5620 1698 5696; x_wconf 78' lang='lat' dir='ltr'>mutttptutter</span> <span class='ocrx_word' id='word_1_807' title='bbox 1708 5619 1840 5684; x_wconf 69' lang='lat' dir='ltr'>udicare</span> 
     </span>
     <span class='ocr_line' id='line_1_60' title="bbox 185 5707 1838 5790; baseline 0.006 -24"><span class='ocrx_word' id='word_1_808' title='bbox 185 5716 263 5778; x_wconf 88' lang='lat' dir='ltr'>suot,</span> <span class='ocrx_word' id='word_1_809' title='bbox 278 5707 483 5770; x_wconf 73' lang='lat' dir='ltr'>Delinmsibil&#39;u</span> <span class='ocrx_word' id='word_1_810' title='bbox 494 5725 662 5784; x_wconf 83' lang='lat' dir='ltr'>conspexere</span> <span class='ocrx_word' id='word_1_811' title='bbox 674 5715 764 5784; x_wconf 74' lang='lat' dir='ltr'>(dom.</span> <span class='ocrx_word' id='word_1_812' title='bbox 779 5729 800 5785; x_wconf 89' lang='lat'>1,</span> <span class='ocrx_word' id='word_1_813' title='bbox 815 5714 871 5786; x_wconf 76' lang='lat' dir='ltr'>iu).</span> <span class='ocrx_word' id='word_1_814' title='bbox 887 5713 989 5776; x_wconf 74' lang='lat' dir='ltr'>iorum</span> <span class='ocrx_word' id='word_1_815' title='bbox 1039 5708 1838 5790; x_wconf 62' lang='lat' dir='ltr'>aaa(1&gt;ut.am,t.)t1abanamoenitates-immor·</span> 
     </span>
    </p>
   </div>
   <div class='ocr_carea' id='block_1_7' title="bbox 0 0 2080 6342">
    <p class='ocr_par' dir='ltr' id='par_1_8' title="bbox 0 0 2080 6342">
     <span class='ocr_line' id='line_1_61' title="bbox 0 0 2080 6342; baseline 0 0"><span class='ocrx_word' id='word_1_816' title='bbox 0 0 2080 6342; x_wconf 95' lang='lat' dir='ltr'> </span> 
     </span>
    </p>
   </div>
  </div>
 </body>
</html>
