4118 6346
326 549 378 603 339
775 543 803 598 S.
819 539 995 598 BERNARDI
1015 537 1161 594 ABBATIS
1175 537 1512 600 cctam-vnttnnsts
1925 547 1968 602 dit

322 667 542 737 obstinationem,
567 671 597 724 et
617 663 813 738 nequissimum
837 663 929 721 vitium
947 661 1121 736 singularite·
1138 677 1194 760 “a
1222 665 1317 738 gratia,
1339 681 1421 738 quarn
1437 682 1492 722 non
1515 673 1545 723 ut
1568 665 1683 738 gratiam
1696 676 1868 724 venerantur
1886 669 1971 741 [etius.

325 761 373 820 tis:
396 759 449 816 nisi
468 757 548 824 terte,
568 755 641 828 qnod
655 752 738 810 absit!
764 753 888 810 fraudare
916 752 995 809 vultis
1019 751 1123 808 animas
1177 753 1299 828 habenti

323 847 521 920 vestraspauis
535 843 779 904 eduliobenedieti.
1213 847 1239 898 2.
1260 843 1329 899 Nam
1344 844 1379 900 de
1403 860 1435 901 ee
1461 845 1524 917 quid
1547 843 1646 916 dicam,
1671 845 1718 917 qui
1742 845 1769 900 in
1788 861 1932 902 murmure
1950 861 1968 902 a

360 942 387 996 i.
407 938 467 993 tam
485 951 561 1006 vere,
583 950 617 990 ne
636 931 743 1007 longius
764 932 922 1003 protraham
936 945 995 998 vos,
1016 936 1121 1001 septem
1175 932 1342 1003 impatientia
1362 934 1499 991 obstinato
1521 934 1652 1006 perdurat
1679 934 1783 1003 anime;
1815 945 1866 992 aut
1896 953 1966 1008 quea

324 1043 411 1101 panes
425 1025 523 1100 quibus
545 1020 710 1086 reficiamini,
736 1021 779 1076 isti
803 1027 876 1076 sunt.
901 1019 1006 1075 Primus
1033 1018 1119 1090 panis,
1175 1020 1289 1092 poenitet
1307 1021 1453 1078 adhaesisse
1469 1024 1537 1090 Deo,
1554 1028 1583 1078 et·
1604 1029 1699 1078 eontra
1712 1038 1828 1092 merem,
1844 1031 1968 1080 eteontra

326 1117 441 1174 verbum
456 1114 520 1180 Dei·,
536 1112 563 1167 in
578 1126 631 1185 quo
645 1109 700 1168 vita
719 1108 837 1165 heminis
857 1116 908 1174 est,
929 1109 998 1165 sicut
1016 1115 1043 1164 et
1062 1109 1121 1180 ipse
1175 1109 1317 1177 rationem,
1339 1111 1442 1167 honum
1460 1111 1560 1167 iactum
1578 1111 1738 1182 paenitentia
1756 1112 1919 1178 comitatur,
1933 1117 1967 1182 qn

326 1211 439 1263 testatur
461 1199 648 1275 (Loc.1v,i).
677 1198 817 1255 Secundus
844 1197 933 1269 panis,
964 1196 1121 1254 obedientia
1175 1198 1232 1254 sine
1251 1200 1334 1255 dubio
1348 1199 1566 1256 miserationibus
1579 1200 1630 1256 Dei
1645 1216 1699 1256 non
1718 1202 1800 1257 modo
1817 1217 1876 1256 non
1898 1202 1966 1256 habet

325 1301 380 1362 est;
397 1291 523 1366 quoniam
537 1305 616 1348 nicus
629 1287 706 1346 cibos
721 1292 771 1356 cst,
788 1287 935 1360 inquitet
950 1290 1057 1359 seciam
1071 1304 1120 1344 co·
1173 1287 1356 1358 gratiamsed
1371 1291 1593 1346 etcontumeiiam
1612 1290 1721 1346 reddit?
1739 1289 1862 1347 Omnino
1893 1291 1965 1348 enim.

328 1388 469 1444 icctuicm
484 1383 545 1452 ejus
559 1380 608 1451 qui
621 1379 699 1434 misit
717 1394 761 1434 mc
777 1377 868 1448 (ioca.
883 1391 923 1442 tv,
940 1377 995 1446 34),
1013 1375 1120 1431 Tertius
1174 1377 1342 1446 quantumin
1366 1393 1395 1434 se
1419 1386 1471 1447 est,
1496 1379 1640 1435 inhonorat
1663 1395 1726 1434 eum
1744 1395 1760 1434 a
1783 1394 1841 1450 quo
1868 1390 1966 1435 vocatus
2012 1399 2013 1432 ι

325 1475 414 1548 panis,
430 1467 571 1527 meditatio
585 1473 688 1527 sancta,
705 1465 739 1520 dc
754 1480 809 1536 qua
827 1465 958 1535 scriptum
974 1468 1119 1538 estzdopi-
1174 1475 1225 1529 est,
1245 1464 1367 1536 quisquis
1384 1467 1410 1521 in
1433 1467 1493 1536 ejus
1514 1466 1625 1523 servitio
1647 1466 1674 1520 in
1698 1465 1809 1522 tristitia
1830 1481 1966 1538 permanet

325 1556 916 1624 tcticaanctoccmervadiitctPrcu.1v‚
939 1556 1120 1627 6)3etaeque
1175 1559 1201 1607 et
1224 1567 1350 1620 rancore3
1381 1570 1441 1610 eam
1469 1555 1529 1610 dico
1558 1555 1703 1622 tristitiam,
1731 1572 1792 1628 quae
1824 1557 1965 1612 secundun

324 1655 378 1711 aiio
398 1653 426 1708 iu
450 1650 509 1706 loco
532 1646 666 1703 nominari
676 1645 784 1702 videtur
799 1644 877 1715 panis
900 1643 962 1700 vitae
981 1653 1009 1699 et
1035 1643 1119 1700 intel·
1174 1657 1284 1698 earnem
1298 1645 1418 1715 est(52),
1448 1651 1475 1699 et
1498 1651 1614 1700 mortem
1638 1648 1777 1715 operatur.
1800 1645 1890 1700 Putas
1914 1661 1966 1714 eruc

322 1745 410 1802 lectus
433 1739 529 1812 (Docti.
553 1751 602 1803 xv,
625 1735 662 1805 3).
688 1733 804 1804 Quartus
826 1733 913 1804 panis,
937 1733 1072 1789 orantium
1082 1733 1119 1789 ia·
1174 1731 1236 1804 quia
1253 1733 1339 1802 major
1361 1732 1399 1786 iili
1423 1733 1502 1788 detur
1521 1732 1626 1806 gratia;
1651 1741 1678 1789 et
1702 1749 1755 1790 non
1780 1735 1874 1806 magis
1900 1735 1966 1788 etiam

322 1852 432 1909 crpmae.
458 1831 574 1902 Quintus
588 1842 664 1896 vero,
693 1823 862 1898 paenitentiae
890 1823 965 1880 labor
984 1832 1032 1880 est.
1061 1826 1118 1881 Nec
1174 1821 1245 1893 quod
1259 1822 1366 1878 videtur
1379 1823 1491 1889 habere,
1508 1823 1646 1878 auferatur
1670 1824 1704 1878 ah
1719 1823 1769 1879 eo?
1784 1823 1892 1880 Nonne
1908 1825 1967 1878 euin
2012 1819 2013 1896 i

321 1922 474 1991 miraberis,
502 1917 575 1992 quod
596 1916 719 1972 laborem
738 1922 783 1970 aut
801 1912 935 1986 lacrymas
954 1927 1052 1985 panem
1072 1913 1116 1968 di·
1172 1912 1232 1982 jure
1251 1909 1388 1984 perd-itum
1404 1917 1551 1984 reputatur,
1561 1910 1634 1984 quod
1645 1911 1751 1984 ingrato
1767 1913 1903 1967 donatum
1919 1914 1967 1968 esti

322 2009 486 2082 nerim‚nisi
501 2007 571 2065 iorta
595 2003 694 2061 excidit
718 2002 764 2058 tibi
778 2002 851 2076 quod
874 2001 902 2057 in
922 2003 1057 2073 Propheta
1077 2001 1117 2057 le·
1134 1980 1156 2056 Β
1172 2009 1216 2056 aut
1244 1999 1350 2055 dedisse
1379 2013 1433 2056 non
1449 1999 1572 2072 poeuitet,
1602 2000 1675 2073 quod
1701 2001 1819 2073 periisse
1850 2001 1967 2058 videtur?

321 2101 398 2175 gisti:
417 2098 522 2158 coccis
536 2112 587 2155 ctos
599 2108 674 2168 punc
700 2095 887 2166 lacrymarum
905 2090 992 2163 (Psoi.
1018 2104 1116 2160 txxrx,
1172 2088 1285 2162 Oportet
1299 2087 1414 2159 proinde
1432 2095 1538 2160 gratum
1558 2105 1619 2144 esse
1632 2088 1770 2145 hominem
1785 2096 1814 2145 et
1834 2089 1967 2148 devotum.

321 2191 364 2264 6);
381 2198 409 2247 et
421 2189 487 2245 item
497 2186 524 2242 in
534 2184 588 2242 alio
597 2182 715 2256 psalmo:
732 2183 856 2248 Labores,
866 2177 964 2250 inquit,
977 2194 1118 2235 mancum
1173 2177 1219 2250 qui
1233 2184 1361 2249 percepta
1375 2177 1469 2252 gratim
1482 2193 1597 2233 munera
1618 2193 1672 2233 nou
1693 2178 1774 2234 modo
1792 2193 1914 2235 manere
1929 2181 1967 2234 sb:

320 2272 715 2350 tucrumqaicmcndoochis,
727 2271 824 2330 brutos
839 2287 866 2327 cs
877 2275 905 2327 ct
918 2271 986 2327 donc
1000 2267 1051 2323 tibi
1065 2267 1119 2324 orii
1173 2265 1318 2332 desiderat,
1343 2265 1391 2322 sed
1402 2273 1430 2322 et
1451 2265 1633 2338 multiplicari.
1657 2266 1743 2323 Nemo
1771 2283 1842 2324 sane
1867 2277 1912 2324 est
1933 2271 1967 2340 qui

316 2366 407 2440 (Paci.
424 2381 531 2435 cxxvii,
542 2363 772 2437 etsextmpanis
781 2369 823 2420 est
830 2361 949 2432 jucunda
958 2355 1119 2415 unanimitas
1173 2371 1226 2412 non
1241 2354 1329 2421 facite,
1350 2355 1372 2410 si
1396 2355 1501 2427 quaerit,
1526 2355 1654 2426 inveniat,
1670 2356 1742 2412 uude
1765 2357 1918 2427 plurimum
1941 2359 1967 2411 sit

318 2453 662 2527 socialis3panis‚inquam,
677 2469 710 2510 er
729 2452 843 2510 diversis
857 2450 950 2523 granis
967 2447 1116 2516 coniectus,
1173 2443 1304 2500 obnoxius
1317 2443 1386 2510 Deo,
1401 2443 1527 2516 quoniam
1547 2459 1601 2499 non
1627 2453 1668 2500 est
1689 2443 1736 2517 qui
1760 2460 1790 2501 se
1821 2446 1966 2502 abscondat

316 2544 548 2617 fermentatusque
570 2542 658 2616 gratia
680 2542 730 2600 Dei
751 2543 846 2616 iulius,
867 2541 961 2616 utiquc
984 2536 1117 2610 sapientia
1172 2555 1188 2594 a
1211 2541 1300 2598 calore
1324 2543 1392 2611 ejus.
1417 2541 1471 2596 Sed
1499 2557 1549 2596 nos
1574 2541 1698 2610 maxime,
1723 2558 1793 2615 quos
1816 2543 1967 2615 segregarit

315 2635 386 2709 Deii.
403 2635 486 2692 Porro
512 2632 645 2705 septimus
671 2633 748 2704 panis
769 2640 811 2688 est
844 2629 1022 2696 eucharistia,·
1051 2643 1117 2700 quo·
1172 2630 1235 2698 sihi,
1257 2639 1285 2686 et
1299 2630 1444 2700 assumpsit
1462 2632 1496 2684 ad
1516 2631 1688 2688 serviendum
1708 2631 1759 2686 sihi
1777 2631 1843 2701 soii,
1858 2631 1882 2686 si
1901 2634 1966 2703 juata

316 2724 390 2782 niam
402 2721 603 2797 panteinquit,
623 2739 704 2795 quom
720 2724 824 2795 epodo,
842 2738 906 2778 caro
921 2738 985 2778 inco
1003 2723 1043 2778 est
1058 2735 1109 2790 uro
1171 2719 1330 2791 Apostolum
1357 2735 1412 2775 non
1436 2719 1584 2790 accipimus
1610 2720 1733 2794 spiritum
1761 2722 1845 2792 liujus
1869 2723 1963 2781 mundi.

320 2812 594 2886 mendicitapoac.
611 2827 652 2867 vr.
669 2811 796 2884 datitil.
1170 2808 1218 2862 sed
1242 2808 1365 2878 spiritum
1389 2807 1434 2878 qui
1457 2823 1491 2862 ex
1513 2808 1570 2865 Deo
1599 2818 1650 2878 est,
1679 2819 1708 2865 nt
1731 2810 1852 2866 sciamus
1884 2827 1964 2883 quaa

625 2901 794 2957 sunnon.
1170 2894 1228 2951 Deo
1251 2896 1427 2951 denatusuut
1456 2897 1535 2952 nobis
1564 2899 1589 2966 (1
1617 2900 1677 2956 Cor.
1707 2913 1736 2962 n,
1768 2901 1830 2969 to);
1861 2899 1962 2954 omniuo

530 2991 570 3047 De
588 2993 694 3062 septem
705 2987 916 3046 misericordiis.
1170 2983 1285 3056 plurima
1300 2983 1480 3053 inveniemus,
1497 2986 1570 3040 unde
1585 2986 1727 3042 continuas
1740 2985 1766 3042 ei
1773 2987 1882 3058 gratias
1890 3003 1963 3058 agera

353 3085 378 3136 i.
401 3077 604 3137 Misericordiae
633 3079 747 3136 Domini
767 3079 798 3132 in
828 3082 967 3134 cateruam
997 3073 1114 3131 canterio
1169 3072 1326 3132 debeamus.
1352 3072 1419 3143 Quis
1429 3075 1500 3129 enim
1524 3073 1551 3129 iu
1576 3076 1653 3138 uobis
1677 3085 1728 3142 est,
1753 3077 1799 3147 qui
1824 3091 1883 3132 non
1907 3091 1964 3131 cou-
2012 3047 2014 3130 i

317 3171 407 3243 (Prot.
432 3183 572 3235 cxxxviii,
599 3168 637 3237 2).
663 3166 764 3237 thuid
793 3165 864 3220 enirn
893 3163 958 3218 mihi
983 3160 1113 3232 insipiens
1169 3161 1238 3218 iiteri
1266 3162 1360 3234 possit,
1376 3163 1503 3235 quoniam
1520 3163 1703 3220 misericordia
1732 3173 1776 3218 tua
1806 3179 1910 3238 magna
1931 3175 1964 3220 est

316 3259 484 3330 nescioquas
511 3255 647 3328 cogitatio
665 3255 700 3311 de
729 3253 895 3325 peonitentiae
923 3253 1003 3322 hujus
1030 3267 1115 3306 onere
1130 3291 1151 3370 c
1169 3266 1251 3321 super
1274 3249 1336 3305 met
1364 3249 1458 3322 itaque
1486 3252 1519 3307 de
1549 3259 1622 3306 tantu
1650 3251 1821 3308 multitudine
1853 3252 1964 3307 misera·

316 3353 478 3411 murmurat,
494 3350 524 3400 ut
538 3342 747 3418 aggravetiiiud
761 3357 844 3414 super
863 3341 995 3398 cervicem
1005 3339 1113 3396 meam?
1170 3337 1271 3394 tionum
1299 3339 1406 3396 Domini
1425 3339 1502 3395 vohis
1530 3339 1649 3396 breviter
1681 3339 1784 3412 aliquas
1814 3356 1965 3411 proponere

315 3434 395 3492 thud
423 3448 493 3491 onus
522 3431 620 3498 sentio,
651 3430 760 3489 suavius
792 3430 912 3502 quidem,
938 3429 987 3486 sed
1019 3428 1112 3499 utique
1169 3427 1240 3493 volo,
1257 3437 1287 3483 ut
1306 3427 1350 3498 qui
1365 3428 1475 3499 sapiens
1490 3437 1541 3496 est,
1564 3430 1709 3487 occasione
1725 3439 1841 3500 accepta
1863 3431 1965 3502 sapien·
2014 3465 2015 3468 ι

315 3521 401 3577 mutto
414 3521 511 3590 majus.
536 3518 580 3574 Sic
611 3519 683 3574 enim
705 3525 802 3574 onerat
824 3533 867 3573 me
895 3515 1115 3572 miserationibus
1170 3515 1221 3572 tior
1236 3513 1291 3570 fiat.
2014 3507 2015 3544 ι

316 3609 372 3665 suis
385 3609 469 3672 Deus,
484 3605 523 3662 sie
538 3605 683 3672 concludit,
707 3605 746 3661 sic
769 3605 860 3661 obruit
882 3603 1020 3661 benediciis
1046 3603 1111 3672 suis,
1204 3608 1229 3659 3.
1248 3605 1359 3674 Septem
1375 3619 1426 3676 ego
1448 3605 1475 3658 in
1494 3621 1538 3660 me
1557 3606 1636 3662 video
1656 3605 1861 3662 misericordias
1881 3608 1966 3664 Deni-

316 3703 348 3752 ut
367 3710 435 3752 onus
457 3694 528 3750 aliud
551 3693 653 3750 seuthe
674 3707 728 3750 uon
752 3694 866 3764 possim.
884 3692 954 3762 Quid
970 3691 1041 3748 euim
1065 3709 1112 3749 re·
1168 3692 1205 3759 ni,
1223 3707 1291 3765 quas
1309 3701 1337 3748 et
1350 3709 1399 3749 vos
1418 3694 1480 3766 ipsi,
1499 3694 1591 3761 credo,
1613 3694 1690 3752 facile
1709 3694 1860 3751 invenietis
1878 3696 1907 3752 in
1924 3714 1966 3753 rc

317 3783 434 3841 tribuam
458 3783 637 3853 Domiuopro
664 3781 860 3855 omnibusquae
888 3781 1011 3840 retribuit
1030 3781 1113 3837 mitrii
1169 3781 1218 3836 his.
1249 3781 1339 3836 Prima
1358 3789 1409 3852 est,
1440 3783 1546 3854 quoda
1564 3783 1655 3840 multis
1681 3784 1803 3856 peccatis
1829 3786 1967 3842 adhucin

316 3874 402 3929 Tanta
430 3871 531 3938 tribuit,
559 3878 588 3928 ot
612 3879 686 3928 tauta
703 3872 843 3928 retribuit:
876 3880 903 3928 et
931 3878 958 3927 tu
986 3870 1051 3925 mihi
1078 3871 1113 3927 de
1168 3870 1266 3926 saeculo
1289 3870 1407 3940 positum
1427 3871 1570 3928 custodivit
1591 3888 1651 3942 me;
1671 3873 1757 3944 prima
1779 3872 1909 3944 quidem,
1929 3875 1967 3928 iu-

315 3959 407 4020 940
428 3959 481 4017 alio
503 3977 588 4018 onere
611 3959 749 4032 loqueris‘t
772 3960 867 4017 Deficit
890 3960 1001 4032 spiritus
1025 3976 1111 4027 meus,
1169 3975 1259 4028 quarn,
1281 3973 1336 4013 nou
1357 3959 1426 4014 iuter
1447 3975 1544 4016 omnes
1571 3977 1637 4031 quas
1661 3961 1724 4016 mihi
1751 3960 1901 4033 impendit,
1926 3965 1967 4020 sed

315 4067 428 4125 prorsus
441 4049 533 4106 deficit
546 4050 574 4105 iu
589 4057 665 4107 tauta
672 4049 868 4106 beneficiorum
881 4050 1111 4106 consideratione.
1169 4046 1254 4117 prima
1270 4046 1339 4101 inter
1352 4048 1401 4102 has
1415 4055 1531 4120 septem.
1547 4048 1612 4118 Quis
1626 4047 1700 4104 enim
1720 4064 1777 4104 uon
1790 4051 1888 4106 videat
1903 4051 1969 4124 quod

314 4143 349 4200 Et
371 4139 434 4197 licet
455 4139 552 4211 dignas
573 4154 627 4195 nou
651 4138 783 4196 subiciam
814 4139 915 4213 gratias
943 4155 1037 4211 agere,
1062 4138 1110 4195 sed
1169 4133 1237 4189 sicut
1252 4134 1280 4189 in
1295 4134 1377 4190 multa
1392 4135 1487 4203 cecidi,
1510 4137 1547 4192 sic
1569 4137 1638 4194 etin
1653 4137 1703 4193 alia
1719 4137 1886 4196 cecidissem
1908 4157 1969 4213 per-

317 4227 659 4302 ingratitudinemprcrsus
682 4227 739 4285 odit
757 4226 847 4283 reinna
871 4244 941 4284 mea.
958 4230 1113 4300 Perempto-
1169 4230 1238 4289 cata,
1269 4223 1318 4278 uisi
1346 4223 1546 4296 Omnipoteutis
1573 4226 1661 4299 pietas
1689 4243 1734 4282 me
1758 4231 1969 4286 conservasset?

317 4317 357 4375 ria
381 4316 515 4390 siquidem
548 4332 593 4373 res
620 4323 662 4374 est
688 4315 864 4389 ingratitudo,
893 4318 979 4373 hostis
1006 4317 1111 4388 gratim,
1168 4311 1267 4368 Fateor
1281 4321 1309 4368 et
1331 4311 1448 4380 fatebor,
1473 4315 1523 4370 nisi
1547 4316 1609 4389 quia
1632 4316 1763 4372 Dominus
1787 4317 1902 4389 adiuvit
1922 4335 1969 4377 ma.

316 4405 426 4465 inimica
446 4405 548 4464 salutis.
575 4405 640 4463 Dico
666 4421 717 4478 ego
740 4405 827 4473 vobis,
857 4405 1018 4473 charissimi,
1044 4421 1111 4478 quo·
1169 4400 1248 4472 pauio
1270 4402 1360 4456 minus
1387 4402 1529 4460 cecidisset
1555 4405 1583 4459 in
1611 4421 1692 4460 omne
1716 4415 1864 4476 peccatum
1890 4411 1971 4463 anian

316 4496 390 4554 uiam
404 4512 454 4569 pro
469 4511 532 4554 meo
551 4511 648 4570 sapere
668 4495 734 4552 nihil
751 4495 788 4552 ita
806 4495 933 4568 displicet
953 4497 1021 4562 Deo,
1041 4511 1114 4566 prae·
1170 4507 1239 4546 ntea.
1256 4491 1289 4546 Et
1309 4492 1366 4546 haec
1385 4502 1485 4562 quanta
1504 4492 1625 4564 dignatio
1642 4493 1759 4564 pietatis,
1780 4497 1860 4568 quod
1883 4497 1970 4570 inpra-

316 4586 411 4646 sortim
434 4587 462 4643 in
486 4585 548 4642 filiis
570 4586 674 4658 gratim,
689 4585 717 4641 iu
736 4585 890 4642 hominihus
914 4583 1110 4651 conversionis,
1130 4594 1152 4670 ss
1170 4587 1224 4633 tum
1236 4589 1262 4635 et
1277 4581 1519 4653 parvipendentem
1535 4582 1574 4638 sic
1588 4585 1674 4654 gratia
1689 4587 1888 4652 conservabat,
1906 4587 1971 4659 quui

314 4676 543 4750 quemadmodum
557 4674 732 4747 ingratitudo.
754 4675 817 4731 Vias
831 4674 902 4732 enim
918 4674 1035 4731 obstruit
1049 4690 1111 4745 gra·
1169 4668 1197 4722 in
1220 4669 1310 4726 multis
1331 4669 1494 4726 centrarium
1510 4679 1538 4726 et
1555 4681 1776 4728 contemnentem
1792 4674 1972 4731 nihilominus

316 4765 371 4834 tiae,
387 4773 415 4822 et
433 4764 480 4821 ubi
494 4763 576 4822 haurit
594 4763 648 4830 iiia,
664 4764 719 4835 iam
733 4763 821 4836 gratia
836 4779 974 4820 accessum
994 4777 1049 4818 non
1073 4762 1114 4817 iu·
1170 4759 1206 4813 ab
1220 4758 1278 4813 aliis
1297 4759 1491 4830 benignissime
1511 4761 1693 4832 protegebat?
1712 4763 1745 4816 ιιι
1771 4765 1904 4820 secunda
1926 4765 1971 4818 rai-

317 4853 401 4921 veuit,
414 4851 503 4910 locum
517 4869 572 4910 uon
586 4853 677 4910 habet.
699 4851 765 4912 Hinc
784 4852 860 4919 mihi,
880 4851 986 4918 iratres,
1008 4850 1114 4906 tristitia
1169 4848 1268 4905 seratio
1294 4855 1338 4903 tua
1362 4864 1445 4920 super
1473 4865 1527 4915 me,
1557 4851 1681 4918 Domine,
1720 4867 1842 4923 quonam
1876 4855 1973 4926 potent

317 4957 418 5020 magua
445 4951 474 4999 et
499 4941 577 5001 dolor
603 4941 748 5000 conhnuus
769 4949 811 4999 est
845 4941 921 4998 cordi
952 4955 1024 5006 meo,
1041 4940 1113 5012 quod
1169 4937 1296 5009 explicari
1317 4952 1453 5004 sermone,
1474 4954 1554 5009 quam
1575 4940 1702 5012 benigna,
1724 4955 1807 5011 quam
1839 4942 1972 4999 iiberahs.

316 5029 531 5091 nonnullostam
545 5045 645 5104 pronos
668 5031 703 5087 ad
726 5029 874 5094 levitatem,
900 5028 933 5082 ad
958 5027 1050 5094 risum,
1077 5029 1111 5084 ad
1168 5039 1303 5097 quamque
1332 5025 1448 5096 gratuita
1482 5025 1582 5082 tuerit?
1612 5027 1670 5099 ligo
1706 5027 1876 5100 peccabam,
1910 5044 1937 5087 et
1952 5042 1974 5084 ru

315 5119 403 5180 otiosa
416 5127 444 5178 ot
471 5119 505 5176 ad
536 5120 659 5179 scurrilia
690 5119 774 5177 verba
807 5124 862 5171 tarn
894 5115 986 5172 iaciies
1017 5117 1110 5173 video:
1167 5111 1380 5181 dissimulabas;
1401 5128 1454 5169 non
1477 5114 1684 5170 continebama
1709 5115 1878 5186 sceleribus,
1905 5127 1934 5175 et
1953 5131 1976 5173 tu

313 5220 343 5269 ut
365 5210 556 5285 pertimescam
580 5209 670 5274 vaide,
694 5221 730 5263 nc
754 5204 824 5262 iorte
845 5205 905 5275 pius
925 5221 1007 5276 quam
1030 5221 1113 5276 erpe-
1166 5219 1182 5257 a
1205 5201 1363 5258 verberibus
1386 5200 1552 5258 abstinebas.
1578 5203 1776 5276 Prolongaham
1802 5221 1858 5279 ege
1893 5209 1976 5264 mutto

312 5301 379 5370 diat,
388 5301 486 5360 divinae
496 5297 690 5358 misericordiae
704 5295 758 5352 sint
772 5295 953 5362 immemores,
970 5294 1108 5368 etiugrati
1168 5301 1290 5363 ternpore
1316 5289 1485 5362 iniquitatem
1512 5307 1618 5360 meanr;
1645 5302 1672 5347 et
1687 5299 1724 5358 tu,
1749 5293 1888 5369 Domine,
1922 5297 1976 5368 pie-

313 5397 367 5448 um
395 5390 490 5448 multia
510 5385 652 5447 beneficiis
679 5385 745 5452 auis,
774 5381 920 5458 aliquando
945 5386 1110 5441 deserantur
1168 5390 1250 5438 tatem
1272 5389 1354 5436 tuam.
1380 5381 1434 5436 Sed
1456 5381 1518 5452 quid
1539 5383 1680 5452 prodesset
1706 5387 1898 5455 exspectatio,
1933 5389 1976 5441 uis

348 5534 405 5606 (tt)
420 5531 469 5587 Hic
484 5529 511 5584 in
526 5525 716 5596 manuscriptis
737 5527 945 5596 interponuntur
959 5541 1050 5582 sermo
1065 5525 1112 5580 tri·
1166 5525 1281 5583 multum
1293 5524 1437 5580 variantia
1450 5525 1563 5582 vetustis
1585 5525 1675 5582 libris:
1695 5527 1743 5582 sed
1769 5529 1831 5586 lrmc
1853 5533 1979 5587 varieta-

312 5603 433 5679 gesimus
447 5609 539 5658 sextus
563 5605 590 5654 et
615 5603 671 5653 tres
696 5605 897 5668 consequentes
917 5597 951 5652 de
975 5597 1110 5667 Diversis3
1167 5614 1222 5656 non
1236 5605 1456 5654 mutatseusmn.

310 5685 494 5752 praeterquam
512 5671 541 5726 iu
555 5667 648 5726 codice
668 5668 851 5751 tiisterciensi,
876 5669 903 5722 in
919 5683 973 5749 quo
992 5676 1110 5736 notatur,
1202 5669 1345 5740 (ditabis,
1359 5673 1468 5726 Parum
1487 5668 1605 5727 tvonorat
1610 5709 1674 5728 ......
1678 5673 1807 5753 quisquis
1829 5677 1857 5732 ci
1887 5688 1980 5732 serre

311 5763 360 5808 eos
374 5742 579 5804 transferendos
597 5755 658 5797 csse
671 5749 744 5796 antor
759 5741 896 5796 Diversos.
916 5739 967 5808 Qui
991 5756 1055 5797 vero
1070 5741 1113 5798 hic
1169 5743 1285 5798 tristitia
1297 5747 1323 5798 et
1335 5744 1495 5798 runcorc:si
1505 5747 1712 5801 tcmeuacrvirc
1723 5746 1821 5816 etquis
1833 5754 1941 5818 potest
1955 5765 1980 5802 :a

312 5819 514 5890 subsequuntur
528 5825 669 5870 sermones
681 5814 736 5869 duo
753 5811 788 5868 de
796 5818 901 5883 septem
908 5811 1110 5880 misericordiis,
1167 5831 1200 5871 ec
1213 5813 1342 5880 tristitia,
1359 5830 1421 5887 quse
1436 5814 1588 5872 scoriadam
1602 5831 1717 5873 cererem
1737 5821 1789 5872 est.
