3996 6350
251 368 297 431 131
715 358 745 419 S.
770 355 936 418 ttattaot
955 357 1089 422 tssattts
1108 359 1413 423 atala-ttttttttsts
1848 353 1906 414 132

284 499 311 554 a.
327 495 369 548 du
386 502 452 546 vero
465 486 500 543 de
515 487 702 544 inuocantium
714 485 822 544 coronis
841 484 902 558 quis
916 485 1039 544 dubitet?
1056 504 1080 584 Α
1100 489 1220 546 siderent
1234 496 1261 544 et
1274 487 1418 544 advertant
1437 491 1563 542 neutrum
1578 481 1681 558 sculpi
1694 489 1839 554 oportere,
1856 483 1905 539 abi

250 583 298 638 llle
316 594 365 652 pro
386 575 493 633 Christo
517 575 665 633 trucidatos
692 575 811 632 inientes
835 573 939 631 dubitet
970 575 1041 632 inter
1097 593 1151 635 non
1166 577 1274 636 videtur
1288 576 1385 632 deesse
1401 574 1524 640 facultas,
1539 571 1693 644 pracsertim
1706 587 1770 628 cum
1780 579 1901 628 utrum-

250 678 381 740 martyres
401 665 537 736 coronari,
561 667 609 739 qui
628 673 802 739 regeneratos
819 664 845 720 iu
861 663 966 720 Christo
987 680 1042 722 non
1089 684 1149 742 .que
1164 667 1223 724 sinc
1236 666 1321 723 altero
1337 663 1394 738 (ubi
1409 673 1500 722 tamen
1515 662 1628 720 facultas
1642 662 1730 736 deest)
1740 678 1798 719 non
1812 662 1903 720 modo

249 755 333 815 eradit
363 753 436 811 inter
461 753 617 824 adoptionis
643 751 712 810 lilios
739 751 888 809 numerari.
918 752 1042 826 Alioquin
1095 756 1211 812 salutem
1231 754 1358 812 conferre
1374 752 1470 826 possit,
1480 751 1529 810 sed
1544 751 1626 807 ctiam
1641 751 1827 808 sanctitatem.
1845 749 1902 807 Sed

248 845 359 920 quaudo
378 857 484 900 coaevos
502 841 556 897 sibi
569 857 670 913 pueros
694 857 762 914 puer
784 840 829 897 ille
844 841 890 914 qui
904 849 983 897 natus
1001 849 1043 898 εει
1097 854 1124 902 ει
1147 847 1197 902 hoc
1223 860 1333 919 qnoque
1357 843 1473 899 tirmiter
1496 849 1616 909 teneant,
1632 841 1764 912 prodesse
1784 839 1902 913 quidem

247 934 337 1004 nobis,
352 948 408 988 nou
431 938 525 988 contra
539 945 600 1001 nos,
619 937 732 1004 propter
752 946 782 986 se
795 937 932 1002 pateretur
945 929 1042 1000 occidi,
1096 949 1164 1007 opus
1178 934 1236 990 sine
1253 933 1399 1002 voluntate,
1412 947 1467 988 non
1483 939 1573 988 autem
1589 929 1671 1003 [uliae
1681 929 1784 1004 tamen]
1801 937 1902 985 contra

248 1023 322 1098 quod
336 1021 430 1095 utique
447 1020 504 1078 solo
518 1028 585 1075 nutu
592 1027 700 1092 poterat
714 1019 871 1091 prohibere,
884 1019 937 1075 nisi
945 1019 1042 1076 melius
1096 1022 1276 1087 uoluntatem;
1292 1029 1321 1077 ut
1335 1021 1408 1077 unde
1423 1021 1560 1076 salvantur
1584 1017 1711 1085 infantes,
1727 1018 1796 1075 inde
1810 1017 1903 1089 magis

248 1110 351 1184 aliquid
372 1109 412 1166 eis
434 1107 612 1183 providerot‘l
626 1115 666 1178 ut,
689 1108 918 1181 quemadmodum
937 1107 1042 1164 oaeteris
1096 1112 1259 1168 damnentur
1282 1109 1345 1168 ficte
1369 1108 1543 1166 accedentes.
1567 1105 1749 1163 Nihilominus
1771 1122 1845 1164 sane
1875 1107 1901 1161 in

247 1199 395 1256 inlantibus
423 1206 486 1253 tunc
518 1195 627 1269 quidem
659 1195 839 1265 circumcisio,
873 1210 945 1252 nunc
976 1210 1042 1252 uero
1096 1199 1259 1274 quibusdam
1282 1198 1405 1256 voluntas
1428 1197 1488 1253 sine
1509 1212 1594 1268 opere
1615 1195 1758 1252 sulliciens
1771 1203 1827 1264 est,
1843 1209 1899 1252 nco

249 1287 400 1359 baptismus
415 1285 474 1341 sine
487 1282 542 1341 ullo
552 1283 669 1355 propriae
682 1282 827 1346 voluntatis
836 1299 887 1339 usn
898 1283 998 1340 sufficit
1008 1284 1042 1340 ad
1096 1297 1187 1345 autem
1206 1294 1300 1345 contra
1327 1301 1405 1358 opus.
1435 1284 1518 1342 Verbi
1541 1299 1632 1354 cansa,
1657 1284 1760 1356 rapitur
1782 1283 1850 1358 quis
1874 1284 1900 1338 in

248 1377 374 1444 salutem,
398 1375 438 1431 sic
460 1371 633 1429 nihilomiuus
657 1387 706 1444 pro
729 1387 762 1428 eo
786 1379 942 1442 susceptum
966 1389 1042 1428 mar·
1096 1379 1168 1434 bona
1177 1376 1288 1450 quidem
1296 1372 1501 1445 voluntate,scd
1510 1373 1629 1430 necdum
1639 1371 1899 1445 perlecta,necdum

248 1466 348 1539 tyrium
372 1464 425 1519 illis
450 1461 587 1518 sufficeret
613 1461 648 1516 ad
676 1461 855 1518 sanctitatem.
886 1461 914 1516 Si
943 1461 1042 1536 quaeris
1096 1465 1195 1522 idonea
1217 1463 1376 1537 martyrium
1400 1461 1557 1519 sustinere:
1582 1461 1644 1535 quis
1666 1461 1703 1516 illi
1727 1463 1831 1518 audeat
1851 1474 1900 1532 pro

248 1569 343 1612 eorum
358 1552 428 1622 apud
450 1551 538 1606 Deum
561 1547 669 1618 merita,
686 1556 714 1606 ut
726 1556 934 1618 coronarentur,
950 1566 1042 1623 quaere
1097 1555 1148 1611 hac
1174 1552 1381 1627 imperfectione
1411 1565 1512 1623 negare
1545 1549 1678 1606 salutem?
1710 1549 1791 1606 Forte
1822 1548 1898 1604 enim

247 1648 277 1700 ct
301 1641 373 1714 apud
399 1637 535 1695 Herodem
562 1636 688 1704 crimina,
715 1645 746 1693 ut
766 1635 976 1694 trucidarentur.
1001 1641 1043 1695 An
1096 1649 1242 1716 propterea
1265 1657 1321 1698 non
1336 1640 1435 1696 sinitur
1449 1639 1477 1694 in
1495 1637 1569 1693 illam
1588 1653 1701 1710 gravem
1715 1638 1898 1694 tentationem

247 1731 317 1788 forte
332 1729 421 1786 minor
434 1725 534 1784 Christi
553 1725 652 1799 pietas,
672 1741 755 1799 quam
777 1726 893 1782 llerodis
907 1725 1042 1798 impietas,
1096 1733 1201 1801 venire,
1217 1747 1252 1787 ne
1274 1729 1384 1804 deficiat
1398 1737 1425 1785 at
1444 1728 1600 1784 damnetur.
1615 1726 1749 1784 Nimirum
1763 1727 1786 1783 si
1801 1726 1833 1783 in
1847 1727 1898 1783 luae

247 1827 277 1876 ut
290 1818 336 1876 ille
351 1817 461 1891 quidem
476 1815 595 1888 potuerit
615 1813 740 1871 innoxios
755 1815 816 1872 neci
830 1816 906 1884 dara,
922 1815 1044 1872 Christus
1097 1831 1151 1878 tam
1179 1819 1287 1876 infirma
1312 1818 1450 1876 voluntate
1478 1815 1653 1872 induceretur
1679 1814 1707 1870 iu
1732 1829 1804 1886 earn,
1837 1831 1898 1888 quse

247 1924 303 1966 non
314 1906 434 1982 potuerit
447 1912 559 1978 propter
576 1920 606 1961 se
620 1903 725 1962 occisos
747 1907 905 1962 coronare?
919 1905 959 1962 Sit
977 1922 1044 1978 ergo
1097 1926 1180 1982 supra
1194 1909 1284 1981 ipsum
1298 1915 1351 1977 est,
1371 1905 1560 1974 tentationem,
1580 1919 1633 1961 nou
1647 1904 1772 1962 voluntas
1786 1903 1898 1960 robora-

249 1998 403 2071 Stephanus
425 2001 529 2067 martyr
550 1994 622 2068 apud
637 1994 771 2060 homines,
793 1995 871 2066 cujus
893 1994 1044 2051 voluntaria
1097 2004 1188 2068 retur;
1214 1994 1276 2068 quis
1298 1993 1375 2049 illum
1398 1991 1505 2048 dubitat
1524 1990 1706 2060 delectarum,
1720 1999 1896 2063 negaturum,
1963 2021 1964 2042 ι

248 2084 337 2159 passio
352 2083 492 2143 evidenter
505 2082 631 2156 apparuit
644 2081 671 2138 in
686 2097 720 2140 eo
734 2083 776 2140 vel
790 2081 918 2153 maxirne,
929 2082 1001 2156 qnod
1017 2083 1045 2139 in
1097 2093 1134 2156 et,
1151 2084 1174 2141 si
1188 2083 1216 2140 in
1234 2099 1268 2140 eo
1286 2081 1355 2139 mori
1375 2079 1531 2156 contigerit,
1551 2078 1632 2138 etiam
1655 2078 1829 2152 periturum?
1844 2079 1896 2146 Qui

246 2175 307 2250 ipso
326 2173 423 2231 mortis
437 2173 549 2229 articulo
564 2180 619 2228 tam
637 2187 687 2244 pro
702 2172 941 2245 persequentibus,
962 2189 1044 2247 quam
1096 2177 1175 2236 euim
1187 2174 1334 2233 emoluerit
1348 2188 1394 2229 mc
1407 2187 1504 2229 corum
1519 2170 1677 2236 tumuitus,
1692 2171 1855 2227 erubescam
1867 2175 1895 2226 ci

246 2278 299 2336 pro
313 2279 343 2320 se
366 2262 426 2334 ipso
447 2259 656 2318 sollicitudinem
679 2267 788 2332 gereret
800 2259 961 2332 ampliorem
981 2260 1044 2318 uin-
1097 2281 1145 2337 epo
1154 2280 1228 2332 cum,
1239 2261 1276 2318 ait
1285 2260 1427 2331 Dominus,
1436 2275 1533 2319 corum
1546 2258 1653 2330 cupariis
1664 2259 1893 2331 licilucnmao).

248 2358 378 2425 caretque
399 2349 427 2405 in
441 2365 474 2406 eo
499 2365 608 2406 sensum
623 2363 762 2422 corporeae
780 2348 916 2422 passionis
931 2349 1044 2407 internae
1096 2355 1128 2410 ln
1151 2368 1185 2410 ca
1204 2347 1287 2427 igitur
1309 2347 1469 2422 imperfecta
1482 2347 1630 2418 uoluntate,
1646 2346 1675 2402 in
1697 2363 1752 2420 qua
1774 2347 1896 2405 saluatur

247 2437 444 2509 compassionis
471 2436 602 2505 allectus;
629 2445 659 2493 ut
685 2425 903 2514 illorum'magis
928 2438 1043 2510 scelera,
1097 2441 1168 2515 quis,
1192 2439 1240 2497 ubi
1265 2439 1343 2496 deest
1371 2437 1485 2494 facultas
1512 2436 1613 2509 operis,
1628 2451 1685 2508 pam
1701 2431 1768 2492 'non
1796 2437 1895 2492 εειιειι

248 2543 330 2602 qnam
344 2542 394 2583 sua
407 2525 519 2584 uulnera
531 2526 685 2599 plangeret.
703 2525 743 2582 Sit
760 2527 879 2583 ioannes
901 2527 974 2599 apud
997 2543 1045 2584 an·
1096 2537 1191 2602 posset
1201 2534 1314 2603 propter
1327 2527 1464 2584 delectum
1474 2525 1577 2597 operis,
1586 2524 1630 2582 vel
1643 2524 1895 2597 opusdelcctionis.

247 2613 324 2688 gelos
345 2611 428 2671 188
447 2622 560 2686 martyr,
576 2614 688 2690 quibus,
710 2622 839 2687 tanquam
861 2613 1045 2686 spiritualibus
1097 2619 1173 2676 ldern
1185 2633 1252 2676 vero
1270 2623 1298 2674 et
1317 2616 1346 2672 in
1364 2615 1518 2690 ignorantia
1541 2622 1634 2686 posset
1655 2613 1791 2673 accidere.
1805 2615 1896 2670 dimn-

247 2703 390 2772 crcaturis,
419 2701 552 2773 spiritulia
581 2702 734 2758 deuotionis
756 2705 818 2773 ejus
840 2703 919 2778 signa
946 2705 1046 2762 certius
1097 2708 1185 2763 lemur
1199 2705 1315 2777 proinde
1328 2704 1497 2772 charitatem,
1514 2711 1542 2759 ει
1556 2709 1693 2758 sectemur
1713 2703 1785 2759 bona
1800 2718 1895 2775 opera,

247 2792 433 2848 innotuerunt.
455 2791 591 2846 Caeterum
614 2789 642 2844 hi
665 2797 728 2845 sunt
740 2789 822 2862 plane
846 2799 979 2862 martyres
996 2791 1044 2861 tui,
1098 2795 1195 2853 fratres
1209 2795 1274 2865 mei,
1290 2809 1342 2851 nco
1355 2791 1529 2863 infirmitatis,
1539 2806 1591 2847 nco
1606 2791 1766 2864 ignorantiae
1782 2801 1896 2862 peccata

247 2881 333 2947 Deus,
348 2885 378 2934 nt
399 2877 426 2933 in
447 2877 546 2952 quibus
560 2893 612 2934 nec
624 2877 708 2934 homo
727 2893 778 2934 nec
792 2877 906 2950 angelus
918 2880 1045 2936 meritum
1098 2884 1152 2941 ullo
1167 2884 1249 2942 modo
1263 2881 1503 2956 parvipendentes.
1521 2879 1606 2952 liagis
1630 2887 1720 2936 autem
1739 2880 1847 2938 solliciti
1870 2889 1895 2936 ct

247 2967 364 3034 inuenit,
378 2965 523 3039 singularis
537 2973 590 3022 tuae
613 2965 791 3038 praerogativa
814 2967 911 3039 gratiae
932 2967 1045 3026 eviden—
1098 2972 1227 3042 timorati,
1241 2987 1355 3048 agamus
1373 2970 1474 3046 gratias
1482 2967 1683 3042 benignissimo
1699 2975 1728 3024 ει
1739 2968 1894 3040 largissimo

248 3056 303 3114 tius
321 3057 538 3112 commendetur.
562 3056 604 3111 Ex
619 3070 668 3111 ore
687 3053 832 3111 tutantium
844 3065 872 3113 et
889 3056 1045 3114 lactentium
1099 3062 1243 3134 salvatori,
1267 3061 1313 3134 qui
1336 3062 1462 3117 humanae
1482 3057 1576 3114 salutis
1596 3057 1755 3114 occasiones
1777 3067 1833 3113 tam
1849 3073 1895 3114 co-

248 3143 388 3220 perlecisti
405 3143 515 3202 laudem
537 3143 625 3218 (Paul.
641 3158 700 3214 vrit,
715 3144 751 3215 al.
770 3145 865 3202 Gloria
885 3145 1047 3205 iucacelst's
1098 3151 1176 3225 piosa
1198 3149 1328 3207 charitate
1352 3147 1494 3222 perquirit,
1517 3153 1548 3204 ut
1569 3147 1598 3202 in
1621 3146 1663 3203 his
1684 3147 1851 3204 uoluntatem
1869 3156 1897 3202 ει

249 3238 315 3305 lico,
331 3233 533 3306 angelidicunt,
544 3239 572 3292 ct
586 3237 618 3290 iu
633 3238 712 3290 terra
729 3249 790 3306 pau
806 3233 955 3292 homnibus
969 3238 1047 3295 bocca
1061 3190 1177 3314 copus,
1201 3239 1229 3295 in
1252 3239 1294 3294 his
1322 3237 1381 3294 sine
1400 3253 1484 3311 opere
1507 3236 1683 3304 voluntatem,
1697 3235 1726 3292 in
1748 3235 1791 3292 his
1814 3235 1897 3291 ctiam

247 3325 408 3382 uoluntatis
423 3325 497 3392 (Luc.
514 3339 543 3390 ιι,
560 3322 615 3396 ll).
636 3323 734 3397 Magna
747 3322 869 3396 quidem,
884 3325 943 3397 sed,
958 3325 1048 3382 audeo
1100 3329 1159 3387 sine
1183 3328 1322 3387 voluntate
1346 3342 1419 3400 opus
1441 3324 1535 3383 salutis
1557 3325 1681 3384 inveniro
1704 3325 1823 3392 lactetur,
1848 3325 1896 3397 qui

248 3411 351 3483 diacre,
378 3411 495 3468 necdum
522 3409 646 3484 perlecta
671 3411 740 3483 laus,
769 3412 857 3468 donec
882 3412 974 3470 veniat
1001 3413 1048 3487 qui
1100 3417 1157 3480 vult
1174 3433 1270 3475 omnes
1284 3416 1410 3474 homines
1432 3417 1522 3475 salvos
1545 3413 1613 3483 fieri,
1638 3413 1714 3473 etad
1728 3412 1897 3488 agnitionem

249 3500 321 3558 dicat
339 3519 344 3559 :
363 3503 452 3559 Sinite
470 3502 603 3574 paruulos
627 3501 664 3558 acl
682 3518 728 3560 mc
740 3504 846 3572 ucuirc,
861 3503 929 3576 quia
944 3504 1048 3562 iulium
1101 3507 1143 3566 sui
1156 3508 1261 3566 venire.
1276 3506 1340 3564 Haeo
1355 3513 1397 3562 cst
1416 3505 1490 3564 cnim
1503 3503 1557 3561 uita
1577 3511 1690 3575 aeterna,
1705 3511 1735 3560 ιιι
1748 3518 1898 3576 cognosca-

249 3596 422 3664 cstrcpuum
435 3589 694 3661 ciclorumllluttli.
709 3607 764 3662 xix,
782 3592 841 3664 tt);
858 3599 947 3664 etpax
961 3590 1048 3649 homi·
1100 3615 1163 3655 mus
1190 3599 1300 3654 Patrem
1323 3611 1417 3655 verum
1439 3595 1538 3661 Deum,
1554 3601 1582 3650 et
1604 3609 1686 3666 quem
1711 3591 1785 3648 misit
1804 3593 1897 3649 lesum

251 3680 342 3750 nibus,
372 3678 454 3737 etiam
480 3677 540 3734 sine
571 3678 715 3736 uoluntatis
746 3696 796 3736 ιιειι
823 3679 851 3735 in
878 3689 1047 3740 sacramento
1101 3687 1238 3745 Christum
1266 3687 1361 3758 (locu.
1390 3699 1460 3756 xvir,
1485 3684 1524 3758 3),
1551 3683 1596 3758 qui
1624 3699 1695 3740 unus
1708 3699 1772 3740 cum
1795 3697 1830 3739 co
1851 3698 1899 3739 ιε-

249 3767 370 3844 Ρῑθῑθῑῑῧ·
986 3841 989 3846 ,
1102 3795 1149 3836 rus
1172 3782 1214 3834 εει
1236 3777 1310 3834 Deus
1335 3791 1418 3847 snper
1433 3773 1525 3833 omnia
1547 3772 1707 3832 benedictus
1736 3771 1764 3829 in
1788 3771 1898 3831 saecula.

285 3862 313 3917 3.
343 3856 522 3916 considerent
542 3859 601 3916 haec
622 3857 668 3932 qui
691 3859 727 3915 de
749 3875 833 3932 opere
859 3868 888 3918 ει
908 3862 1050 3922 voluntate
1080 3891 1082 3895 ·
1102 3871 1201 3928 Amen.

250 3946 427 4007 contentiosis
449 3947 538 4006 solent
565 3944 793 4022 disputationibus
810 3950 956 4025 corrixari3
980 3969 1049 4012 oon·

805 4113 845 4178 ιιι
869 4076 1167 4188 ειιιειιιιειειοιιι
1190 4118 1341 4186 nonius.

570 4211 689 4273 satiato
708 4213 727 4270 l·
1063 4240 1086 4317 ss
1103 4221 1188 4281 multo
1202 4221 1302 4279 certius
1317 4220 1415 4293 probat
1429 4220 1515 4278 l’atris
1536 4220 1671 4291 divinitas,
1688 4221 1834 4297 integritas
1846 4238 1903 4278 ma·

251 4339 776 4412 llelectionecucupclicu.·l>ostpuum
784 4345 1050 4402 cousummatisuut
1103 4312 1161 4370 ωε·
1182 4311 1310 4368 summus
1325 4311 1454 4368 ”cm
1474 4319 1524 4379 ⁶⁸²*
1543 4328 1627 4385 quem
1646 4327 1699 4369 ¹¹⁰⁰
1711 4327 1795 4384 811ΡΘΓ
1810 4318 1901 4384 pm·

288 4413 346 4469 dics
360 4416 431 4483 octo,
447 4413 481 4467 ut
496 4410 749 4468 circumcideretur
761 4413 848 4480 Puer,
863 4416 993 4472 uocatum
1007 4419 1049 4474 est
1102 4417 1154 4459 ¹¹2⁰
1173 4415 1257 4473 8ιῑιιθι
1269 4408 1357 4459 malle
1376 4399 1628 4471 ⁰⁰¹¹l⁸miss⁸¹¹d¹¹mr
1648 4400 1845 4474 lll⁰l³hssltlt1m
1860 4408 1904 4456 ιιι

287 4497 392 4540 mm
406 4486 469 4555 ‘lui
486 4482 577 4540 ¹0³2&
595 4501 607 4535 ⁸
623 4481 700 4552 (tur.
718 4495 748 4551 ¹¹2
764 4482 821 4554 2¹l·
1102 4488 1393 4562 integimentum,
1410 4491 1455 4563 ll)
1469 4489 1559 4563 potius
1573 4505 1654 4564 quam
1668 4491 1837 4548 mmdatum.
1855 4492 1905 4550 Est

288 4576 313 4626 t.
330 4569 491 4627 Audivimus
506 4569 600 4641 paucis
621 4583 782 4642 expressum
796 4585 927 4643 magnum
940 4573 1049 4648 pietatis
1101 4571 1176 4636 anun
1190 4578 1239 4636 tibi
1262 4581 1342 4637 r‘ater
1356 4579 1391 4635 ab
1405 4585 1517 4649 aetamo,
1542 4581 1591 4638 sed
1615 4580 1688 4638 Deus
1703 4587 1756 4650 cst,
1774 4579 1863 4639 189
1876 4582 1905 4639 in

251 4666 470 4716 sacramentum:
483 4658 635 4716 audiuimus
645 4672 795 4731 congruam
804 4658 950 4718 lectionem
960 4663 1049 4724 Verbo
1102 4685 1183 4743 quem
1196 4677 1339 4742 peccatum
1352 4685 1408 4727 non
1421 4670 1502 4740 cadit,
1513 4671 1562 4728 Est
1576 4679 1604 4728 et
1617 4677 1751 4728 materen
1764 4679 1903 4746 ternpore,

251 4748 408 4806 abbreviato
426 4749 500 4822 quod
520 4748 584 4806 lecit
607 4745 740 4806 Dominus
760 4765 845 4824 super
866 4757 977 4836 terram.
992 4754 1048 4810 Ab·
1101 4759 1151 4816 sed
1164 4757 1258 4832 ιιίιῃος
1273 4774 1326 4816 nec
1342 4774 1441 4830 parere
1463 4759 1551 4833 potuit
1572 4759 1740 4834 inconuptio
1760 4771 1906 4835 corrupte·

252 4838 404 4896 breviatum
434 4839 508 4895 enim
540 4839 569 4894 in
601 4853 694 4910 carne,
726 4839 843 4912 amplius
875 4841 1050 4900 abbreviatur
1100 4847 1166 4904 lain.
1190 4847 1278 4921 Super
1296 4849 1355 4905 haeo
1375 4851 1467 4908 omnia
1490 4849 1692 4908 circumciditur
1710 4853 1791 4918 Puer,
1806 4853 1904 4925 dgnus

252 4934 379 4999 suscepta
410 4926 492 4982 etiam
524 4927 614 4984 carnis
644 4927 861 4988 circumcisione.
899 4929 1049 4989 llinoratns
1101 4935 1162 4994 sine
1176 4937 1282 4994 macula
1298 4954 1306 4992 z
1322 4936 1374 4994 etsi
1401 4953 1458 4994 uon
1471 4939 1555 5012 egnit,
1575 4947 1667 4997 ιειιιειι
1682 4939 1768 4998 voluit
1785 4940 1906 4998 circum·

252 5015 334 5088 panlo
349 5014 439 5070 minus
462 5015 496 5071 ab
511 5014 616 5088 angelis
629 5015 678 5073 Dei
702 5015 795 5088 Filius,
811 5019 957 5076 humanam
971 5027 1050 5077 natu·
1102 5023 1165 5082 cidi.
1180 5026 1240 5083 Nec
1253 5025 1398 5102 vestigium
1418 5027 1530 5100 quidem
1543 5027 1628 5086 ullum
1640 5028 1762 5088 vulneris
1784 5027 1905 5102 habens,

253 5119 313 5160 ram
327 5102 429 5174 induit3
444 5103 493 5159 sed
508 5104 630 5174 jamnae
645 5105 734 5178 ipsum
748 5121 882 5180 respuens
897 5109 1049 5168 remedium
1103 5114 1273 5188 alligaturam
1288 5131 1344 5172 non
1357 5116 1458 5194 refugit
1472 5117 1602 5177 uulneris.
1617 5120 1679 5178 Non
1693 5119 1733 5177 sic
1746 5119 1834 5192 impii,
1847 5135 1905 5178 non

254 5195 380 5252 humana
393 5193 593 5268 {corruptionis
620 5194 701 5269 plane
728 5196 814 5254 mnlto
841 5197 992 5257 minoratus
1014 5203 1051 5258 ab
1103 5205 1160 5275 sio;
1175 5221 1230 5263 uon
1246 5205 1285 5263 sic
1300 5205 1355 5280 agit
1368 5207 1533 5278 perversitas
1547 5207 1673 5268 eudonis
1685 5211 1822 5267 humana.
1833 5211 1906 5267 Eru-

254 5283 303 5342 eis.
332 5285 424 5343 Habes
446 5284 589 5360 igiturhic
610 5300 739 5361 magnum
761 5285 827 5343 fidei
845 5285 1048 5362 documentum,
1103 5295 1240 5352 besoimus
1261 5295 1405 5352 vulnerum
1426 5296 1582 5372 ligaturam,
1611 5299 1658 5372 qui
1684 5300 1720 5358 dc
1744 5297 1908 5359 vuccanus

254 5375 340 5430 habes
365 5382 393 5430 ει
420 5373 596 5432 manifestum
627 5377 784 5433 humilitatis
812 5381 979 5453 exemplum.
1007 5381 1051 5438 ltd
1102 5383 1241 5450 interdum
1262 5385 1344 5443 etiam
1366 5386 1523 5460 gloriamur.
1544 5387 1633 5459 Quem
1648 5405 1730 5447 nemo
1750 5395 1843 5463 potest
1856 5407 1907 5447 ar·

255 5462 320 5536 quid
334 5460 408 5520 enim
422 5462 472 5520 tibi
485 5463 657 5550 circumcisio
667 5466 832 5539 necessaria,
849 5469 896 5543 qni
909 5461 1051 5544 peccatum
1104 5488 1189 5546 fluere
1203 5474 1239 5532 de
1251 5483 1375 5548 peccato,
1390 5475 1450 5550 ipse
1473 5477 1578 5549 peccati
1597 5479 1765 5552 recaredium,¹
1777 5489 1806 5536 ει
1824 5496 1908 5538 rere·

255 5565 312 5610 non
336 5551 499 5612 commisisti
520 5569 572 5612 nec
598 5556 777 5614 contrasistit
805 5556 885 5628 Quod
907 5558 966 5630 lpse
994 5575 1052 5616 non
1104 5563 1224 5620 cundum
1247 5564 1350 5636 pariter
1368 5573 1396 5623 ει
1415 5573 1566 5640 austerum,
1582 5567 1641 5626 sine
1665 5569 1719 5626 ulla
1737 5570 1906 5628 necessitate

255 5640 365 5714 leceris,
393 5649 460 5700 satas
485 5644 654 5717 manifestam
688 5646 761 5721 quod
789 5661 845 5704 nou
873 5647 1051 5722 mutareris,
1104 5651 1238 5726 suscepit3
1257 5669 1309 5714 nec
1323 5655 1423 5729 repulit
1436 5657 1553 5718 cultrum
1563 5657 1716 5733 lapideum,
1730 5659 1759 5718 in
1773 5661 1906 5736 quosolu
