4118 6346
185 465 237 520 373
687 491 691 496 ·
730 483 732 490 ·
776 467 825 522 bb
842 465 871 522 S.
893 464 1042 523 victoira
1059 461 1177 522 sunno
1197 465 1234 522 ll.
1321 487 1325 502 ·
1777 469 1832 526 374

181 583 328 642 considero
350 601 413 658 quae
426 587 688 660 mibi-apponuntur:
715 591 828 648 dantum
849 597 893 647 est
914 591 980 647 mibi
995 601 1020 684 st
1035 589 1123 658 nibus,
1146 587 1190 646 cui
1217 589 1355 646 hominum
1383 600 1496 662 peccata
1518 594 1602 650 donet
1624 593 1780 651 misericors
1803 599 1833 649 et

181 674 286 748 eligere
310 691 380 741 msa,
398 682 427 732 et
438 675 527 731 aliena
541 691 595 732 non
617 685 742 752 tangere.
759 679 819 736 Non
832 679 979 736 extendam
1033 677 1176 734 miserator
1200 677 1348 736 Dominus:
1365 679 1448 736 babet
1470 689 1578 752 tompus
1596 690 1625 738 et
1647 681 1736 740 locum
1746 681 1830 738 iuter·

180 777 292 820 manum
311 765 346 820 ad
360 765 472 840 gloriam
492 765 692 832 miraculorum,
717 783 752 823 ne
766 767 790 824 si
808 773 984 825 attemmero·
1033 765 1148 824 cedendi
1158 765 1827 842 piusetntiscricorsadvocatus3equidemlocum

181 852 256 926 quod
279 853 399 925 desuper
412 867 467 910 non
487 853 589 926 accepi,
605 855 717 926 perdam
739 857 837 914 merito
852 863 880 914 et
904 857 978 929 quod
1033 855 1154 927 qustum
1169 865 1197 912 ct
1219 863 1326 926 tempus
1347 855 1483 912 feriatum.
1505 857 1630 912 lutern's
1642 859 1716 914 visus
1730 867 1783 926 est,
1797 867 1828 915 ut

180 940 277 997 videor
299 941 445 1012 accepisse.
461 943 522 998 Non
545 942 606 999 levo
620 959 682 1000 curn
704 943 751 1002 illo
774 946 868 1002 oculos
891 947 926 1001 ad
940 944 978 1000 ri-
1032 951 1107 1000 esset
1123 943 1262 1016 exempl03
1279 943 1307 999 in
1320 943 1417 1001 οωΙιιιιι
1432 943 1537 1000 levatus
1550 949 1602 1014 est,
1618 951 1648 1000 ut
1662 945 1696 1001 sit
1711 946 1829 1016 patroci-

182 1030 282 1085 manda
293 1033 400 1086 secreta
414 1029 546 1097 ooelestia,
561 1047 596 1088 ne
620 1046 767 1105 oppressus
781 1049 797 1088 a
811 1035 900 1106 gloria
914 1050 978 1092 con·
1033 1031 1087 1088 nio.
1103 1030 1153 1090 llic
1164 1031 1292 1088 informat
1305 1033 1340 1088 ad
1355 1033 1446 1097 vitam.
1471 1032 1526 1088 illic
1539 1032 1635 1088 intitul
1648 1032 1683 1088 td
1702 1033 1813 1108 gloriam

182 1118 259 1175 fnsus
278 1117 407 1184 resiliam,
430 1135 493 1176 sero
520 1121 681 1194 confugiens
699 1123 732 1178 ad
757 1124 898 1180 consilinm
925 1125 976 1181 Sa-
1031 1121 1129 1178 Factus
1152 1128 1194 1178 est
1207 1122 1341 1178 mediator
1359 1121 1395 1176 ad
1423 1137 1548 1196 regnum,
1569 1121 1615 1194 qui
1643 1121 1673 1176 iit
1703 1121 1827 1179 incitator

181 1207 291 1278 pientis,
307 1206 356 1280 qui
369 1207 421 1263 ait:
438 1209 548 1267 differo
563 1213 635 1268 tene
649 1213 804 1283 ᾳιιωιίενιζι,
820 1217 848 1269 ef
857 1214 979 1284 {cribro
1033 1210 1067 1265 ad
1081 1225 1159 1281 opus.
1175 1213 1265 1268 Bonus
1279 1211 1422 1275 mediator,
1436 1211 1482 1283 qui
1496 1210 1548 1266 sibi
1561 1211 1616 1280 jam
1631 1209 1772 1281 postulans
1786 1210 1827 1265 ni·

183 1299 211 1350 tc
223 1309 260 1350 nc
270 1300 424 1354 'cominius
437 1299 527 1367 fucris
537 1299 634 1368 (dccli.
648 1315 690 1368 ιιι,
706 1303 762 1372 ιιι).
778 1301 896 1358 infertur
906 1318 978 1358 men·
1032 1297 1079 1364 hil,
1094 1305 1179 1356 totum
1194 1300 1222 1354 in
1238 1313 1288 1356 nos
1303 1299 1450 1354 transferre
1463 1298 1601 1355 desiderat
1615 1307 1643 1356 et
1651 1297 1828 1368 supplicantis

181 1384 218 1440 sis
235 1385 328 1440 vinum
348 1400 448 1442 novum
471 1403 601 1458 aquarum
616 1389 789 1458 rubentium
814 1405 869 1448 non
886 1399 978 1464 tango,
1033 1385 1160 1442 affectum
1175 1395 1203 1443 et
1215 1387 1419 1460 supplicationis
1437 1387 1563 1444 ductum.
1581 1388 1652 1458 Quid
1667 1387 1739 1443 enim
1751 1403 1825 1458 quan-

181 1472 243 1544 quia
259 1487 314 1528 non
328 1473 394 1530 mihi
408 1477 560 1546 appositum
579 1479 635 1534 seio
649 1477 826 1549 quisimiliter
843 1481 978 1537 clementa
1032 1483 1074 1529 ml
1085 1475 1146 1540 sibl,
1162 1476 1208 1547 (11¹5
1223 1475 1323 1532 millius
1338 1475 1426 1550 edel?
1445 1475 1578 1531 D⁰¹¹¹¹¹¹¹¹⁸
1592 1481 1737 1533 ⁰⁰fl⁵0ll³²
1751 1491 1825 1544 eum,

181 1567 294 1628 mutare,
310 1571 422 1619 natans
436 1565 568 1622 innovare
586 1581 641 1622 non
663 1567 751 1624 valeo.
767 1569 857 1625 uerno
870 1570 935 1624 uem
949 1570 977 1623 m
1032 1571 1059 1617 et
1072 1561 1191 1618 vivificat
1204 1579 1276 1630 eum,
1294 1571 1322 1620 et
1336 1566 1445 1621 beatum
1460 1564 1524 1621 facit
1542 1581 1603 1621 eum
1619 1565 1647 1620 iu
1661 1565 1767 1638 gloria:
1784 1564 1828 1620 ni-

181 1651 403 1707 mensallictoris
416 1653 731 1726 angelosillumaudisse
745 1663 885 1713 canentes.
901 1658 978 1712 Nun·
1032 1651 1069 1706 hil
1088 1652 1125 1707 illi
1147 1654 1235 1709 deerit
1257 1653 1284 1709 in
1306 1655 1366 1710 loco
1389 1671 1497 1725 pascue
1518 1656 1659 1712 collocato.
1684 1655 1748 1712 llaec
1768 1653 1828 1711 dies

181 1739 247 1809 quid
262 1739 396 1796 videboet
410 1756 462 1811 ego
473 1742 816 1814 minisupcrnosemiberi
831 1752 973 1801 cantores:
1031 1740 1156 1811 gloriosae
1179 1742 1348 1816 migrationis
1363 1745 1432 1814 ejus,
1449 1743 1508 1800 dies
1529 1744 1629 1801 laetitiae
1643 1743 1733 1800 cordis
1747 1743 1825 1813 ejus,

181 1837 229 1883 aut
238 1835 312 1884 certe
322 1827 486 1886 citharoedos
495 1829 555 1886 illos
569 1831 603 1887 de
613 1831 776 1903 Apocalypsi
787 1847 879 1889 eoram
888 1849 932 1888 me
942 1835 978 1888 ci·
1032 1830 1196 1885 exsultemus
1209 1837 1237 1884 et
1252 1830 1375 1887 laetemur
1398 1833 1426 1886 in
1446 1847 1488 1888 aa.
1509 1832 1631 1888 Introivit
1649 1832 1829 1904 impotentias

88 1959 90 1966 .
181 1917 313 1972 tbarizare
323 1915 350 1971 in
364 1917 474 1974 citharis
483 1918 539 1974 suis
550 1925 562 1976 ι
575 1918 669 1993 (dpoc.
679 1935 738 1990 xiv,
747 1923 785 1987 2.)
802 1923 922 1993 imperat
931 1920 977 1977 ille
993 1901 1015 1978 Β
1031 1917 1153 1984 Dumium
1169 1918 1346 1992 gaudeamus,
1358 1919 1420 1990 quia
1431 1936 1503 1974 nunc
1517 1920 1656 1991 potentior
1669 1927 1712 1975 est
1725 1919 1759 1976 ad
1773 1921 1828 1974 sal·

179 2005 351 2060 daemonibus
364 2006 452 2062 adnuo
467 2005 494 2062 in
504 2021 618 2078 corpore
629 2008 734 2076 vivens,
748 2009 868 2067 vinctum
881 2011 910 2064 in
920 2025 978 2066 cor·
1031 2006 1159 2062 vandum.

178 2107 247 2164 pore
266 2092 345 2148 solvit
359 2108 474 2167 corpore
487 2097 544 2166 jum
563 2095 677 2152 solutus.
692 2098 751 2152 Cibi
765 2106 837 2165 sunt,
857 2099 976 2154 sednon
1066 2098 1091 2149 2.
1101 2094 1284 2150 llodieVictor
1300 2095 1387 2165 posito
1398 2109 1600 2167 corporequos
1615 2094 1825 2169 ⁵⁰l⁰proepedifi

178 2181 248 2252 mei;
264 2182 389 2253 equidem
401 2183 513 2252 incundi
530 2193 556 2240 et
572 2184 669 2256 sapidi,
683 2186 731 2241 sed
747 2201 802 2242 non
816 2186 904 2258 tangit
916 2186 977 2243 illos
1030 2183 1064 2236 ub
1078 2182 1188 2237 introitu
1194 2182 1287 2256 gloriae
1294 2182 1446 2248 videbatur,
1454 2189 1530 2238 tanto
1540 2183 1663 2253 alacrior,
1674 2193 1776 2255 quanto
1783 2201 1828 2242 ex-

178 2271 269 2325 anima
283 2285 354 2336 urea,
373 2271 500 2342 quoniam
516 2287 570 2327 „011
587 2281 628 2329 ess
650 2273 724 2346 inopi
739 2275 814 2346 mihi,
830 2275 903 2330 unde
918 2274 975 2330 sus.
1031 2267 1156 2338 peditior,
1173 2269 1327 2340 penetravit
1336 2269 1362 2322 in
1373 2277 1478 2336 sancta,
1490 2268 1585 2324 similis
1595 2269 1682 2326 factus
1697 2271 1726 2326 in
1741 2271 1838 2343 gloria

178 2357 266 2412 liciam
289 2358 353 2414 talia
379 2360 535 2416 redhibere.
551 2360 588 2415 At
611 2361 633 2416 si
648 2361 793 2432 diligenter
818 2363 974 2431 considero,
1031 2362 1195 2411 tanculfum·
1208 2356 1339 2412 H⁰d10d0
1353 2356 1646 2414 ¹¹0li⁵⁵iffl⁰⁶ihl¹mffi
1663 2359 1734 2428 1⁰⁶0,
1745 2375 1836 2430 quern*

178 2462 243 2504 eece
266 2463 322 2520 prae
336 2449 421 2504 oculis
443 2449 471 2504 in
498 2465 594 2506 mensa
616 2451 713 2517 sancei,
738 2453 975 2523 consummatori,
1032 2443 1083 2498 sibi
1093 2459 1127 2498 er
1135 2445 1247 2500 consilio
1257 2444 1403 2501 Salvatoris
1411 2444 1544 2518 elegerat,
1556 2446 1730 2519 ipsosummo
1744 2453 1824 2519 patro

177 2535 329 2608 disciplina³
344 2536 433 2608 vigor,
458 2538 609 2595 sanctitatis
633 2540 783 2610 speculum,
802 2541 865 2596 vitoe
878 2541 975 2615 forma,
1031 2532 1147 2588 familias
1166 2543 1308 2602 evocante,
1329 2549 1412 2590 verus
1426 2534 1529 2590 amicus
1551 2536 1675 2592 aseendit
1693 2536 1828 2607 saperius,

176 2623 283 2680 virtutis
296 2623 414 2696 insigne.
429 2627 493 2681 llaec
506 2643 523 2680 a
537 2642 580 2682 me
595 2634 622 2682 et
637 2629 742 2699 absque
765 2631 976 2700 presumptione
1032 2630 1059 2677 ot
1073 2629 1116 2679 est
1129 2622 1167 2677 illi
1181 2622 1268 2693 gloria
1282 2637 1372 2678 coram
1393 2621 1472 2677 simul
1486 2622 1729 2679 discumbentibus.
1744 2623 1830 2682 llodle

175 2722 331 2779 sumuntur,
358 2721 385 2768 et
408 2713 554 2770 salubriter
583 2715 774 2774 insumuntur:
800 2725 828 2773 et
852 2716 875 2772 si
897 2718 976 2775 dissi·
1031 2711 1162 2782 despecto
1185 2711 1297 2776 mundo,
1324 2717 1353 2766 el
1386 2711 1480 2766 mundi
1504 2712 1628 2784 principe
1653 2712 1829 2784 triumphato,

175 2801 261 2868 mulo,
282 2800 403 2857 districte
413 2807 607 2872 reposcuntur.
1030 2815 1113 2872 supra
1135 2800 1263 2855 mundum
1278 2813 1343 2854 vere
1367 2798 1462 2855 Victor
1485 2801 1619 2867 ascendit,
1642 2799 1779 2872 accipiens
1793 2803 1828 2860 de

213 2891 239 2944 5·
256 2888 329 2943 dudi
351 2890 440 2945 adhuc
459 2905 583 2961 quaenam
607 2891 682 2947 mihi·
698 2893 759 2964 iure
783 2893 907 2965 apposita
929 2911 976 2966 pu.
1030 2903 1111 2944 manu
1131 2887 1238 2944 Domini
1265 2901 1393 2943 coronam
1422 2889 1554 2945 victoriae.
1580 2890 1713 2946 Ascendit
1739 2897 1830 2948 autem

177 2981 243 3031 tem.
259 2975 287 3031 Si
311 2980 410 3047 panem
426 2977 527 3034 doloris
550 2985 578 3034 et
592 2979 683 3034 viuum
707 2981 922 3051 compunctionis
940 2982 975 3038 de
1030 2989 1091 3032 oum
1105 2977 1237 3032 immensa
1260 2975 1423 3046 supellectili
1437 2977 1606 3046 meritorum,
1630 2977 1718 3034 claras
1732 2979 1827 3036 trium·

176 3063 269 3120 divitis
285 3077 379 3120 mensa
392 3065 533 3130 obtuleris,
551 3066 615 3122 tollo
638 3082 749 3124 securus
762 3069 809 3140 qui
825 3085 884 3125 sum
904 3085 974 3141 pan·
1029 3065 1101 3134 plis,
1127 3063 1262 3119 miraculis
1290 3062 1434 3138 gloriosus.
1460 3065 1558 3121 Pausat
1587 3066 1666 3121 miles
1688 3069 1831 3136 emerium.

176 3167 228 3223 per
242 3159 270 3206 et
283 3152 370 3222 inops.
392 3153 479 3207 lirum
505 3153 569 3208 mihi
584 3154 709 3226 lacrymae
732 3171 801 3212 meae
821 3173 907 3229 panes
929 3158 973 3214 die
990 3195 1013 3275 c
1029 3161 1130 3224 etpost
1156 3153 1265 3209 labores
1287 3152 1456 3224 sudoresque
1471 3170 1556 3210 sacrae
1580 3163 1698 3226 peractae
1726 3155 1829 3213 militie

175 3249 296 3298 annecte
311 3243 396 3314 (Psoi.
413 3259 470 3312 xcv,
487 3245 525 3314 i),
542 3254 570 3302 et
584 3246 709 3316 poculum
724 3263 814 3304 meum
831 3263 892 3304 cum
908 3249 974 3306 fletu
1025 3243 1131 3300 locatur
1152 3240 1278 3308 feliciter,
1294 3251 1440 3296 coronatur
1463 3241 1625 3300 sublimiter.
1651 3243 1748 3299 Anima
1767 3247 1828 3316 ejus

175 3327 296 3385 miscebo
310 3327 398 3400 (Psoi.
414 3347 451 3396 ct,
468 3331 523 3402 tu).
544 3334 609 3388 Pars
627 3350 688 3389 mea
712 3336 779 3405 baec,
795 3335 841 3408 qui
856 3334 974 3391 dolenda
1027 3332 1055 3388 in
1077 3328 1157 3386 bonis
1169 3327 1366 3385 demorabitur.
1384 3328 1491 3397 Quaeris
1505 3330 1574 3385 ubi?
1597 3331 1664 3387 Cuor
1677 3332 1825 3402 Abrabam,

176 3417 381 3475 commisi.'Nec
398 3435 443 3476 me
471 3429 563 3477 tamen
586 3421 700 3496 pigebit,
725 3433 754 3480 ut
781 3424 894 3486 aestimo.
921 3423 972 3481 cibi
1027 3420 1100 3474 lsaac
1116 3423 1143 3473 et
1156 3417 1240 3472 Jacob
1254 3415 1281 3470 in
1298 3421 1384 3490 regno'
1401 3415 1543 3472 roelorum.
1560 3419 1598 3472 lta
1612 3435 1674 3474 cnm
1689 3419 1786 3476 talibus
1801 3430 1829 3477 et

176 3507 274 3578 huius3
290 3508 418 3580 quoniam
442 3511 488 3580 qui
502 3511 629 3581 apposuit
650 3513 803 3584 scientiam,
828 3511 932 3569 addidit
946 3519 974 3569 et
1027 3507 1072 3562 tali
1086 3507 1114 3562 in
1128 3506 1187 3562 loeo
1202 3504 1255 3560 sibi
1276 3505 1369 3569 sedet;
1385 3504 1464 3560 sedet
1489 3505 1594 3561 excelsa
1614 3513 1643 3562 et
1657 3507 1769 3581 fulgida,
1784 3525 1829 3565 se·

176 3594 311 3651 dolorem.
326 3593 380 3652 Sed
396 3603 424 3651 et
438 3597 461 3651 si
476 3597 673 3669 temperantia,
699 3601 720 3654 si
734 3600 854 3670 justitian,
872 3601 895 3657 si
909 3617 974 3672 pru·
1027 3597 1074 3652 det
1087 3593 1241 3652 letabunda
1264 3599 1291 3648 et
1305 3592 1434 3659 laudansa
1460 3594 1541 3650 sedet
1559 3595 1675 3652 delicata
1689 3607 1717 3653 et
1731 3607 1827 3654 ornata

176 3683 277 3740 dentiae
305 3683 349 3740 vel
372 3685 537 3740 fortitudinis
559 3689 683 3758 exempla
700 3699 859 3761 appareant,
876 3705 908 3745 ea
927 3689 973 3745 in·
1027 3683 1172 3742 monilibus
1186 3683 1252 3748 suis,
1267 3682 1366 3752 supera
1381 3682 1467 3754 malis,
1483 3682 1575 3740 fulcita
1595 3685 1721 3751 floribus;
1737 3686 1825 3756 sedet,

176 3782 338 3830 cunctanter
351 3787 439 3840 sumo,
455 3772 546 3829 sciens
568 3775 632 3847 quia
646 3777 710 3832 talia
724 3786 832 3850 oportet
845 3793 890 3834 me
905 3795 976 3850 pra·
1027 3775 1137 3845 inquam
1153 3771 1219 3836 sibl,
1230 3781 1315 3827 vdent
1329 3771 1410 3834 turis,
1422 3771 1527 3828 deliciis
1541 3773 1667 3839 affluens,
1684 3776 1827 3832 abundans

175 3877 285 3934 parare.
301 3861 366 3919 llaec
389 3861 454 3917 milri
472 3863 583 3934 apponi,
605 3865 664 3919 hec
687 3881 758 3920 ame
781 3867 926 3938 repetitum
941 3869 974 3924 iri
1028 3861 1076 3919 otii
1091 3871 1119 3917 et
1133 3859 1233 3931 quietis
1248 3857 1282 3912 ad
1296 3857 1448 3914 vacandum
1466 3860 1617 3930 sapientiae.
1634 3860 1700 3929 Que
1714 3863 1784 3919 sedit
1799 3871 1829 3920 et

176 3967 232 4008 non
246 3951 351 4007 dubito.
376 3949 503 4022 Numquid
526 3951 605 4022 signu
619 3957 647 4007 et
670 3953 794 4028 prodigia
815 3937 975 4027 erigendaa
1029 3949 1103 4007 flevit
1117 3945 1573 4018 superflumina'Babylonis,sadet
1584 3949 1664 4004 modo
1675 3950 1709 4004 ad
1722 3951 1826 4008 fontem

177 4039 257 4096 nobis
268 4035 355 4097 985
367 4043 440 4109 sunt,
455 4045 485 4093 ut
499 4054 531 4094 ea
546 4040 622 4097 diviti
636 4041 754 4098 vicissim
773 4045 976 4114 praeparemus?
1028 4040 1100 4106 vitae
1116 4046 1143 4093 et
1157 4035 1327 4094 conversatio
1348 4034 1385 4089 illi
1400 4049 1479 4090 secus
1508 4044 1654 4092 torrentem
1670 4039 1826 4110 voluptatis,

176 4127 295 4197 Fratres,
311 4142 375 4184 vasa
388 4125 493 4183 suntin
508 4129 639 4185 honorem
659 4131 695 4184 illi
714 4130 761 4203 qui
776 4147 827 4188 nos
841 4133 973 4201 invitavit,
1029 4128 1107 4198 cujus
1129 4125 1246 4198 impetus
1268 4121 1386 4180 laetiiicat
1409 4124 1546 4180 civitatem
1573 4125 1633 4182 Dei.
1658 4127 1834 4184 lnvcnitaibi¹

177 4231 232 4272 non
246 4216 299 4272 cibi
321 4231 480 4288 pauperum.
496 4217 535 4272 To
559 4233 626 4292 ergo
641 4219 687 4291 qui
706 4218 835 4276 invitatus
849 4235 889 4287 es,
915 4220 976 4277 diii.
1029 4215 1131 4271 fontem
1155 4215 1305 4282 hortorum,
1329 4222 1442 4284 putenm
1466 4227 1595 4287 aquarum
1614 4214 1771 4288 viventium,
1799 4224 1830 4272 et

176 4303 432 4376 genterconsidera
456 4303 521 4376 quid
540 4303 588 4359 tibi
606 4304 661 4373 ille,
677 4307 743 4378 quid
758 4307 868 4364 sibimet
889 4323 975 4382 appo·
1029 4321 1090 4360 cum
1114 4303 1281 4358 Samaritana
1305 4309 1415 4373 potatur
1439 4319 1508 4374 aqua
1523 4304 1663 4375 sapientiae
1690 4305 1826 4376 salutaris,

176 4390 274 4448 suerit.
290 4391 348 4446 Non
364 4391 436 4446 euim
451 4391 580 4464 quidquid
595 4392 623 4447 in
637 4409 732 4450 mensa
753 4397 910 4468 apponitur,
927 4398 975 4454 tibi
1029 4400 1127 4448 utnon
1151 4391 1224 4447 sitiat
1238 4391 1265 4446 in
1289 4397 1433 4447 aeternum.
1448 4392 1534 4446 Datur
1554 4391 1592 4447 illi
1611 4392 1645 4448 de
1661 4393 1750 4448 fructu
1765 4394 1838 4450 ma·'

177 4479 419 4552 apponitur,⁴Quid
434 4481 457 4536 si
479 4480 506 4535 in
521 4481 618 4552 poculo
641 4497 724 4538 aureo
742 4483 824 4542 fuerit
843 4486 974 4559 propina·
1029 4497 1113 4537 nuum
1135 4495 1255 4547 suarum,
1273 4491 1301 4536 et
1314 4479 1426 4536 laudant
1439 4495 1501 4536 eam
1514 4480 1541 4536 in
1558 4481 1642 4551 portis
1656 4496 1739 4552 opera
1754 4483 1827 4553 ejus,

178 4565 328 4624 cuminon
339 4567 464 4639 poculum
480 4569 539 4634 tibi,
554 4568 604 4626 sed
618 4577 699 4640 potus
712 4571 875 4642 apponitur:
897 4589 975 4631 sume
1030 4577 1058 4626 et
1085 4569 1219 4643 gloeiatur
1245 4567 1400 4624 testimonio
1428 4569 1621 4642 conscientiae3
1652 4570 1826 4627 conscientie

177 4664 272 4730 potum
296 4662 323 4711 ct
350 4669 422 4727 pone
450 4673 556 4712 aurum.
584 4656 657 4731 Ergo
690 4659 813 4728 exempla
840 4661 975 4718 bonorum
1029 4659 1090 4714 dico
1114 4673 1179 4728 suae,
1204 4671 1260 4712 non
1282 4655 1405 4711 alterius.
1435 4657 1520 4712 Sedet
1538 4655 1627 4712 media
1654 4657 1825 4731 angelorum,

175 4761 292 4817 operum
315 4751 344 4800 et
367 4745 556 4802 rectitudinem
571 4761 677 4802 morum
692 4746 885 4818 paterfamilias
899 4766 975 4807 com·
1029 4747 1112 4815 digna
1130 4745 1210 4818 plane
1225 4759 1319 4800 eorum
1333 4744 1473 4800 consortio
1497 4759 1611 4816 quorum
1626 4745 1761 4803 desiderio
1781 4747 1828 4804 lla-

175 4833 297 4890 munient
309 4834 347 4889 ica
370 4834 535 4903 domesticis,
551 4843 580 4890 nt
604 4835 811 4910 prerogativam
835 4837 886 4893 sibi
907 4840 975 4895 reti·
1029 4842 1100 4909 grat,
1115 4831 1231 4904 puritate
1240 4831 1318 4897 nitet,
1329 4832 1487 4887 castimonia
1498 4832 1650 4889 decoratur.
1662 4833 1748 4891 Sedet
1756 4835 1829 4891 inter

176 4929 243 4979 neat
256 4923 284 4977 in
299 4922 445 4979 miraculis.
468 4925 498 4979 ln
512 4923 555 4978 his
577 4931 670 4979 tamen
691 4933 773 4996 atque
791 4925 842 4982 illis
855 4927 900 4984 ille
914 4929 975 5000 glo·
1030 4922 1167 4993 apostolos
1194 4921 1235 4976 vir
1258 4919 1412 4991 apostolice
1430 4921 1538 4992 gratiae3
1564 4939 1615 4978 nec
1640 4931 1683 4979 est
1710 4925 1783 4996 quod
1797 4942 1828 4981 se

177 5009 325 5066 rificandus
339 5019 389 5080 est,
415 5013 493 5083 cuius
508 5019 550 5068 est
564 5027 662 5068 munus
673 5021 769 5068 sancte
792 5013 883 5071 vivere
898 5017 977 5087 cujus
1030 5011 1179 5069 abscondat
1195 5027 1210 5065 a
1224 5023 1311 5065 cuneo
1326 5011 1533 5082 prophetarum,
1548 5011 1684 5084 quiquam
1699 5013 1735 5068 illi
1753 5029 1826 5086 prae-

176 5099 264 5155 virtus
279 5099 358 5173 signa
382 5097 482 5166 facere,
498 5099 586 5171 quiin
610 5100 743 5156 Trinimte
764 5102 887 5174 perfecta
910 5105 976 5161 vivit
1030 5100 1166 5166 dixerunt,
1181 5097 1339 5170 glorificavit
1354 5108 1382 5154 et
1395 5100 1512 5170 portavit
1525 5099 1552 5154 in
1567 5116 1681 5170 corpore
1697 5118 1755 5159 suo.
1772 5103 1826 5158 Ne·

178 5193 208 5244 et
222 5195 320 5261 regnat
333 5187 406 5242 Deus
421 5185 448 5242 in
461 5187 560 5242 saecula
573 5188 743 5244 seculorum.
760 5195 858 5246 Amen.
1030 5190 1084 5262 qbe
1099 5205 1129 5245 se
1158 5194 1234 5258 putat
1256 5203 1271 5241 a
1285 5186 1437 5244 victoriosis
1450 5196 1599 5258 martyrum
1624 5188 1715 5245 choris
1736 5188 1828 5244 Victor

490 5275 607 5330 suello
633 5276 666 5331 ll.
1031 5285 1125 5335 noster
1134 5275 1281 5332 arcendum
1291 5276 1337 5349 qui
1347 5275 1451 5332 duroot
1462 5275 1827 5348 dinturnommartyrio

199 5367 239 5418 ·l.
259 5363 384 5420 Gaudete
396 5363 423 5418 ln
437 5363 563 5430 Domino,
579 5363 754 5431 dilectissimi,
766 5365 810 5438 qni
825 5366 897 5423 inter
911 5383 977 5424 con·
1030 5367 1167 5424 viventem
1177 5366 1216 5422 sui
1231 5367 1353 5437 corporis
1367 5367 1480 5422 hostiam
1494 5367 1650 5424 immolavit.

177 5455 255 5508 tinua
270 5465 325 5508 sure
336 5452 443 5523 pietatis
455 5451 588 5507 beneficia
602 5451 713 5508 indulsit
723 5453 859 5512 bominem
874 5459 976 5516 mundo
1066 5459 1093 5512 3.
1115 5456 1199 5511 Sedet
1217 5462 1362 5511 veteranus
1380 5455 1466 5520 miles,
1477 5455 1569 5513 debita
1581 5459 1637 5525 jam
1653 5457 1785 5515 suavitate
1800 5466 1828 5516 et

178 5541 258 5611 cujus
273 5539 350 5596 multi
373 5541 543 5596 salvarentur
556 5541 690 5613 exemplo.
713 5541 813 5598 lterum
826 5542 897 5610 dico,
913 5563 975 5620 gau·
1030 5543 1177 5602 securitate
1193 5544 1317 5615 quietum
1333 5559 1444 5602 securus
1469 5545 1578 5617 quidem
1592 5545 1655 5618 sibi,
1679 5547 1727 5603 sed
1743 5549 1829 5605 nostri

177 5629 255 5696 dete,
271 5629 344 5701 quod
353 5626 440 5684 factus
449 5630 483 5685 de
494 5628 584 5685 medio
593 5629 762 5702 appropiavit
770 5631 840 5697 Deo,
854 5641 885 5688 ut
894 5631 977 5690 multo
1030 5635 1169 5693 sollicitus.
1184 5637 1246 5693 Non
1268 5635 1339 5694 enim
1363 5649 1426 5692 cum
1440 5635 1584 5707 putredine
1608 5639 1682 5694 carni
1705 5638 1785 5695 simul
1798 5655 1828 5695 se

177 5718 274 5791 plnres
287 5717 559 5788 ejus-intercessione
573 5718 720 5778 salvemur.
736 5719 824 5778 ilabet
838 5737 871 5779 ex
885 5723 976 5780 homi·
1031 5725 1105 5782 enuit
1119 5723 1269 5784 visceribus
1292 5723 1416 5799 pietatis3
1438 5737 1492 5782 uec
1505 5725 1557 5783 sibi
1577 5725 1717 5786 sicindnit
1730 5725 1827 5784 stolam
