3996 6350
249 361 289 422 43
724 352 753 412 S.
781 351 947 414 psaltae!
965 351 1102 412 teptvts
1122 351 1430 421 clettmvltttttlSls
1870 370 1908 430 tl

251 483 372 542 sanctior
384 474 535 536 universis!
551 474 653 534 Overc
663 475 773 550 lignum
786 477 859 547 vitae,
874 478 947 549 quod
962 477 1048 533 solunt
1065 496 1089 574 Α
1108 477 1262 548 humanam,
1278 481 1372 553 inqua
1386 493 1591 556 agnosceretur,
1611 486 1699 544 induit
1713 488 1838 559 formam,
1855 494 1909 565 qui

248 571 299 629 fuit
322 572 431 642 Quum
460 573 570 636 portare
598 563 713 622 fructum
738 566 846 620 sulutisl
873 565 1049 636 Deprehensa
1105 564 1232 622 nimirum
1257 568 1285 622 in
1311 570 1402 628 divina
1430 573 1518 630 lucem
1554 575 1657 632 habitat
1684 577 1908 637 inaccessibilem

249 670 300 730 est,
316 656 434 731 maligne
445 669 571 725 serpens,
587 654 706 712 versutia
722 663 777 718 tua,
798 654 898 710 nudata
914 661 955 710 est
968 654 1049 726 plane
1103 653 1128 722 (l
1146 657 1214 712 lim
1231 672 1270 726 vr,
1282 660 1338 728 lb).
1353 659 1411 717 Nee
1424 676 1491 718 saue
1504 662 1648 738 inglorium
1659 667 1797 736 majestati
1812 684 1906 741 appa-

248 753 350 809 ialsitas
364 759 420 808 tus.
437 749 497 806 Duo
511 750 683 821 imposueras
707 750 850 817 Creatori;
869 749 1003 806 mendacii
1022 756 1049 804 ει
1103 757 1164 799 rare
1180 745 1207 799 in
1222 748 1333 819 propria
1348 748 1523 807 similitudine
1547 769 1606 818 sua,
1636 769 1717 826 quam
1742 755 1843 814 iecerat
1865 760 1906 814 ab

247 841 356 898 invidiae
372 839 555 896 infamaveras
567 853 630 893 eum
648 856 655 891 ε
671 838 763 893 sedin
778 844 895 912 utroque
909 837 1049 896 convietus
1102 829 1191 897 initio,
1207 850 1258 892 neo
1273 836 1413 909 indignum
1427 839 1494 909 Deo,
1506 855 1522 896 a
1536 839 1632 912 quibus
1647 842 1674 897 in
1689 843 1907 902 substantiam

248 946 279 986 es
293 946 356 986 esse
367 927 508 985 mentitus.
525 925 663 998 Siquidem
680 934 708 982 et
722 926 756 981 ab
771 925 848 982 initio
867 927 982 983 moritur
1005 925 1049 982 eui
1103 935 1158 978 non
1171 931 1278 994 poterat
1301 927 1423 997 agnosci,
1449 928 1476 983 in
1499 929 1615 1001 imagine
1644 933 1785 988 exhiberi:
1808 945 1838 991 nt
1852 938 1903 1007 qui

248 1021 358 1076 dixeras
374 1021 568 1092 :Nequaquam
579 1015 801 1088 memoriefflee.
818 1032 859 1087 ιιι,
875 1018 919 1088 il:
938 1023 964 1072 ct
980 1015 1050 1072 verl-
1105 1011 1210 1068 iecerat
1237 1013 1374 1072 bominem
1403 1017 1439 1072 ad
1469 1017 1616 1092 imaginem
1632 1028 1661 1075 et
1694 1021 1906 1080 similitudinem

249 1117 291 1164 a„
308 1107 412 1164 pomini
428 1105 559 1164 maneti„
573 1113 706 1161 {eternum
721 1106 811 1172 (psal,
837 1123 912 1171 cm,
929 1109 968 1175 ε),
995 1105 1049 1160 Sed
1104 1112 1190 1166 suam,
1207 1099 1431 1170 ipsehominibus
1446 1104 1629 1163 innotesceret
1641 1108 1830 1168 iactusbomo.

250 1205 278 1252 et
292 1211 364 1252 nuno
377 1194 523 1267 responde,
539 1192 561 1248 si
573 1199 662 1264 potes,
677 1208 758 1265 quam
774 1193 800 1248 ei
819 1192 955 1262 arborem,
972 1193 1050 1263 eujus
1139 1187 1166 1241 ι.
1186 1189 1271 1258 liujus
1285 1206 1351 1264 argo
1374 1194 1507 1251 adventus
1520 1203 1602 1252 ιεειει
1629 1198 1789 1268 majestatis,
1819 1209 1905 1256 tantae

250 1285 357 1344 arboris
371 1284 487 1339 fructum
510 1281 632 1338 invidere
647 1280 743 1353 poluit,
767 1281 813 1353 qui
841 1296 877 1336 ne
903 1282 973 1336 hanc
988 1280 1049 1352 qui.
1106 1273 1273 1345 humiliimis,
1302 1288 1384 1336 181]ῑὲ
1413 1282 1560 1349 Charilaus,
1594 1291 1676 1341 ianlae
1705 1287 1786 1342 eiiam
1815 1288 1905 1360 glori·

251 1376 314 1432 dem
328 1373 432 1444 virgam
447 1369 573 1436 electam,
589 1375 616 1424 et
630 1367 746 1424 iruotum
762 1366 905 1423 sublimem
921 1366 1052 1438 negavit?
1106 1359 1240 1420 secationis
1258 1365 1341 1424 m
1356 1376 1456 1426 nostrae
1470 1371 1504 1426 ab
1527 1373 1653 1430 universa
1672 1374 1793 1431 Ecclesia
1818 1377 1907 1432 semel

250 1462 359 1520 Etenim
383 1459 430 1533 qui
456 1456 566 1530 proprio
589 1455 656 1511 Filio
678 1471 734 1511 non
760 1457 894 1528 pepercit,
914 1456 1051 1528 quomedo
1106 1445 1217 1506 inanno
1231 1450 1504 1511 solemnismemoria
1532 1457 1695 1515 celebratur.
1721 1459 1776 1516 Sed
1798 1468 1903 1517 utinam

250 1567 304 1610 non
318 1550 409 1608 omnia
424 1546 504 1603 simul
518 1561 579 1603 cum
600 1544 649 1602 illo
672 1545 783 1603 donavit
796 1546 910 1617 ?(llom.
925 1560 985 1615 vrrr,
995 1545 1052 1616 ³2.)
1107 1535 1144 1591 ila
1158 1539 1244 1596 semel
1257 1550 1397 1614 ageretur,
1412 1549 1442 1600 1¹2
1470 1547 1596 1618 semper!
1612 1547 1640 1602 id
1654 1548 1754 1620 quippe
1781 1549 1902 1622 deuius.

285 1647 312 1698 5.
327 1641 382 1698 Sed
392 1641 447 1708 iam
462 1635 628 1707 advertistis,
652 1634 681 1689 ni
704 1632 793 1703 fallor,
817 1635 945 1706 quoniam
971 1635 1052 1710 Virgo
1108 1625 1428 1692 Quasslaeessimipseniae
1443 1642 1494 1699 esi.
1511 1643 1540 1690 ul
1565 1643 1626 1706 posi
1656 1636 1723 1692 tanti
1748 1638 1831 1713 llegis
1854 1639 1905 1694 ad·

251 1731 327 1805 regia
341 1730 399 1801 ipsa
415 1735 458 1784 εει
472 1726 527 1791 via,
543 1739 593 1796 per
617 1741 700 1798 quam
724 1723 846 1782 &luctor
865 1723 975 1780 advenit
990 1739 1053 1794 pro.
1108 1723 1229 1782 ventum,
1246 1717 1305 1771 aliis
1331 1719 1496 1791 quibuslibet
1521 1722 1640 1795 negotiis
1668 1724 1791 1782 homines
1809 1725 1904 1794 velint,

251 1821 352 1878 cedens
366 1834 401 1874 ex
415 1815 501 1887 ipsius
511 1818 601 1880 utero,
615 1817 743 1885 tanquam
757 1827 875 1884 sponsus
887 1812 921 1868 de
934 1810 1053 1869 thalamo
1070 1795 1093 1873 Β
1109 1817 1160 1858 θθῑῑ
1172 1805 1290 1860 audeant
1305 1807 1451 1880 <imperit
1468 1816 1496 1864 θῑ
1510 1825 1564 1866 ¹¹0ss
1579 1811 1676 1882 magis,
1688 1813 1797 1870 omissis
1815 1815 1904 1870 omni·

250 1925 310 1966 suo.
325 1907 464 1966 Tenentes
479 1919 545 1975 ergo
559 1893 640 1975 viam,
656 1917 736 1975 qoam
762 1900 863 1972 priore,
880 1902 903 1958 si
927 1900 1053 1958 memini.
1109 1890 1169 1983 bus,
1184 1891 1234 1948 soli
1249 1893 1308 1963 eJus
1323 1895 1405 1952 cultui
1422 1905 1527 1965 vacent,
1543 1913 1595 1954 nec
1622 1900 1650 1954 in
1677 1902 1737 1972 ejus
1759 1904 1905 1974 presentia

251 1994 310 2065 stis,
330 1991 462 2064 coepimus
495 1987 661 2062 investigare
686 2001 824 2056 sermone,
851 1985 1010 2042 studeamus
1025 1993 1054 2042 et
1108 1979 1767 2053 cujusquammeminerintcaeterorumlSednon
1781 1991 1904 2048 oninium

252 2097 314 2150 nos,
329 2075 550 2147 dileetissimi,ad
565 2074 662 2148 ipsum,
681 2089 731 2146 ρει
753 2090 814 2132 earn
832 2073 992 2143 ascendere,
1008 2075 1054 2146 qui
1109 2069 1239 2141 estquod
1255 2071 1292 2126 ait
1309 2073 1443 2145 Proplreta
1454 2092 1460 2132 :
1471 2076 1631 2136 llcmeriom
1641 2077 1825 2138 abundantio
1834 2097 1905 2138 suo·

252 2187 302 2245 per
316 2170 402 2243 ipsam
413 2168 447 2224 ad
462 2181 512 2223 nos
527 2163 687 2222 deseendit:
704 2180 754 2236 per
764 2179 825 2222 eam
843 2164 939 2222 venire
949 2165 977 2219 in
992 2180 1053 2236 pra·
1109 2159 1212 2215 vitetis
1230 2163 1287 2218 tuoe
1297 2163 1470 2222 eructatum
1483 2163 1568 2236 (Psoi.
1585 2181 1680 2235 ειιειιι,
1694 2168 1722 2236 7)
1746 2184 1752 2222 ;
1768 2167 1904 2240 siquidem

254 2260 316 2317 qam
331 2259 426 2331 ipsius,
442 2255 548 2329 quippe
561 2269 620 2311 eam
636 2253 665 2308 in
682 2260 805 2309 nestram
819 2251 1050 2311 miseriamvenit.
1109 2261 1161 2302 neo
1175 2263 1271 2306 omnes
1286 2250 1836 2330 lraeememoriapascit.Sauenemoqnod
1848 2273 1904 2314 non

253 2349 305 2407 Per
318 2357 345 2405 te
361 2361 500 2404 accessum
514 2343 662 2400 habeamus
675 2339 711 2397 ad
736 2341 843 2408 Filium,
871 2357 888 2400 e
909 2341 1052 2398 benedicta
1106 2337 1234 2408 gustavit,
1249 2340 1297 2394 sed
1313 2356 1403 2411 neque
1418 2342 1491 2413 quod
1507 2351 1609 2398 tantum
1632 2345 1762 2417 gustarit,
1786 2355 1902 2404 aructat.

251 2435 387 2494 inventrix
398 2435 503 2508 gratiae,
533 2430 652 2504 genitrix
671 2431 744 2498 vitae,
773 2437 862 2488 mater
882 2430 996 2486 salutis:
1021 2433 1051 2487 ut
1107 2424 1208 2481 Rectus
1222 2425 1324 2500 quippe
1344 2445 1397 2485 nun
1427 2430 1478 2487 nisi
1497 2431 1531 2488 de
1555 2433 1721 2504 plenitudiue
1736 2441 1762 2491 et
1776 2436 1904 2492 satietate

250 2535 338 2601 perte
351 2541 402 2581 nos
416 2522 554 2595 suscipiat,
571 2520 616 2592 qui
632 2537 683 2593 per
693 2526 720 2576 ιε
734 2521 814 2577 datus
824 2526 866 2576 est
886 2519 974 2582 nobis.
994 2521 1050 2576 Ex·
1105 2515 1243 2584 procedit.
1256 2518 1404 2590 Propterea
1418 2519 1532 2592 quorum
1555 2523 1693 2580 saecularis
1715 2532 1757 2582 est
1774 2541 1854 2582 mens
1874 2537 1903 2584 et

251 2621 328 2672 auset
345 2612 416 2684 apud
430 2611 518 2683 ipsum
533 2607 676 2683 integritas
689 2605 851 2680 tuaoulpam
872 2615 971 2664 nostrae
990 2623 1051 2664 eor·
1105 2601 1170 2670 visa,
1186 2603 1345 2658 memoriam
1374 2607 1444 2663 banc
1470 2608 1522 2663 etsi
1550 2608 1699 2678 eelebrent,
1727 2625 1782 2668 uon
1810 2621 1903 2668 ιεειει

250 2701 394 2777 ruptionis,
410 2709 437 2755 ει
459 2697 596 2754 humilitas
625 2696 683 2752 Deo
711 2703 789 2768 grate
818 2705 918 2752 nostra
944 2694 1050 2752 veniam
1105 2698 1234 2747 eructant
1248 2692 1306 2749 sine
1320 2694 1466 2752 devotione
1480 2703 1509 2752 ει
1518 2697 1663 2756 allectione
1681 2699 1741 2756 dies
1749 2700 1818 2758 istos
1827 2700 1902 2756 arida

251 2793 380 2863 impetret
400 2784 524 2844 vanitati.
548 2783 666 2855 copiosa
689 2783 805 2840 ειιιιιιεε
828 2791 873 2840 tua
897 2790 1050 2841 nostrorum
1106 2780 1224 2851 quedem
1245 2783 1442 2840 consuetudine
1466 2785 1653 2844 observantes.
1676 2789 1810 2861 Denique,
1829 2791 1902 2863 quod

252 2877 394 2952 cooperiat
416 2872 616 2930 multitudinem
639 2878 824 2946 peecatorum,
845 2879 873 2928 ει
897 2872 1052 2930 fecunditas
1107 2867 1288 2926 damnabilius
1309 2881 1361 2940 est,
1388 2872 1448 2944 ipsa
1475 2889 1584 2946 quoque
1607 2875 1802 2934 inestimabilis
1822 2879 1903 2949 buius

251 2968 372 3042 gloriosa
393 2963 589 3022 fecunditatem
621 2961 699 3019 noeis
726 2961 849 3018 eonlerat
881 2961 1050 3018 meritorum.
1106 2956 1274 3030 dignationis
1288 2960 1510 3018 memoriadatur
1527 2963 1555 3019 in
1569 2965 1741 3023 occasionem
1755 2966 1858 3035 carnis,
1871 2974 1902 3022 nt

253 3053 370 3110 Domina
385 3057 486 3120 nostra,
503 3045 647 3104 mediatrix
670 3055 774 3113 nostra,
790 3045 921 3102 advocata
947 3052 1050 3113 nostra,
1105 3048 1200 3106 videas
1213 3064 1261 3106 eos
1275 3056 1351 3105 tanta
1372 3049 1555 3109 sollicitudine
1578 3053 1677 3112 diebus
1705 3053 1763 3111 istis
1785 3057 1901 3114 vestiunt

253 3153 301 3201 tuo
317 3140 383 3196 Filio
397 3153 449 3196 nos
459 3135 618 3204 reconcilia,
645 3141 691 3190 tuo
712 3133 780 3191 Filio
802 3149 853 3191 nos
879 3134 1050 3204 commenda,
1067 3105 1089 3184 c
1107 3137 1231 3209 gloriam,
1250 3138 1373 3195 ciborum
1383 3156 1482 3211 parare
1496 3141 1620 3211 delicias,
1635 3156 1667 3200 ae
1687 3145 1711 3200 si
1729 3145 1786 3200 lraeo
1810 3153 1836 3202 ει
1852 3145 1902 3201 ltu-

253 3240 300 3289 tuo
314 3227 442 3287 uoslllio
458 3232 635 3298 representa.
650 3225 716 3294 Fae,
730 3239 748 3280 o
762 3223 916 3288 benedicta,
928 3239 977 3296 ρει
991 3239 1053 3300 gra-
1107 3222 1225 3292 jusmodi
1252 3229 1356 3296 quaerat
1378 3224 1563 3282 innativitate
1591 3241 1640 3283 sna
1661 3227 1792 3296 Christus,
1814 3235 1842 3284 et
1864 3229 1902 3283 ibi

252 3323 318 3378 tiam
331 3333 413 3394 quarn
427 3315 567 3382 invenisti,
582 3313 854 3386 perpraerogativam
882 3327 964 3386 quam
990 3327 1051 3368 me·
1106 3311 1268 3384 suscipiatur
1281 3309 1399 3384 dignius,
1421 3313 1467 3369 ubi
1481 3315 1540 3371 lraeo
1554 3317 1705 3372 aoeuratius
1726 3315 1900 3373 exhibentur.

252 3409 340 3480 rnisd,
365 3422 416 3478 ρει
443 3401 657 3462 misericordiam
680 3416 761 3474 quam
789 3401 918 3473 peperisti
946 3401 1051 3474 [oliae
1107 3396 1162 3454 Sed
1177 3398 1265 3470 ipsum
1280 3399 1343 3456 audi
1358 3399 1905 3477 dicentem:Seperdooculoetioseis'u-

253 3496 421 3572 percepisti]‚
438 3493 527 3564 utqui
543 3499 570 3547 ιε
583 3489 722 3546 mediante
736 3489 796 3546 lieri
806 3491 933 3564 dignatus
941 3498 985 3546 εει
992 3504 1053 3563 par-
1105 3486 1337 3556 dilacerassent
1347 3489 1397 3546 boc
1411 3506 1469 3548 ooo
1489 3492 1601 3550 ειειειε
1619 3493 1708 3564 (Ptol.
1724 3510 1751 3562 ε,
1769 3495 1806 3566 b).
1832 3493 1903 3564 Quid

252 3589 345 3658 ticeps
358 3583 523 3640 infirmitatis
537 3587 564 3636 et
577 3579 695 3635 miseria
708 3585 820 3646 nostra,
847 3586 876 3635 te
890 3593 999 3651 quoque
1013 3577 1053 3634 in·
1105 3582 1191 3630 tanta
1205 3575 1352 3633 ambitione
1371 3583 1463 3635 vestes
1477 3595 1557 3651 paras
1570 3579 1598 3637 in
1612 3582 1709 3640 Natale
1722 3582 1836 3639 meum?
1849 3582 1902 3639 de-

253 3668 571 3742 tereedentepartieipes
587 3665 723 3724 leeiatnos
733 3666 865 3739 gloriaest
878 3666 1053 3724 beatitudinis
1107 3671 1195 3722 testor
1210 3681 1262 3742 ego
1277 3667 1444 3739 superbiam,
1469 3683 1525 3725 uon
1549 3670 1706 3742 amplector.
1735 3671 1805 3742 Quid
1829 3677 1903 3728 anta

253 3777 320 3830 suae,
335 3761 413 3816 lesus
442 3756 569 3812 Christus
598 3754 682 3810 Filius
704 3761 767 3810 tuus
785 3753 918 3810 Dominus
949 3764 1052 3827 noster,
1108 3753 1290 3812 sollicitudine
1309 3755 1432 3812 ciborum
1448 3756 1543 3829 copias
1560 3757 1669 3830 reponis
1691 3758 1720 3816 in
1743 3769 1851 3832 tempus
1871 3761 1903 3816 il-

217 3857 226 3872 *
255 3851 301 3926 qui
319 3856 361 3908 est
380 3861 464 3920 super
482 3846 573 3902 omnia
596 3843 670 3900 Deus
699 3841 859 3900 benedictus
888 3842 916 3900 in
942 3843 1050 3900 saeoula.
1107 3841 1181 3897 lud?
1201 3841 1302 3900 damno
1317 3859 1350 3900 eo
1365 3844 1455 3900 earnis
1469 3844 1591 3920 delicias,
1605 3863 1660 3904 nou
1682 3855 1804 3922 accepto.
1821 3849 1903 3905 Plane

253 3940 352 3997 tmen,
687 3944 693 3954 ·
1108 3929 1270 3987 insatiabilis
1284 3947 1314 3987 εε
1323 3933 1416 3999 εειιιε,
1435 3940 1509 3990 tanta
1526 3949 1636 4006 paraus,
1650 3943 1679 3992 et
1692 3943 1785 3992 extant
1800 3935 1902 4010 longe;

555 4001 673 4060 SERMO
704 4001 750 4058 ῙΠ·
1109 4034 1173 4074 ιιειιι
1187 4019 1402 4096 εειρειίιιιιειιε
1416 4031 1443 4078 ει
1457 4021 1586 4095 pauciora
1605 4023 1774 4094 sufficerent,
1793 4031 1822 4080 et
1844 4041 1905 4098 qnae

255 4103 291 4158 ¹²⁶
302 4098 413 4170 'fiilia'
423 4095 536 4152 ”timidi
550 4090 687 4157 adimus
703 4095 732 4146 ⁶²
745 4091 778 4146 de
789 4095 896 4163 κρίθη
912 4093 1053 4150 &hillidii
1109 4111 1546 4182 possentopportuniusinveniri.
1563 4113 1711 4170 celebrans
1721 4129 1788 4192 erqo
1802 4112 1904 4172 adven·

415 4198 486 4256 iiim
494 4182 528 4236 ²7³
539 4179 619 4239 ”Obii
633 4180 740 4250 mim
751 4177 891 4236 dimili·
1109 4205 1165 4253 tum
1184 4214 1286 4268 meum,
1301 4199 1380 4255 labiis
1393 4216 1437 4255 me
1452 4202 1580 4274 honoras,
1597 4203 1647 4258 sed
1661 4217 1709 4260 oor
1721 4211 1796 4260 tuum
1822 4203 1905 4280 longe

292 4297 318 4350 ι.
332 4292 363 4345 ln
378 4289 506 4345 Adventu
519 4284 628 4341 Dentini
646 4299 728 4357 quem
751 4281 933 4355 celebramus,
949 4285 971 4342 si
987 4301 1052 4357 per·
1108 4293 1150 4343 est
1165 4306 1181 4342 a
1194 4303 1249 4344 me.
1260 4289 1322 4345 Non
1336 4305 1381 4345 ma
1395 4289 1472 4357 colis,
1493 4291 1542 4346 sed
1563 4292 1631 4348 deus
1654 4300 1716 4348 tuus
1729 4296 1826 4350 venter
1849 4299 1903 4362 est,

255 4395 350 4437 sonam
369 4374 506 4434 venientis
529 4373 648 4440 intueor,
679 4387 734 4428 nou
756 4371 836 4444 cepio
864 4374 1051 4432 excellentiam
1109 4383 1138 4431 ει
1152 4377 1244 4448 glorie
1263 4376 1466 4435 inconfusione
1482 4379 1540 4435 tibi.
1556 4379 1784 4453 lnlclixomnino,
1800 4381 1907 4455 quive-

255 4466 417 4542 majestatis.
432 4465 461 4521 Si
479 4463 592 4519 attendo
607 4461 643 4517 ad
656 4476 726 4533 quos
746 4462 864 4529 venerit,
887 4462 1052 4537 dignationis
1068 4418 1090 4496 Β
1107 4460 1239 4533 luptatem
1255 4462 1389 4534 eorporis,
1405 4469 1433 4521 ει
1457 4464 1593 4520 secularis
1607 4464 1671 4521 colit
1690 4465 1784 4540 gloriae
1798 4466 1904 4525 vanita-

254 4555 472 4630 magnitudinem
492 4565 657 4624 expavesco.
675 4549 793 4622 Stupent
822 4556 898 4607 εειιε
912 4555 1001 4626 angeli
1015 4555 1050 4612 de
1108 4557 1175 4605 tem.
1192 4549 1292 4608 Beatus
1305 4558 1397 4608 autem
1406 4552 1532 4623 populus,
1548 4553 1625 4624 eujus
1639 4562 1682 4610 est
1693 4553 1823 4610 Dominus
1832 4553 1907 4610 Dens

254 4661 336 4714 nero,
352 4645 480 4703 videntes
495 4639 568 4696 inlra
582 4655 623 4709 se,
637 4653 719 4711 quem
729 4653 813 4710 supra
826 4653 856 4696 εε
863 4654 974 4714 semper
982 4643 1051 4700 ado·
1108 4639 1168 4707 eius
1184 4639 1272 4710 (Psoi.
1288 4655 1386 4709 ειιειιι,
1402 4643 1457 4710 td).

254 4745 326 4806 rant,
341 4731 486 4788 manifeste
501 4732 556 4801 jam
571 4728 752 4784 ascendentes
766 4732 795 4784 et
808 4727 1007 4786 descendentes
1016 4733 1051 4786 ad
1143 4729 1171 4781 3.
1186 4727 1306 4796 Fratres,
1322 4729 1407 4784 nolite
1422 4728 1541 4786 aemulari
1554 4729 1582 4786 in
1604 4729 1826 4806 mdignantibus,
1851 4749 1905 4789 ne-

256 4824 351 4879 Filium
366 4820 493 4878 hominis.
515 4819 545 4876 Si
562 4816 705 4876 considero
724 4824 836 4888 propter
849 4818 916 4888 quid
934 4821 1051 4884 venerit,
1109 4835 1162 4890 qne
1171 4820 1325 4878 zelaveritis
1335 4821 1466 4877 facientes
1476 4821 1643 4894 iniquitatem
1650 4823 1739 4897 (Ptol.
1751 4839 1851 4892 xxxvr,
1862 4829 1904 4898 ι).

256 4911 405 4984 amplector
420 4909 509 4982 quoad
529 4922 640 4980 pessum
656 4904 873 4963 inestimabilem
881 4906 1053 4965 latitudinem
1111 4905 1258 4978 intelligite
1278 4905 1365 4978 magis
1383 4905 1412 4961 in
1426 4907 1570 4964 novissima
1590 4925 1695 4977 corum,
1713 4916 1741 4966 et
1773 4913 1891 4984 compati

256 4997 410 5055 eharitatis.
426 4997 455 5052 Si
473 4995 584 5052 modum
603 4993 703 5066 cogito,
728 4993 919 5050 exaltationem
934 5012 1053 5067 agnosco
1112 4995 1178 5050 mini
1194 4996 1234 5049 eis
1265 5010 1298 5050 ex
1320 4994 1421 5062 animo,
1450 5002 1478 5051 ει
1500 5006 1575 5054 ειειε
1595 5014 1644 5070 pro
1672 4999 1712 5054 eis
1733 4998 1781 5071 qui
1798 5013 1907 5071 ριιιεε-

256 5091 382 5146 bumana
397 5083 574 5144 conditionis.
605 5083 687 5140 Venit
707 5080 842 5154 siquidem
869 5084 1054 5142 universitatis
1118 5083 1208 5154 eupati
1224 5091 1286 5139 sunt
1303 5083 1330 5138 in
1357 5083 1467 5143 delicto.
1492 5086 1649 5142 llaecuenim
1672 5084 1773 5142 iaciunt
1800 5087 1906 5154 nriseri,

256 5179 370 5236 Creator
385 5185 412 5231 ct
425 5171 647 5240 Dominus,venit
661 5172 695 5226 ad
707 5171 931 5239 hominesvenit
941 5184 1054 5247 propter
1111 5171 1175 5245 quia
1198 5171 1376 5244 ignorantiam
1392 5173 1442 5230 Dei
1458 5175 1569 5235 liabent.
1579 5176 1648 5231 Nam
1662 5175 1685 5231 si
1699 5175 1909 5248 cognovissent,

257 5267 393 5332 homines,
410 5264 486 5322 veuit
500 5265 591 5319 bomo.
608 5261 660 5316 Sed
678 5259 753 5316 dicet
772 5261 888 5334 aliquis:
911 5263 1054 5334 Quomodo
1112 5258 1412 5332 nunquamDominum
1429 5263 1523 5336 glortae
1544 5271 1619 5320 tanta
1640 5263 1784 5320 adversum
1807 5281 1838 5322 se
1858 5264 1907 5319 in·

256 5355 365 5413 venisse
380 5353 488 5418 dieitur,
505 5352 551 5424 qui
566 5363 677 5420 semper
691 5348 791 5422 ubique
807 5350 882 5406 luit?
909 5352 973 5408 Erat
991 5353 1053 5425 qui·
1113 5349 1191 5404 sauia
1207 5357 1395 5422 provocarent.
1412 5351 1469 5408 Nos
1482 5360 1583 5418 autem,
1599 5350 1781 5422 dilectissimi,
1792 5368 1910 5410 excusa-

256 5443 320 5500 dem
334 5443 363 5498 in
376 5440 487 5506 mundo,
503 5445 531 5496 et
544 5436 662 5494 mundus
675 5452 726 5509 per
736 5438 825 5509 ipsum
835 5438 923 5496 lactus
936 5445 989 5507 est,
1004 5438 1054 5496 sed
1110 5437 1221 5495 tionem
1234 5438 1270 5494 de
1280 5440 1494 5511 ignorantianon
1505 5441 1645 5498 habemns.
1657 5439 1821 5498 Planenosti
1831 5457 1907 5506 eum,

255 5531 375 5588 mundns
388 5544 450 5586 eum
465 5543 521 5586 non
535 5524 664 5602 εοριιειὶι
682 5525 777 5598 (Jooo.
795 5541 816 5600 ι,
832 5530 888 5600 to).
909 5529 972 5586 Non
987 5542 1054 5603 ergo
1119 5528 1242 5600 quisquis
1254 5528 1296 5585 bio
1310 5544 1350 5600 es,
1366 5529 1429 5587 etsi
1445 5529 1564 5588 dixeris:
1586 5529 1657 5599 Quia
1668 5545 1723 5587 non
1746 5530 1811 5588 novi
1830 5545 1908 5599 eum,

255 5619 385 5695 venitqui
397 5619 502 5688 uberat,
518 5617 567 5676 sed
580 5615 707 5690 apparuit
721 5631 768 5688 qur
789 5613 901 5674 latebat.
926 5615 1003 5675 Unde
1026 5623 1055 5674 et
1113 5615 1167 5673 eris
1180 5615 1275 5676 sumis
1297 5617 1482 5688 secularibus,
1502 5617 1630 5676 mendax.
1649 5619 1776 5691 Denique
1795 5617 1820 5676 si
1842 5633 1910 5676 eum
