3996 6350
10 373 13 430 ²
120 419 159 480 aa
588 419 621 481 ιι
640 417 764 480 vicum
782 416 987 479 narrvrrarrs
1004 415 1120 479 nomm
1137 417 1244 479 atauo
1264 419 1300 479 ιιι
1549 428 1551 432 ·
1729 423 1764 482 ιι

10 539 11 554 ’
119 546 249 615 [raham
262 546 422 601 nostrornm
436 544 531 616 (Apoe.
546 557 583 611 vr,
600 545 654 611 tt).
670 544 844 613 deceperunt
856 542 918 615 qui·
933 557 957 635 Α
973 541 1060 617 gessit
1070 539 1098 596 in
1122 555 1214 609 carne,
1239 539 1358 613 denique
1382 541 1499 602 fructum
1523 545 1612 603 erucis
1626 553 1654 603 et
1671 544 1764 603 mortis

120 632 184 689 dem
201 634 257 702 jam
272 631 393 703 angulas
413 631 497 688 stolas
524 649 530 686 :
555 632 605 688 sed
617 647 673 689 non
695 631 847 690 vestientur
864 632 918 687 dn·
972 646 1038 699 suas,
1054 629 1180 702 praetium
1194 630 1335 705 sanguinis
1348 632 1483 694 pretiosi?
1506 637 1603 692 Nonne
1617 634 1766 692 traditurus

10 769 12 796 ,
119 722 247 794 plicibus,
263 721 350 778 donee
363 720 509 778 vestiamur
521 727 550 776 et
566 735 626 777 nos.
652 719 734 778 vadia
749 727 875 776 tenemus
890 726 918 776 at

10 807 11 888 J
120 811 231 868 obsides
244 808 306 881 ipsa
329 823 425 866 eorum
447 823 573 882 corpora,
588 809 648 866 siue
672 808 771 882 quibus
786 825 915 866 consum-

10 965 11 982 χ
119 900 188 956 mari
203 905 392 970 non-possunt,
408 915 460 955 nec
473 914 506 955 ea
520 899 654 972 recipient
664 898 724 956 siue
734 897 821 955 nobis.
837 897 917 954 Unde

121 991 156 1046 de
167 987 326 1060 patriarchis
337 995 366 1043 et
378 987 520 1059 prophetis
529 987 567 1043 ait
575 988 737 1058 Apostolus:
752 991 806 1046 Deo
815 988 916 1046 melias

119 1078 227 1152 aliquid
235 1077 400 1149 providente
412 1078 607 1150 praecelleat
619 1093 677 1134 ooo
691 1079 752 1134 siae
765 1079 842 1134 nobis
852 1093 918 1136 coe·

118 1171 334 1224 sammoreotor
350 1166 441 1238 (hebr.
464 1181 507 1235 ιιι,
526 1167 621 1239 so).0
650 1167 672 1222 si
690 1182 918 1242 cognosceremus

117 1265 145 1312 et
158 1271 208 1312 nos
227 1256 367 1328 quomodo
381 1263 540 1326 exspectant
561 1263 588 1314 et
612 1265 739 1328 quantum
759 1254 918 1313 desiderant

118 1345 266 1402 adventurn
290 1343 430 1400 nostrum!
449 1359 531 1415 qnam
546 1345 661 1402 sollicite
677 1351 812 1418 quaerunt,
837 1361 917 1417 quam

117 1431 236 1490 libenter
254 1432 367 1488 audiunt
381 1434 452 1487 bona
466 1434 501 1488 de
515 1431 614 1488 nobisl

156 1525 182 1576 6.
203 1519 273 1586 Quid
287 1529 377 1576 tamen
396 1519 481 1574 dehis
504 1520 602 1591 loquor
630 1522 678 1594 qui
698 1521 862 1588 didicerunt,
883 1537 917 1578 ex

120 1608 238 1680 hisquae
252 1606 325 1679 passi
349 1614 423 1674 sunt,
446 1608 674 1680 compassionem,
691 1610 801 1680 qnando
817 1617 845 1664 et
866 1608 917 1679 ipsi

120 1710 171 1752 nos
186 1693 276 1766 angeli
298 1695 385 1752 saneti
407 1694 582 1752 desideranti
600 1699 699 1753 Nonne
713 1696 749 1752 de
762 1696 917 1754 vermiculis

973 727 1014 776 est
1029 735 1144 792 regnum
1157 720 1216 776 Deo
1229 726 1258 775 et
1272 719 1351 786 Patri,
1367 719 1441 792 quod
1456 721 1617 792 aequisivit?
1630 726 1726 781 Nonne
1741 725 1764 780 ei
1870 729 1872 735 '

972 816 1171 866 restauraturus
1186 818 1229 866 est
1255 816 1393 864 creaturas
1416 825 1489 876 suas,
1509 825 1558 881 pro
1573 812 1672 882 quibus
1686 813 1764 869 Pater

971 899 1045 955 illum
1069 898 1142 954 misit
1163 898 1191 953 in
1219 896 1328 954 terres?
1348 897 1497 970 Exspectat
1520 912 1570 954 nos
1598 907 1625 954 et
1647 900 1764 972 Spiritus

971 993 1093 1044 sanetus.
1121 988 1169 1043 Est
1196 987 1269 1062 enirn
1298 986 1414 1043 charitas
1434 994 1461 1044 et
1483 985 1647 1060 benignitas,
1669 989 1696 1043 in
1715 1004 1767 1061 qua

971 1076 1157 1148 predestinati
1172 1091 1267 1133 sumus
1286 1075 1321 1130 ab
1341 1079 1471 1134 aeterno:
1497 1091 1550 1132 nec
1570 1075 1683 1132 dubium
1702 1077 1768 1150 quin

971 1166 1240 1238 predestinationem
1255 1181 1332 1222 suam
1345 1164 1409 1222 velit
1422 1163 1541 1237 impleri.

1008 1258 1034 1311 8.
1050 1255 1125 1334 Ergo
1140 1255 1203 1327 quia
1224 1263 1326 1326 paratas
1345 1261 1408 1310 sunt
1421 1254 1533 1326 nuptiae,
1560 1260 1588 1310 et
1607 1253 1696 1310 omnis
1719 1269 1771 1312 nos

972 1343 1053 1400 curiae
1073 1342 1192 1400 coelestis
1220 1343 1372 1415 frequentia
1400 1342 1538 1399 desiderat
1565 1351 1592 1400 et
1614 1349 1769 1416 exspeetat;

972 1447 1113 1488 curramus
1127 1447 1183 1488 non
1197 1433 1276 1504 quasi
1297 1433 1326 1488 in
1349 1433 1502 1505 incertum;
1526 1447 1668 1489 curramus
1694 1431 1772 1489 desi·

972 1520 1056 1577 deriis
1070 1528 1099 1575 et
1111 1519 1235 1592 proiectu
1249 1521 1388 1578 virtutum.
1405 1521 1550 1588 Proicere,
1566 1521 1702 1594 proficisci
1716 1529 1770 1581 est.

971 1608 1099 1664 Dicamus
1123 1609 1241 1682 singuli:
1257 1612 1355 1682 Aspice
1373 1613 1406 1666 in
1428 1629 1483 1678 me,
1504 1614 1532 1667 st
1550 1612 1684 1668 asserere
1702 1612 1769 1680 mei,

972 1697 1771 1770 secundomjadictamdilipeotiumoomentoam(Psoi.

120 1783 189 1851 istis,
206 1791 234 1839 et
247 1783 282 1840 de
304 1783 415 1855 pulvere
438 1783 490 1840 isto
509 1783 680 1840 restaurandi
695 1793 757 1840 sunt
771 1786 841 1841 muri
858 1802 916 1842 coe·
971 1798 1070 1853 oxvru,
1088 1785 1159 1858 132).
1175 1787 1236 1842 Non
1250 1785 1320 1842 sicut
1336 1801 1389 1860 ego
1404 1786 1501 1852 merui,
1523 1787 1572 1842 sed
1586 1785 1655 1842 sicut
1669 1785 1707 1842 illi
1722 1786 1772 1842 de·

118 1872 196 1928 lastis
209 1872 379 1929 ierusalem?
392 1874 496 1930 Putatis
517 1881 649 1944 quantum
672 1873 831 1931 desiderant
844 1874 917 1931 cives
971 1873 1116 1945 creverint,
1146 1873 1289 1932 miserere.
1316 1875 1443 1932 Dicamus
1470 1874 1546 1942 item,
1575 1875 1657 1934 Sicut
1679 1876 1771 1946 suerit

119 1961 245 2018 coelestes
264 1961 411 2018 instaurari
432 1961 547 2018 eivitmh
570 1977 627 2019 suae
647 1963 761 2020 ruinas?
774 1963 917 2034 Quomodo
933 1979 955 2056 Β
970 1965 1101 2020 voluntas
1113 1964 1147 2019 in
1168 1963 1246 2030 coelo,
1267 1965 1308 2020 sie
1321 1965 1374 2035 fiet
1389 1983 1398 2020 .·
1413 1963 1543 2036 itemque,
1564 1965 1628 2020 Fiat
1641 1963 1772 2022 volontas

119 2049 227 2108 solliciti
250 2058 315 2106 sunt
340 2057 371 2106 ut
392 2052 504 2108 veniant
525 2051 630 2124 lapides
643 2051 709 2120 vivi,
733 2053 778 2122 qni
793 2051 915 2109 eoaedifi-
972 2055 1023 2108 tuo
1036 2052 1145 2125 (datto.
1162 2067 1201 2122 vr,
1223 2052 1278 2122 to),
1294 2051 1400 2108 Scimus
1424 2051 1554 2125 quoniam
1572 2051 1769 2124 scriptumest,

119 2147 216 2196 centur
231 2137 290 2196 siat
311 2141 447 2212 quomodo
467 2141 621 2197 discurrunt
643 2142 726 2198 medii
739 2141 811 2198 inter
825 2157 875 2198 nos
890 2149 917 2198 et
971 2141 1000 2197 Si
1015 2144 1085 2199 Deva
1103 2157 1153 2214 pro
1166 2141 1254 2210 nobis,
1269 2144 1332 2216 quis
1346 2145 1445 2200 contro
1459 2142 1528 2197 uos‘l
1543 2143 1597 2196 dut
1610 2141 1771 2214 qoisssoeeu·

17 2289 19 2294 ,
119 2228 215 2294 Deum,
226 2227 383 2286 fidelissime
394 2236 534 2301 portantes
547 2231 582 2285 ad
593 2246 656 2286 eum
670 2231 789 2303 gemitus
798 2237 916 2298 nostros,
970 2229 1044 2286 sebit
1061 2230 1194 2288 ιιιιιιιιιιιι
1210 2231 1310 2288 eleetos
1323 2229 1399 2288 Dei?
1415 2233 1501 2299 thom.
1518 2243 1578 2297 vrrr,
1595 2233 1640 2295 st,
1656 2231 1712 2300 33).
1728 2231 1772 2286 Ao

120 2324 148 2374 st
171 2317 256 2388 ipsius
280 2318 359 2374 nobis
385 2319 501 2391 gratiam
525 2319 701 2376 devotissime
726 2319 918 2390 reportantes?
971 2335 1028 2376 ooo
1044 2319 1117 2387 lieet,
1127 2317 1221 2392 inquit,
1232 2319 1305 2376 mihi
1318 2319 1489 2392 facerequod
1499 2317 1704 2388 volo?(llotth.
1716 2332 1770 2385 xx,

120 2407 201 2462 Plane
214 2421 269 2463 non
284 2407 506 2480 dedignabuntur
518 2413 548 2465 ut
558 2409 642 2465 simus
656 2423 751 2466 eorum
761 2409 839 2475 socii,
850 2423 919 2481 quo-
973 2407 1028 2480 ts).
1044 2407 1107 2462 llaec
1130 2406 1163 2462 sit
1181 2407 1290 2463 interim
1308 2406 1457 2463 consolatio
1476 2414 1580 2474 nostre,
1605 2405 1771 2472 charissimi,

120 2511 180 2552 rum
194 2494 259 2552 facti
272 2505 335 2552 aunt
347 2497 404 2568 jam
418 2497 546 2554 ministri.
560 2499 659 2554 Nonne
673 2497 746 2554 enirn
761 2513 857 2554 omnes
871 2496 919 2553 ad·
972 2495 1061 2551 donec
1075 2494 1258 2567 egrediamur,
1283 2504 1311 2550 et
1328 2495 1460 2551 Dominus
1483 2495 1519 2550 sit
1545 2494 1706 2550 nobiscum..
1719 2493 1772 2562 Qui

120 2583 306 2651 ministratorii
334 2591 398 2641 sunt
425 2586 546 2658 spiritus,
573 2587 602 2641 in
635 2586 816 2642 ministerium
843 2586 919 2642 missi
972 2597 1071 2654 magna
1085 2599 1134 2639 sua
1148 2583 1333 2640 misericordia
1356 2584 1391 2638 ad
1412 2582 1522 2639 beatam
1540 2582 1614 2637 illem
1629 2581 1771 2654 egressio-

121 2681 234 2744 propter
252 2673 360 2746 eosqui
374 2675 561 2731 haereditatem
578 2673 663 2733 76⁰
675 2675 784 2747 capiunt
802 2674 920 2731 salutis?
973 2687 1044 2741 nem,
1062 2681 1089 2728 et
1102 2673 1136 2728 ad
1150 2673 1251 2728 clerum
1265 2672 1330 2727 illud
1340 2688 1403 2728 erar
1414 2687 1464 2728 nos
1480 2672 1619 2742 perducat,
1637 2678 1664 2726 et
1678 2671 1706 2726 in
1720 2671 1772 2727 hoo

122 2762 173 2834 (id.
187 2779 209 2828 1,
225 2761 281 2833 ll).
297 2762 476 2830 Festinamus,
500 2763 626 2832 obsecro,
640 2763 822 2831 dilectissimi,
844 2763 920 2819 lesti-
973 2776 1082 2833 quoque
1096 2761 1218 2833 proximo
1228 2777 1290 2817 cros
1305 2760 1413 2816 visitare
1428 2773 1488 2825 uos,
1508 2767 1536 2815 et
1551 2757 1693 2815 nobiseum
1708 2775 1773 2816 esse

121 2866 238 2906 nemus:
254 2857 310 2906 tota
324 2866 375 2906 nos
388 2852 657 2909 multitudocnelestis
671 2853 754 2910 curiae
768 2859 917 2923 exspectat.
973 2841 1100 2923 dignetur
1127 2869 1134 2905 :
1157 2856 1187 2905 ut
1213 2847 1313 2920 siquis
1341 2847 1411 2905 lorte
1431 2848 1458 2902 in
1483 2847 1632 2904 tentatione
1651 2847 1773 2919 qnalibet

121 2939 264 2995 Exsultare
283 2940 395 3010 angelos
414 2939 538 3006 lecimus,
554 2941 664 3013 quando
679 2941 806 2998 conversi
826 2957 919 2996 sumus
973 2938 1118 3002 detinetur,
1134 2938 1193 3010 ipso
1209 2938 1356 2994 miserante
1371 2937 1416 3009 qai
1430 2936 1580 3009 praedicare
1595 2936 1671 2992 venit
1694 2936 1771 2993 elau-

121 3027 156 3082 ad
167 3027 565 3100 poenitentiam;prolioiamus,
574 3037 602 3086 et
610 3030 770 3087 festinemus
780 3029 919 3102 complere
974 3026 1011 3080 sis
1038 3026 1221 3098 apertionem,
1247 3041 1307 3082 eras
1330 3025 1501 3100 egrediatur;
1526 3034 1556 3081 ut
1582 3041 1644 3082 curn
1672 3025 1773 3096 gaudio

121 3116 157 3172 de
171 3117 250 3172 nobis
264 3132 357 3172 eornm
373 3117 502 3174 laetitiam.
518 3119 565 3175 Vae
579 3118 638 3185 tibi,
653 3119 809 3192 quicunque
828 3134 858 3174 es
873 3118 921 3192 qui
974 3114 1083 3171 salutari
1105 3115 1286 3188 suscipiemus
1309 3130 1438 3171 coronam
1453 3113 1558 3187 parvuli
1572 3113 1654 3188 Regis
1674 3113 1770 3184 nostri,

123 3205 259 3261 deliberas
286 3205 376 3263 redire
400 3207 435 3262 ad
460 3207 559 3275 lutum,
589 3209 688 3264 reverti
712 3207 746 3263 ad
769 3207 916 3264 vomitum!
974 3203 1033 3276 ipso
1061 3211 1216 3276 praestante,
1242 3204 1289 3275 tlui
1312 3220 1373 3260 cum
1400 3203 1482 3260 Patre
1502 3211 1529 3259 et
1552 3202 1655 3276 Spiritu
1677 3209 1772 3259 sancto

124 3291 240 3350 Putasne
253 3294 375 3366 placatos
394 3295 508 3353 habebis
530 3297 559 3352 in
577 3296 689 3368 judicio,
715 3312 784 3369 qnos
802 3303 878 3352 tanto
892 3303 921 3352 et
975 3293 1040 3351 vivit
1063 3301 1090 3350 et
1109 3301 1206 3367 regnat
1220 3293 1296 3350 Deus
1309 3309 1359 3364 per
1373 3292 1463 3349 omnia
1478 3291 1578 3350 saecula
1601 3291 1773 3349 seculorum.

124 3389 178 3438 tam
193 3391 303 3456 sperato
317 3386 424 3457 privare
437 3385 478 3452 vis
496 3385 618 3458 gaudio?
637 3387 845 3443 Exsultaverunt
858 3401 921 3442 eum
937 3374 959 3453 ὓ
975 3384 1073 3440 Arnen.

124 3485 175 3528 nos
197 3472 232 3527 ad
252 3473 437 3544 poenitentiam
457 3474 591 3542 venimus,
612 3482 742 3548 tanquam
769 3490 853 3545 snper
879 3474 921 3530 bis

125 3559 195 3632 quos
207 3560 242 3616 ab
256 3562 316 3633 ipsa
328 3561 408 3618 inferi
429 3571 508 3636 porte
528 3571 672 3620 cernerent
694 3563 826 3620 revocari.
850 3562 921 3632 Quid
974 3561 1005 3616 ln
1019 3559 1085 3618 illud
1098 3559 1198 3618 :Hodie
1207 3561 1303 3617 scietis
1315 3561 1487 3634 quiaveaiet
1498 3559 1645 3620 boninus,
1655 3561 1683 3615 at
1692 3575 1777 3617 mone

125 3664 198 3705 nunc
213 3648 275 3716 erit,
290 3649 315 3705 si
328 3651 436 3721 abipsa
451 3651 568 3722 paradisi
581 3653 664 3721 janua
677 3651 778 3709 reverti
792 3651 920 3721 viderint,
1009 3633 1140 3690 υῑᾶθῦῐῑῐθ
1152 3633 1273 3704 dimam
1283 3634 1354 3705 ΒΜ·
1370 3631 1457 3687 El0d·
1472 3645 1533 3702 caP·
1544 3622 1660 3704 Ula„-
1674 3633 1701 3698 ⁶2
1712 3632 1741 3686 7·

126 3745 153 3793 et
167 3737 244 3794 abire
258 3745 409 3794 retrorsum
433 3740 542 3813 eosqui
568 3740 624 3809 jam
645 3740 743 3810 pedem
764 3739 878 3796 alterurn
893 3739 921 3794 in
1012 3742 1037 3793 l.
1049 3737 1154 3810 Quique
1170 3737 1327 3810 terrigena,
1338 3745 1366 3793 et
1381 3736 1428 3792 lilii
1444 3737 1596 3802 hordeum,
1612 3735 1706 3792 audite
1723 3733 1776 3790 Vos

126 3826 254 3898 paradiso
275 3827 526 3899 posueramtharn
541 3828 593 3886 etsi
606 3843 722 3900 corpora
734 3827 858 3896 inferius,
873 3827 923 3884 sed
976 3826 1064 3898 quiin
1078 3825 1189 3898 pulvere
1205 3825 1281 3891 estis,
1296 3824 1521 3897 expergiscimini
1531 3832 1559 3880 et
1566 3823 1675 3880 laudate
1692 3841 1698 3879 :
1715 3823 1779 3897 quia

125 3916 336 3974 cordasursum.
977 3914 1068 3972 veniet
1082 3912 1204 3968 medens
1218 3913 1252 3968 ad
1275 3921 1404 3987 aegrotos,
1419 3913 1579 3985 redemptor
1592 3912 1627 3968 ad
1641 3911 1777 3980 venditos,

162 4005 189 4059 7.
206 4005 322 4071 Currite,
335 4003 436 4062 iratres
449 4005 565 4073 currite,
580 4021 635 4063 non
649 4004 699 4063 soli
714 4001 813 4077 angeli,
829 4006 878 4063 sed
898 4014 924 4062 et
978 4004 1012 4059 ad
1035 4009 1159 4060 errantes
1172 4001 1226 4069 via,
1245 4002 1279 4056 ad
1294 4007 1416 4058 mortuos
1429 4001 1495 4058 vita.
1512 4000 1593 4058 Venit
1616 4001 1717 4072 quippe
1731 4002 1778 4074 qui

127 4093 187 4165 ipse
197 4092 359 4167 angelornm
368 4111 418 4153 vos
427 4095 538 4154 Creator
549 4095 813 4168 exspectatNuptiae
822 4101 924 4168 paratae
978 4091 1101 4165 proJieiat
1121 4091 1148 4146 in
1163 4090 1330 4162 profundum
1348 4089 1430 4146 maris
1444 4089 1535 4148 omnia
1548 4097 1660 4162 peecata
1675 4097 1778 4155 nostre,

128 4190 202 4249 sunt,
220 4183 272 4240 aed
285 4184 407 4240 nondum
427 4184 510 4257 plena
531 4185 644 4254 domus3
661 4185 750 4242 adhuc
764 4193 923 4255 exspectan·
979 4181 1025 4255 qui
1038 4188 1116 4238 sanet
1139 4195 1236 4237 omnes
1259 4179 1429 4236 infirmitates
1444 4187 1560 4248 nostras,
1577 4180 1625 4251 qui
1648 4194 1699 4236 nos
1713 4194 1777 4251 pro·

127 4279 173 4326 tur
199 4271 234 4328 de
256 4272 355 4345 quibus
373 4275 474 4347 nuptias
499 4274 673 4348 impleantur.
703 4275 850 4346 Exspectat
877 4287 925 4329 vos
978 4271 1045 4343 priis
1058 4270 1179 4328 humeris
1203 4268 1237 4325 ad
1252 4269 1370 4342 propriae
1393 4268 1534 4340 dignitatis
1556 4275 1677 4340 reportet
1695 4266 1774 4326 aot

129 4360 209 4416 Pater
222 4367 250 4416 et
262 4361 410 4432 desiderat,
426 4378 481 4419 non
495 4364 583 4420 solum
604 4371 717 4438 propter
730 4362 841 4419 niurimn
856 4362 923 4418 obu-
979 4358 1122 4431 originem.
1147 4360 1245 4432 blegne
1272 4363 1315 4414 est
1341 4357 1392 4414 ista
1414 4358 1558 4428 potentia:
1582 4358 1632 4414 sed
1655 4357 1716 4431 plus
1737 4363 1781 4416 est

129 4447 237 4504 ritatem
255 4465 331 4506 suam
345 4467 400 4524 qua
413 4452 506 4509 dilexit
526 4468 574 4510 vos
593 4451 677 4525 (unde
704 4461 731 4508 et
752 4451 924 4526 Unigenitus,
979 4447 1102 4504 miranda
1123 4447 1322 4514 misericordia,
1342 4446 1416 4520 quod
1443 4447 1483 4504 sie
1505 4446 1599 4503 venire
1623 4447 1717 4514 voluit,
1733 4447 1781 4520 qui

85 4560 90 4576 ·
131 4536 177 4609 qui
191 4536 218 4592 in
233 4536 293 4594 sinu
316 4539 403 4596 Patris
417 4549 470 4609 est,
486 4542 546 4614 ipse
569 4549 596 4598 et
612 4541 758 4608 enarravit,
773 4543 868 4609 Pater,
883 4539 926 4595 iu·
979 4536 1065 4610 potuit
1083 4536 1241 4594 subvenire.
1266 4537 1360 4602 llodt'e,
1375 4535 1475 4609 inquit,
1495 4537 1589 4594 scietis
1603 4538 1669 4608 qaia
1688 4537 1780 4594 omiet

131 4625 237 4697 quiens,
253 4633 337 4685 annot
348 4645 394 4687 vos
414 4631 507 4702 (toan.
524 4633 660 4702 xv1,2'l);
680 4631 730 4688 sed
753 4637 864 4702 propter
877 4644 925 4686 ae·
979 4629 1126 4686 Βοιιιιιιιι.
1139 4627 1297 4684 Verbahaec
1310 4625 1421 4698 quidem
1435 4641 1485 4684 suo
1503 4625 1564 4682 loco
1575 4632 1603 4683 et
1618 4629 1740 4697 tempore
1752 4623 1781 4680 in

130 4715 286 4788 metipsum,
302 4718 371 4776 deut
393 4719 513 4794 loquitur
528 4736 578 4793 per
591 4720 752 4794 prophetam
778 4737 785 4773 ι
806 4721 927 4791 Propter
980 4717 1118 4790 Scriptura
1131 4716 1219 4788 posita
1234 4723 1298 4771 sunt
1315 4733 1321 4770 :
1339 4715 1460 4771 sednon
1478 4713 1629 4786 incongrue
1647 4713 1693 4770 illa
1707 4713 1783 4787 Vigi-

129 4807 328 4877 memett'psum
341 4825 387 4880 epo
402 4811 519 4880 sociam,
538 4826 598 4869 ooo
614 4814 729 4883 propter
751 4825 798 4868 ooa
811 4807 925 4882 (Enoch.
981 4805 1024 4861 liae
1051 4805 1199 4861 Dominicae
1226 4803 1378 4860 Natiuitatis
1398 4802 1523 4860 Ecclesia
1550 4811 1638 4860 mater
1664 4803 1779 4874 aptavit.

130 4909 233 4958 xxxvi,
259 4895 316 4966 22).
340 4895 407 4964 Quis
430 4899 504 4954 enim
526 4898 694 4972 implendum
721 4897 826 4954 dubitet
853 4896 928 4970 quod
981 4893 1113 4966 Ecclesia,
1130 4893 1252 4966 inquam,
1272 4892 1317 4948 illa
1338 4907 1399 4965 quae
1421 4907 1515 4949 secum
1538 4893 1620 4949 habet
1638 4893 1781 4950 eonsilium

129 4982 255 5056 promisit
271 4983 349 5054 Filio,
364 4984 458 5042 dicens
477 5003 485 5042 :
502 4991 617 5046 Postulo
632 5006 649 5044 o
663 5006 717 5060 me,
738 4991 767 5044 et
784 4987 854 5046 dabo
878 4985 929 5044 titi
983 4991 1011 5040 et
1025 4983 1147 5057 spiritum
1170 4981 1273 5056 Sponsi
1295 4990 1323 5039 et
1347 4981 1397 5038 Dei
1423 4981 1476 5049 sui,
1504 4981 1548 5039 cui
1572 4982 1686 5040 dilectus
1710 4983 1782 5039 inter

131 5073 432 5146 penteshaereditateaa
443 5079 523 5132 taem
533 5079 620 5150 (Psoi.
632 5093 664 5144 ιι,
675 5077 713 5151 8).
729 5077 764 5132 Ει
775 5076 849 5145 alibi,
862 5075 929 5134 Sede
982 5074 1069 5129 ubera
1092 5080 1282 5141 commoratur,
1298 5070 1384 5144 ipsam
1404 5071 1495 5129 cordis
1518 5072 1560 5128 sui
1575 5073 1670 5128 sedern
1683 5071 1783 5142 princi-

1282 3469 1400 3528 SERMO
1422 3469 1468 3526 Ill.

75 5167 77 5171 '
132 5161 268 5222 odenhab
281 5164 363 5231 meis,
377 5165 464 5221 donec
475 5182 579 5238 portem
595 5168 728 5224 inimicos
745 5176 807 5224 taos
822 5165 929 5225 scabel—
983 5162 1082 5234 paliter
1100 5162 1245 5234 possidens
1269 5169 1297 5218 et
1311 5177 1487 5219 conservans.
1508 5162 1641 5240 ltimirum
1665 5161 1726 5232 ipsa
1739 5165 1782 5216 est

134 5251 194 5306 lom
222 5251 325 5323 pedam
354 5257 491 5311 tuorum?
514 5254 600 5326 (Paul.
618 5270 674 5328 etr,
700 5258 740 5326 l).
762 5257 822 5312 Non
837 5264 931 5312 conte·
983 5267 1045 5324 quae
1058 5251 1212 5309 vulneravit
1225 5265 1272 5306 cor
1287 5253 1356 5322 ejus,
1368 5257 1397 5308 et
1410 5249 1437 5307 in
1447 5251 1535 5324 ipsam
1549 5250 1677 5322 abyssum
1692 5263 1782 5306 secre-

134 5348 227 5395 rentur
241 5357 337 5399 omnes
364 5341 465 5400 inimici
491 5344 561 5414 ejus,
587 5343 652 5400 dum
679 5360 740 5411 uos,
765 5345 812 5418 qui
835 5359 930 5401 sumus
985 5353 1073 5397 torum
1086 5341 1136 5398 Dei
1149 5341 1256 5398 oculum
1264 5339 1488 5413 contemplatoris
1502 5338 1645 5404 immersit,
1659 5345 1690 5394 ut
1703 5344 1731 5394 et
1743 5337 1782 5394 illi

133 5429 257 5486 membra
269 5431 339 5502 ejus,
355 5429 526 5506 aliquatenus
540 5431 746 5508 impugnabunt.
761 5434 820 5490 Non
833 5433 930 5506 imple·
984 5430 1012 5487 in
1026 5445 1087 5494 suo,
1103 5439 1132 5488 et
1144 5429 1196 5487 sibi
1206 5430 1234 5486 in
1244 5433 1304 5503 ejus
1315 5431 1399 5488 corde
1413 5444 1562 5502 perennem
1572 5427 1653 5486 faciat
1667 5427 1782 5485 mansio·

134 5517 206 5572 bitur
226 5519 283 5576 haee
311 5521 466 5593 promissio,
482 5521 570 5578 donec
593 5520 740 5578 nemesima
757 5520 866 5578 inimica
880 5522 931 5578 de·
985 5535 1057 5576 nem.
1075 5521 1142 5577 Cum
1156 5535 1222 5592 ergo
1241 5520 1342 5592 ipsein
1365 5518 1511 5592 Scripturis
1524 5517 1622 5577 divinis
1640 5517 1781 5576 verbovel

135 5612 254 5663 struatur
269 5623 353 5664 mors.
373 5609 443 5665 Nam
456 5611 492 5667 de
506 5610 572 5667 Filio
595 5611 655 5686 quis
675 5611 777 5667 neseiat
801 5619 931 5684 qmntum
985 5609 1139 5668 alterat-vel
1151 5609 1280 5677 altemat3
1295 5608 1496 5666 tortiorestilla
1514 5609 1684 5683 compositio,
1699 5624 1782 5683 quarn

28 5703 41 5716 “
133 5694 273 5754 desideret
293 5693 410 5756 fructum
438 5697 640 5772 saeviturae
661 5697 740 5760 totus
764 5698 826 5758 vite
851 5715 932 5772 quam
984 5699 1082 5774 positio
1102 5699 1190 5774 patna
1207 5700 1354 5760 verborum
1370 5717 1379 5758 a
1395 5706 1424 5760 et
1441 5699 1565 5760 fortassis
1580 5707 1653 5758 ιιιιιο
1673 5697 1780 5770 1[ιιιιοι.
