3996 6350
219 184 268 366 lsa
875 287 1243 366 semronmaron
1862 315 1918 374 40

231 418 311 502 qnam
325 443 340 482 ε
355 426 462 500 aeips03
479 425 528 482 aad
544 426 617 499 qnod
631 425 699 482 tanti
709 439 771 482 eum
786 425 881 484 lecerit
905 427 964 500 ipse
980 427 1027 501 qui
1042 439 1065 521 Α
1081 428 1145 486 tidie
1160 430 1194 485 ad
1208 429 1351 488 salvandas
1365 433 1470 491 animas
1487 435 1654 508 singulorum
1676 436 1705 493 in
1719 436 1829 510 spiritu
1845 451 1915 496 ve·

231 513 419 576 leonenses
437 513 511 570 enim
535 513 644 584 divitie,
660 513 749 573 omnis
772 513 858 592 gloria
880 515 985 584 mundi,
999 523 1027 573 et
1081 517 1120 574 nit
1139 525 1166 576 et
1179 519 1334 597 invisibilis,
1350 522 1420 579 sicut
1433 522 1564 596 scriptum
1579 507 1640 582 est:
1659 527 1790 600 Spiritus
1817 531 1913 584 ante

229 601 357 686 quidquid
380 601 408 657 in
431 616 465 658 eo
488 603 699 676 concupiscitur,
724 604 813 661 minus
834 611 876 660 est
898 605 933 660 ad
956 605 1027 660 hanc
1080 608 1184 676 sociem
1205 616 1335 669 nostram
1356 611 1486 670 Christus
1505 614 1651 671 Dominus.
1673 615 1751 671 litut
1769 615 1912 673 noveris

228 689 339 764 glorim
356 704 363 745 :
380 691 434 746 imo
449 705 502 748 nec
517 698 559 747 est
576 691 676 764 aliquid
695 693 723 748 in
738 693 940 765 comparatione
956 695 1025 765 eins.
1080 697 1215 754 occultum
1230 715 1291 756 esse
1305 699 1471 771 spiritualem
1485 702 1556 758 huno
1575 702 1722 760 adventum
1737 720 1745 761 :
1762 707 1801 760 ln
1817 722 1908 762 urn-

225 777 350 846 Domine,
372 776 499 851 qnid-est
522 779 602 835 bomo
620 778 683 854 quia
706 779 862 854 magnificas
883 781 967 838 euml
981 787 1027 837 aut
1081 787 1815 866 broejus,inquit,oioe·musinterpentes(ibren.rv,
1830 794 1905 862 20).

227 865 292 938 quid
308 867 423 940 apponis
438 882 502 941 erga
517 883 579 924 eum
593 883 641 924 cor
656 871 756 925 tuum?
1080 875 1229 947 Propterea
1243 877 1355 948 rignum
1369 885 1420 946 est,
1430 886 1461 935 ut
1470 878 1493 934 si
1503 895 1557 936 non
1572 880 1645 938 valet
1656 880 1780 939 infirmus
1792 881 1825 937 in
1838 897 1903 936 oc-

263 959 291 1011 8.
305 954 434 1012 Attamen
447 957 527 1013 velim
548 971 640 1027 nosse,
657 958 721 1031 quid
744 958 795 1014 sibi
813 957 938 1026 voluerit,
954 959 1026 1031 quod
1080 979 1189 1036 cursum
1199 967 1266 1021 tanti
1274 967 1756 1045 mediciprocederelongius,saltem
1763 977 1905 1026 conetur

226 1044 261 1099 ἃᾶ
290 1059 341 1101 ¹¹0⁸
367 1045 443 1102 Veni!
467 1045 523 1113 ille.
546 1052 593 1102 tui
621 1061 706 1118 quare
735 1062 790 1104 11011
817 1047 903 1120 magis
926 1046 1026 1105 ivimus
1081 1051 1189 1127 erigere
1199 1061 1289 1126 caput,
1302 1054 1473 1128 aliquatenus
1482 1072 1627 1134 assurgere
1638 1057 1768 1116 venienti.
1779 1059 1855 1114 Non
1870 1067 1902 1112 re

226 1148 277 1189 nos
291 1133 325 1188 ad
339 1131 424 1190 illum.
441 1135 539 1194 Nostra
553 1135 626 1192 enirn
648 1143 708 1192 erat
722 1135 871 1192 necessitas
888 1152 894 1188 :
910 1135 959 1191 sed
974 1149 1025 1191 nec
1080 1147 1198 1213 oportet,
1215 1157 1231 1199 o
1246 1145 1337 1216 bomo,
1354 1145 1440 1202 maria
1460 1145 1648 1215 transfretare,
1661 1129 1716 1204 non
1731 1155 1901 1220 penetrare

225 1229 266 1278 est
281 1223 450 1280 consuetudo
464 1223 576 1281 divitum
590 1232 620 1281 nt
634 1225 668 1280 ad
683 1239 819 1296 pauperes
838 1225 958 1291 veniant,
974 1239 1025 1282 nec
1080 1230 1178 1299 nubes,
1194 1247 1249 1288 uon
1263 1233 1462 1307 transalpinare
1476 1251 1591 1294 necesse
1610 1246 1662 1293 est.
1675 1235 1736 1294 Non
1757 1237 1899 1310 grandis,

225 1309 248 1365 si
263 1319 394 1382 praestare
408 1311 552 1370 voluerint.
569 1313 610 1370 lta
625 1321 678 1381 est,
694 1312 800 1381 iratres,
816 1329 867 1371 nos
887 1315 976 1390 magis
990 1315 1024 1371 ad
1080 1317 1201 1393 inquam,
1218 1321 1267 1377 tibi
1289 1323 1443 1380 ostenditur
1464 1325 1508 1382 via
1524 1340 1530 1380 :
1546 1341 1634 1398 nsque
1655 1324 1691 1380 ad
1705 1325 1898 1398 temetipsum

225 1422 288 1466 eum
302 1409 397 1466 venire
420 1411 531 1483 dignum
554 1409 623 1481 luit3
639 1411 688 1468 sed
703 1411 803 1484 duplex
827 1419 885 1470 erat
907 1412 1023 1484 impedi·
1081 1419 1195 1466 occurre
1209 1411 1267 1468 Deo
1283 1419 1339 1468 tuo.
1360 1412 1448 1484 Prope
1462 1421 1505 1468 est
1527 1413 1599 1469 enim
1620 1411 1699 1471 m
1722 1407 1846 1470 verbum
1864 1411 1898 1467 in
1914 1421 1923 1481 ι

226 1505 357 1555 mentum.
381 1499 450 1555 Nam
465 1507 493 1562 et
507 1498 661 1572 caligabant
681 1501 753 1557 oculi
774 1502 884 1558 nostrie
900 1500 946 1558 ille
961 1517 1025 1559 vero
1081 1509 1130 1553 ore
1154 1503 1210 1570 tuo,
1226 1507 1254 1554 et
1276 1498 1304 1554 in
1328 1498 1411 1557 corde
1437 1508 1483 1559 tuo
1504 1501 1596 1573 (Rom.
1619 1517 1651 1570 x,
1665 1502 1704 1574 8).
1728 1501 1829 1574 Usque
1855 1500 1897 1556 ad

224 1583 314 1644 lucem
328 1586 433 1644 habitat
452 1588 668 1646 inaccessibilem
684 1589 709 1660 (l
726 1591 800 1647 Tim.
815 1606 854 1657 vs,
869 1591 929 1663 to);
946 1598 973 1648 et
984 1591 1027 1662 ja·
1082 1583 1173 1641 toldis
1187 1588 1424 1659 compunctionem
1439 1597 1467 1647 θῑ
1480 1590 1535 1647 ⁰¹5⁸
1544 1590 1743 1648 0⁰¹1f08810110m
1753 1605 1894 1657 000sser

225 1681 321 1732 centes
334 1675 476 1748 paralytici
488 1675 516 1732 in
530 1677 645 1749 grabato
662 1677 782 1736 divinam
805 1677 880 1735 illam
899 1693 954 1737 non
970 1694 1025 1754 po·
1081 1679 1112 1729 ut
1126 1675 1220 1732 saltem
1236 1693 1317 1734 exeas
1331 1680 1366 1736 de
1381 1679 1668 1752 sterquiliniomiserae
1682 1679 1892 1750 conscientiae3
1919 1663 1923 1704 ³

224 1771 346 1822 muamus
360 1764 496 1840 attingere
510 1765 707 1825 celsitudinem.
723 1769 873 1840 Propterea
886 1767 1025 1840 benignis·
1042 1774 1064 1851 g
1080 1765 1210 1835 quoniam
1227 1765 1370 1838 iudignum
1393 1776 1436 1826 est
1458 1767 1521 1826 illuc
1535 1774 1675 1826 auctorem
1697 1767 1827 1840 puritatis
1843 1768 1894 1823 in-

226 1854 317 1910 simns
332 1853 456 1912 Salvator
482 1863 510 1914 ει
523 1855 647 1912 medicus
661 1855 811 1912 animarum
835 1856 978 1915 descendit
991 1857 1026 1914 ab
1080 1859 1164 1911 trare.
1189 1853 1224 1911 Et
1246 1855 1305 1912 haec
1328 1856 1439 1930 quidem
1462 1858 1497 1914 de
1518 1875 1552 1917 eo
1576 1858 1695 1916 adventu
1717 1857 1791 1914 dicta
1807 1867 1892 1924 sunt,

225 1941 367 2004 altitudine
391 1957 455 2012 sna,
479 1951 507 2002 et
530 1944 681 2002 claritatem
705 1959 781 2002 suam
804 1943 918 2002 infirnus
941 1944 1026 2002 oculis
1079 1957 1134 2014 quo
1149 1943 1317 2018 singidonum
1332 1953 1439 2004 mentes
1452 1945 1580 2006 invisibili
1599 1947 1726 2020 dignatur
1742 1945 1894 2004 illustrare
1918 1931 1926 2006 i

226 2032 399 2105 temperavit.
422 2031 512 2091 induit
536 2047 567 2091 se
590 2033 697 2090 laterna
719 2035 848 2108 quadam,
863 2032 910 2093 illo
932 2034 1026 2107 utique
1081 2032 1239 2102 presentia.
1347 2055 1349 2059 ·

164 2153 171 2164 ›
224 2121 346 2198 glorioso
360 2126 388 2178 et
407 2121 441 2178 ab
464 2121 538 2179 omni
558 2121 621 2178 labe
643 2121 789 2194 purissimo
813 2138 928 2196 corpore
952 2125 1027 2196 quod
1116 2123 1161 2175 ll.
1176 2119 1255 2177 Libet
1277 2129 1369 2180 sutem
1391 2122 1529 2182 manifesti
1549 2122 1682 2182 adventus
1700 2123 1771 2184 viam
1785 2123 1889 2182 consi-

226 2209 357 2282 suseepit.
373 2207 438 2268 llaec
452 2216 495 2271 est
508 2209 581 2267 enim
596 2210 642 2266 illa
663 2209 798 2268 levbsima
817 2211 899 2284 plane
913 2217 941 2268 et
955 2227 1026 2283 prae·
1080 2207 1178 2266 derare
1194 2225 1202 2266 :
1218 2212 1346 2284 quoniam
1364 2213 1414 2269 viae
1433 2214 1504 2284 ejns,
1518 2213 1568 2270 viae
1591 2212 1726 2285 pulcbrae;
1740 2219 1769 2270 et
1782 2227 1890 2269 omnes

225 2297 328 2370 lulgida
350 2299 450 2376 nubes,
465 2313 548 2370 supra
572 2313 654 2370 quam
679 2313 854 2355 ascensurum
877 2313 939 2354 enm
959 2313 1025 2370 pro·
1079 2295 1184 2352 semite
1202 2298 1262 2369 eius
1285 2299 1405 2370 pacilicae
1428 2301 1520 2374 (Pron
1544 2316 1585 2368 ru,
1611 2303 1666 2375 ll).
1687 2305 1766 2372 Ecce,
1791 2300 1887 2374 inquit
1952 2357 1953 2364 ,

224 2385 307 2458 pheta
318 2383 493 2460 predixerat,
508 2390 539 2441 ut
552 2384 734 2444 descenderet
747 2385 775 2441 in
790 2386 937 2458 AEgyptum
956 2386 1023 2459 (leo.
1080 2390 1616 2456 sponsa,amttosatieostnmonttboe
1625 2391 1888 2449 bomilienscoltes
1952 2387 1953 2408 ¹

225 2474 339 2550 armi).
1081 2473 1204 2540 (uanae.
1229 2490 1260 2544 n,
1285 2475 1324 2548 8).
1349 2477 1512 2535 Venientem
1534 2477 1620 2548 vides,
1640 2493 1658 2535 o
1682 2478 1807 2550 pulcbra,
1833 2476 1886 2533 sed

260 2563 287 2618 9.
312 2558 431 2632 Tempus
455 2566 497 2615 est
518 2558 575 2629 iam
596 2557 685 2630 ipsum
713 2573 824 2632 quoqne
851 2559 1026 2616 considerare
1079 2560 1226 2619 cubantem
1245 2563 1340 2622 videre
1355 2573 1419 2622 ante
1438 2582 1495 2624 nou
1518 2575 1637 2639 poteras.
1660 2565 1757 2624 Dixisti
1780 2565 1883 2624 enim:

225 2657 341 2722 tempus,
366 2663 421 2721 quo
444 2647 568 2704 Salvator
588 2647 711 2705 advenit.
739 2647 819 2706 Venit
843 2647 916 2706 enim
941 2647 1025 2720 (qnod
1081 2649 1276 2723 indicemini,
1293 2670 1375 2727 quem
1393 2653 1599 2728 dilipitcnimo
1617 2651 1693 2726 meo‘,
1707 2657 1883 2728 andooccos,

224 2748 253 2796 et
267 2754 317 2796 vos
340 2735 477 2794 credimus
499 2752 557 2793 non
580 2737 680 2808 latere)
702 2751 757 2794 non
781 2736 808 2791 in
827 2735 904 2793 initio
928 2752 979 2793 nee
998 2737 1026 2792 in
1079 2736 1129 2795 ndi
1151 2739 1234 2798 cubes
1258 2741 1352 2812 (Cant.
1378 2757 1397 2810 r,
1419 2743 1458 2816 6).
1479 2744 1587 2802 Gubans
1609 2745 1697 2816 pascit
1719 2743 1834 2816 angelos
1856 2743 1883 2799 in

223 2825 316 2884 medio
332 2824 472 2898 temporis,
488 2823 580 2882 sedin
595 2823 661 2882 line.
676 2823 734 2881 Nec
755 2827 905 2898 incongrue
924 2823 1026 2880 factum
1079 2823 1140 2882 illas
1155 2835 1302 2900 perpetuas
1316 2830 1492 2900 aeternitates,
1503 2849 1573 2904 quos
1586 2832 1666 2888 satiat
1679 2831 1784 2889 visione
1796 2838 1881 2888 aeter·

225 2924 278 2984 est,
291 2914 342 2972 sed
355 2930 420 2973 vere
432 2914 575 2987 sapienter
598 2913 734 2986 disposuit
753 2912 904 2986 Sapientia,
920 2919 949 2969 nt
964 2928 1025 2969 cnm
1080 2915 1171 2972 nitatis
1186 2925 1212 2972 et
1225 2916 1449 2975 immutabilitatis
1472 2937 1538 2977 suae.
1556 2907 1610 2978 Sed
1625 2935 1660 2976 ne
1682 2921 1793 2996 ignores
1809 2925 1847 2987 te,
1864 2936 1881 2976 o

224 3005 310 3078 magis
333 3009 408 3062 esset
429 3001 623 3072 necessarium,
644 3008 707 3059 tunc
729 3002 818 3074 primo
841 3002 928 3059 ferret
948 3001 1025 3058 auxi·
1079 3003 1193 3074 pulchra
1210 3020 1221 3060 ε’
1242 3007 1370 3080 quonium
1394 3007 1524 3066 mirabilis
1545 3009 1616 3066 iacta
1639 3016 1682 3066 est
1699 3008 1766 3066 visio
1785 3007 1830 3064 illa
1846 3023 1879 3064 err
1952 3007 1953 3010 ’

224 3095 298 3163 lium,
310 3108 412 3166 pronos
426 3093 460 3150 ad
473 3093 697 3167 ingratitudinem
710 3093 776 3152 Adae
790 3092 861 3152 filios
874 3108 929 3150 nou
944 3095 1025 3168 igno·
1040 3046 1063 3126 ὓ
1081 3099 1128 3160 te;
1146 3091 1296 3150 confortata
1310 3105 1362 3166 est,
1378 3103 1406 3152 et
1423 3111 1478 3153 non
1496 3097 1599 3170 poteris
1618 3097 1653 3153 ad
1673 3111 1743 3154 eam.
1758 3096 1877 3153 Venarn-

225 3199 300 3242 rans.
324 3183 396 3241 Vere
419 3181 493 3244 enirn
516 3185 761 3259 advesperascebat
774 3192 803 3243 et
816 3183 944 3243 inclinata
967 3191 1026 3242 erat
1080 3191 1175 3242 tamen
1188 3199 1254 3243 eece
1269 3199 1397 3256 egressus
1412 3194 1454 3243 est
1467 3186 1503 3243 de
1517 3185 1577 3242 loco
1591 3193 1686 3242 saneto
1700 3200 1749 3242 suo
1765 3201 1773 3241 ε
1789 3192 1818 3241 ει
1831 3181 1878 3256 qni

223 3275 279 3346 jam
300 3271 369 3344 dies,
386 3282 541 3330 recesserat
562 3274 643 3347 paulo
666 3274 756 3330 minus
779 3273 820 3333 sol
840 3275 949 3345 justitiae
965 3293 971 3330 :
988 3275 1026 3331 ita
1078 3272 1182 3330 cubans
1205 3275 1290 3345 pascit
1311 3275 1436 3347 angelos,
1456 3273 1515 3346 ipse
1539 3275 1631 3349 coepit,
1655 3275 1747 3348 sicque
1770 3271 1879 3329 sanabit

224 3369 255 3419 ut
270 3363 384 3438 exiguus
409 3363 490 3420 ninus
512 3363 644 3435 splendor
666 3365 727 3435 ejus
750 3370 797 3420 sut
812 3363 887 3420 calor
908 3357 1023 3422 essetin
1079 3378 1146 3430 uos3
1162 3370 1190 3418 et
1204 3361 1342 3419 videbitur
1362 3362 1476 3420 veniens
1497 3371 1526 3419 et
1545 3373 1648 3434 pastus,
1664 3362 1710 3434 qui
1723 3362 1835 3419 'omens
1848 3369 1877 3419 et

226 3451 318 3509 terris.
331 3453 403 3508 Nam
419 3459 447 3508 ει
466 3452 511 3508 lux
526 3451 624 3509 divinae
644 3453 747 3511 notitioe
770 3468 855 3527 parva
879 3441 1024 3510 admo'dum
1078 3466 1196 3524 pascens
1213 3461 1279 3507 ante
1293 3450 1380 3508 videri
1396 3467 1451 3508 non
1467 3459 1584 3522 poterat.
1598 3451 1670 3508 Ecce
1685 3451 1760 3508 venit
1772 3451 1815 3506 bic
1830 3466 1876 3506 sa·

224 3539 504 3610 erat‚,etabundante
517 3539 660 3613 iniquitate
675 3541 767 3600 lervor
781 3540 943 3616 refriguerat
957 3543 1023 3599 cha·
1077 3539 1148 3596 liens
1176 3539 1204 3594 in
1229 3539 1383 3608 montibus,
1414 3539 1567 3596 transiliens
1595 3539 1687 3597 colles.
1716 3543 1821 3596 llontes
1847 3547 1876 3595 et

224 3629 323 3690 riuus.
338 3631 399 3686 tam
412 3645 468 3688 non
483 3632 635 3704 apparebat
649 3629 773 3707 angelus,
788 3645 844 3688 non
863 3629 1025 3704 loquebatur
1078 3628 1172 3695 eolles,
1188 3628 1354 3700 patriarchas
1369 3635 1397 3685 et
1411 3629 1559 3702 prophetas
1573 3629 1685 3700 aecipe;
1702 3636 1729 3685 et
1745 3627 1875 3700 quemad-

224 3717 375 3790 propheta;
398 3719 546 3776 cessabant
568 3718 642 3777 velut
664 3717 854 3792 desperatione
872 3718 946 3785 victi,
967 3733 1023 3791 prae
1078 3717 1187 3775 modum
1202 3719 1309 3775 venerit
1323 3719 1424 3776 saliens
1437 3727 1465 3775 et
1480 3717 1649 3784 transiliens,
1664 3717 1693 3774 iu
1705 3715 1775 3774 libro
1788 3731 1874 3792 gene-

223 3807 308 3864 nimia
330 3807 425 3881 utique
447 3807 548 3864 duritia
568 3809 706 3865 hominum
728 3817 756 3866 et
774 3806 978 3866 obstinatione:
996 3817 1023 3865 at
1078 3807 1191 3863 rationis
1205 3807 1267 3880 lege
1283 3825 1290 3862 z
1307 3807 1448 3866 Abrabam
1462 3809 1559 3880 penult
1581 3809 1671 3873 laona,
1686 3809 1764 3865 isaac
1778 3809 1875 3879 penult

221 3910 285 3969 ego,
292 3897 329 3956 ait
338 3895 427 3962 Filius,
436 3900 508 3954 tunc
517 3897 671 3956 daebllcce
681 3900 760 3955 nertio
771 3897 858 3970 (Paul.
869 3887 974 3964 xxxix,
985 3895 1021 3968 8).
1077 3895 1159 3953 Jacob
1174 3895 1283 3968 (narrt.
1301 3911 1321 3962 1,
1336 3896 1375 3967 2),
1391 3903 1444 3953 etc.
1460 3895 1499 3952 nx
1513 3896 1555 3951 his
1570 3896 1707 3953 montibus
1721 3893 1829 3966 prodiit,
1844 3903 1874 3950 ut

223 3983 398 4056 Sic,sicdum
407 3985 527 4043 medium
535 3985 669 4043 silentium
680 3986 1023 4052 tenerentomnia,etnox
1075 3981 1211 4050 invenies,
1248 3983 1325 4038 radix
1361 3984 1451 4054 lesse,
1483 3985 1555 4041 unde
1592 3986 1669 4055 juxta
1704 3984 1871 4056 prophetam,

220 4072 248 4128 iu
263 4089 313 4133 suo
326 4089 407 4130 cursu
420 4074 474 4129 iter
487 4075 634 4146 perageret
647 4073 724 4146 (Sap.
739 4072 1023 4144 xvnr‚ll)‚onrnipo·
1076 4083 1191 4143 egressa
1214 4078 1256 4126 est
1282 4069 1371 4144 virga,
1395 4077 1424 4128 et
1447 4069 1545 4128 exinde
1569 4071 1620 4127 llos
1640 4071 1773 4140 ascendit,
1792 4085 1872 4142 super

220 4169 284 4220 tens
297 4177 388 4218 sermo
403 4167 476 4230 tuus,
491 4160 617 4233 Domine,
629 4178 645 4217 a
659 4161 797 4234 regalibus
811 4159 923 4216 sedibus
935 4161 1020 4218 venit.
1078 4172 1160 4229 quem
1184 4157 1319 4230 requievit
1340 4159 1456 4231 Spiritus
1478 4159 1643 4232 septiformis
1665 4160 1730 4231 (lac.
1754 4173 1793 4225 ar,
1814 4157 1869 4228 13).

220 4249 304 4324 Quod
317 4257 346 4308 et
363 4249 512 4322 Apostolus
531 4249 649 4306 innuens
672 4250 784 4306 aiebat:
801 4247 920 4318 Quodn
943 4252 1022 4308 uenit
1075 4245 1155 4316 Quod
1181 4246 1350 4303 manifestius
1371 4246 1424 4304 alio
1438 4247 1467 4303 in
1482 4247 1542 4305 loco
1564 4249 1692 4320 aperiens
1714 4247 1785 4304 idem
1806 4261 1869 4317 pro-

218 4339 368 4424 ptenitudo
378 4340 605 4413 temperabunt
613 4339 800 4402 benefitium
810 4354 844 4395 su
854 4336 1018 4409 omldnlot.
1039 4371 1062 4450 ὓ
1078 4335 1173 4406 pheta:
1189 4338 1269 4404 Ecce,
1282 4335 1378 4410 inquit,
1389 4339 1465 4410 sirpo
1480 4339 1619 4411 concipiet
1629 4335 1871 4410 etpurietfilinm,

218 4444 259 4496 ιι,
280 4425 315 4497 ι).
330 4427 464 4486 Nimirum
487 4424 628 4499 plenitudo
643 4431 671 4483 et
690 4425 855 4484 abundantia
880 4433 1018 4499 tempora·
1077 4423 1263 4483 ctoooobitnr
1274 4441 1378 4482 nornen
1388 4429 1451 4500 ejas
1461 4429 1641 4494 Emmanuel,
1652 4426 1725 4501 qnod
1733 4427 1869 4498 interpre

218 4516 285 4574 lium
296 4515 460 4575 oblivionem
475 4522 503 4578 et
517 4515 637 4589 inopiam
651 4513 755 4573 lecerat
768 4523 944 4574 aeternorum.
959 4514 1019 4587 Op·
1077 4517 1167 4581 tatur,
1179 4514 1326 4572 Nobiscum
1336 4516 1483 4586 bersum.
1492 4531 1542 4582 vn,
1552 4518 1608 4586 ll).
1619 4516 1706 4586 Quem
1717 4513 1788 4572 enirn
1798 4514 1869 4586 prius

220 4612 338 4678 portuno
352 4591 420 4678 ergo
433 4613 497 4662 tunc
517 4604 629 4662 advenit
642 4601 791 4674 aeternitas,
807 4605 915 4678 quanm
933 4604 1020 4682 magis
1074 4601 1182 4672 dorem,
1198 4603 1286 4674 ipsum
1302 4603 1402 4660 deinde
1416 4603 1642 4673 Emmanuelem
1657 4612 1685 4660 et
1700 4617 1781 4678 quam
1794 4601 1867 4657 dne·

217 4700 406 4773 temporalitas
429 4699 607 4774 prevalebat.
635 4701 706 4760 Nam
730 4708 761 4758 ιιι
787 4708 886 4759 aoetem
912 4699 1018 4769 sileam,
1076 4702 1118 4749 rat
1145 4693 1261 4767 virgam,
1286 4692 1456 4750 manifestius
1476 4693 1642 4765 exprimens,
1663 4691 1794 4767 virginem
1820 4705 1867 4747 no-

218 4789 280 4864 ipsa
296 4803 405 4862 quoqne
419 4804 473 4862 pax
482 4790 639 4862 temporalis
647 4789 692 4848 illo
702 4790 730 4846 in
743 4789 1018 4862 temporetanratuit,
1074 4780 1201 4839 minavit.
1226 4780 1282 4837 Sed
1296 4795 1411 4838 necesse
1424 4788 1466 4838 est
1479 4781 1602 4839 altissimi
1616 4782 1698 4851 hujus
1711 4780 1866 4836 sacramenti

218 4885 249 4935 nt
262 4876 297 4934 ad
313 4875 431 4935 hominis
440 4878 520 4936 unius
530 4877 649 4938 edictum
658 4878 861 4936 describeretur
874 4877 1020 4936 universus
1074 4870 1324 4927 considerationem
1348 4871 1403 4926 diti
1426 4870 1505 4928 allffl‘
1525 4886 1667 4930 reservare
1691 4887 1701 4926 ³
1726 4869 1805 4942 dibni
1827 4877 1867 4926 est

216 4964 294 5023 orbis
307 4967 384 5038 (Luc.
401 4980 431 5036 n,
447 4967 486 5040 l).
1075 4959 1149 5016 enim
1173 4959 1283 5032 proprio
1298 4973 1425 5016 sermone
1440 4960 1563 5028 materia,
1577 4959 1730 5032 presertim
1753 4959 1821 5030 quod
1838 4957 1866 5012 in

255 5059 300 5113 lt).
315 5055 430 5115 Habetis
442 5055 498 5128 jam
512 5063 540 5116 et
554 5071 701 5130 personam
725 5055 872 5124 venientis,
887 5063 915 5113 ει
928 5054 1018 5113 locum
1073 5045 1187 5121 longum
1200 5049 1257 5120 jam
1272 5048 1419 5104 hodiernus
1432 5064 1522 5106 sermo
1535 5048 1711 5121 processerit.

218 5152 375 5218 utrumque,
391 5144 420 5202 ld
435 5151 486 5208 est.
503 5159 597 5217 aquo,
608 5151 637 5202 et
649 5144 684 5200 ad
699 5161 781 5218 quem
794 5143 870 5202 venit
883 5162 893 5200 .·
907 5159 1017 5202 causam
1389 5136 1507 5194 SEllllO
1527 5137 1561 5196 ll.

221 5241 371 5310 quoquest
386 5240 495 5306 tempus
514 5247 571 5292 non
585 5233 729 5308 ignoratis.
754 5233 843 5292 Unum
865 5233 1016 5299 aestuaria
1074 5229 1114 5285 oe
1127 5229 1217 5285 ambis
1243 5228 1324 5284 lanice
1337 5228 1373 5284 ud
1387 5227 1478 5284 deduz
1493 5247 1531 5284 :a
1558 5229 1627 5285 Pete
1649 5227 1701 5285 tibi
1722 5229 1830 5300 signam
1846 5243 1861 5281 o

221 5321 323 5378 subeat
337 5338 386 5394 per
400 5338 482 5396 quarn
500 5321 577 5382 venit
593 5341 600 5379 a
616 5331 645 5379 et
658 5321 716 5379 hec
738 5337 850 5398 quoque
873 5323 1018 5396 diligenter
1111 5317 1231 5374 Domino
1245 5318 1300 5373 neo
1315 5318 1362 5375 tuo
1385 5317 1419 5371 in
1436 5317 1613 5389 profondum
1632 5318 1754 5388 inferni,
1768 5319 1820 5374 sine
1833 5318 1860 5372 in

221 5409 441 5484 requirends;ut
453 5411 680 5485 possimus,aicut
694 5411 805 5485 tignum
820 5418 873 5484 est,
883 5411 909 5470 ei
922 5395 1017 5469 occur·
1107 5404 1254 5463 excelsum
1269 5421 1365 5477 supro,
1383 5423 1395 5455 ι
1416 5411 1469 5461 ειε.
1492 5406 1557 5476 (Ιεα.
1571 5419 1620 5472 vn,
1637 5408 1741 5480 ll-lb).

224 5511 299 5570 rere.
324 5498 517 5560 Verumtamen
539 5502 659 5562 sieutad
673 5502 839 5577 operandam
860 5501 973 5560 salutem
986 5501 1016 5560 in
1109 5497 1135 5550 l.
1163 5491 1323 5551 Audivimus
1354 5493 1514 5550 suadentem
1544 5495 1603 5567 regi
1635 5494 1726 5551 achaz
1758 5495 1860 5564 isaiam,

227 5585 319 5645 medio
333 5594 413 5648 terra
427 5590 503 5648 venit
516 5591 601 5649 mmet
620 5591 649 5648 in
662 5607 744 5650 carne
758 5590 881 5658 visibilis,
896 5589 933 5648 ita
946 5606 1017 5663 qno·
1073 5589 1169 5654 uetere
1209 5583 1316 5656 signum
1346 5600 1362 5640 a
1394 5583 1521 5655 Domino,
1549 5583 1607 5642 sive
1643 5583 1670 5638 in
1705 5584 1856 5656 protundum
