4150 6348
178 428 231 489 533
688 427 721 488 tlt
740 425 959 488 stotesdona
978 423 1145 486 BGGLESIAE
1164 425 1270 487 setino
1289 426 1322 484 ll.
1776 429 1829 490 sat

178 571 226 612 eus
239 566 371 609 ascensus
385 558 413 607 et
427 549 575 608 descensus
598 559 670 608 caret
694 551 880 612 vicissitudine
901 569 976 610 :nos
993 564 1017 644 Α
1032 567 1083 608 nos
1098 569 1105 609 :
1122 561 1188 626 puto
1211 558 1361 622 temperata
1384 551 1490 608 ridetur
1509 554 1636 626 gloriatio
1659 563 1761 628 nostra,
1777 558 1832 613 sed'

179 655 270 701 autem
293 641 376 699 modo
389 640 449 707 hae,
469 640 550 696 modo
573 640 635 696 iliae
657 643 762 698 versari
786 657 901 700 neeesse
922 651 973 712 est,
1030 645 1142 707 forsitan
1157 643 1245 714 magis
1259 647 1336 697 aucta
1350 647 1400 708 est,
1417 639 1533 696 solidata
1550 649 1647 710 umen,
1663 652 1693 701 ut
1716 661 1772 702 non
1800 649 1827 706 in

179 733 253 806 qnod
267 747 319 788 nec
342 747 425 804 supra
450 729 550 785 diutius
572 737 643 786 stare
665 732 754 798 liceat,
778 749 828 789 nee
850 731 976 803 expediat
1028 738 1118 804 nobis,
1138 734 1186 792 sed
1206 731 1233 789 iu
1251 729 1366 786 Domino
1381 729 1538 803 gloriemur,
1550 731 1647 802 quibus
1660 735 1786 792 nimirum
1798 735 1826 791 in

178 821 250 878 inl'ra
272 809 380 893 longius
401 819 547 876 demorari.
573 819 917 896 decentissimumque
940 823 977 879 ed
1029 831 1082 886 hoe
1111 825 1168 881 solo
1193 820 1326 892 respirare
1345 825 1396 884 est,
1421 827 1451 874 ut
1479 817 1610 886 dieamus,
1626 820 1654 876 Si
1679 825 1827 884 decreverit

180 909 582 983 coeios,atdeseettduniusque
591 911 626 966 ad
636 912 760 983 odyssea:
770 915 868 969 anime
878 929 976 972 corant
1030 918 1134 974 salvare
1148 927 1209 978 nos,
1225 909 1354 966 continuo
1368 906 1552 964 liberabimur.

179 1004 214 1058 in
228 1003 314 1060 maiis
339 999 492 1058 tabescebat
505 999 593 1070 (Psoi.
620 1015 672 1068 cvr,
697 1002 753 1074 26).
780 1002 878 1075 thuid
901 1002 977 1060 troc?
1066 1011 1092 1062 8.
1110 1004 1152 1059 Ex
1165 1003 1217 1057 hoe
1231 1001 1288 1070 jam
1306 998 1335 1053 in
1348 997 1394 1054 illu
1413 997 1547 1069 superiori
1563 1000 1672 1070 specula
1689 1003 1731 1058 vei
1758 1019 1828 1072 pau·

181 1093 327 1162 Propterea
341 1104 406 1144 sane
421 1088 512 1144 anima
527 1104 621 1144 eornm
637 1092 664 1146 in
689 1092 768 1146 malis
792 1092 901 1147 interim
915 1093 977 1164 plns
1030 1096 1114 1152 lulum
1128 1095 1315 1158 immorantes,
1337 1103 1489 1160 quaeramus
1513 1088 1623 1145 domum
1638 1089 1698 1158 Dei,
1724 1107 1828 1160 quera-

179 1180 304 1246 tabescit‚
321 1194 403 1252 quam
418 1178 567 1234 delectetur
581 1179 609 1233 iu
623 1179 714 1250 bonis,
732 1181 805 1253 qnod
823 1181 881 1237 heae
895 1181 921 1236 in
937 1197 976 1253 re,
1030 1199 1094 1240 mus
1108 1180 1248 1254 templum,
1280 1193 1433 1249 quaeramus
1452 1177 1596 1245 ciuitatem,
1617 1195 1770 1250 quaeremus
1802 1188 1830 1236 et

180 1269 228 1325 illa
245 1284 310 1325 vero
324 1275 429 1323 tanturn
444 1267 472 1322 in
487 1282 535 1338 spe
549 1267 693 1323 videantur
708 1270 891 1340 baberi.'Quis
903 1275 978 1344 pote·
1031 1288 1169 1344 sponsam.
1183 1271 1276 1341 Neque
1291 1267 1362 1322 enim
1377 1266 1476 1324 oblitus
1490 1282 1561 1340 sum,
1578 1269 1624 1324 sed
1639 1285 1701 1326 cum
1715 1279 1787 1326 metu
1802 1276 1829 1325 et

180 1362 223 1416 rii
243 1359 336 1416 solves
351 1373 419 1427 csse,
439 1356 532 1413 dicunt
546 1355 669 1430 discipuli
685 1358 841 1415 Salvatori?
860 1361 891 1414 Et
913 1361 976 1415 ilie:
1032 1359 1276 1425 reverentiadico;
1293 1359 1349 1414 Nos
1363 1373 1466 1412 sumus.
1480 1359 1547 1420 Nos.
1573 1357 1694 1432 inquam,
1726 1374 1828 1428 sumus,

180 1447 449 1522 Apadiomineaircc
458 1446 632 1518 impossibiie
643 1448 979 1522 esi,sednonnpedilcem
1033 1451 1116 1507 sedin
1132 1448 1212 1507 eorde
1226 1447 1294 1514 Dei3
1311 1461 1480 1514 nossemus,
1501 1447 1548 1505 sed
1564 1447 1650 1521 ipsius
1662 1449 1828 1523 dignatione,

182 1537 294 1608 (noeto.
319 1551 378 1605 xm,
394 1538 438 1601 25,
456 1536 512 1603 26).
529 1535 593 1591 Haee
607 1543 663 1592 tota
686 1535 785 1592 fiducia
800 1545 899 1604 nostra,
923 1539 980 1594 baec
1032 1555 1086 1597 oon
1098 1539 1226 1612 dignitate
1241 1543 1343 1592 nostra.
1358 1537 1419 1592 Non
1437 1545 1550 1608 usurpet
1565 1539 1637 1611 quod
1652 1539 1700 1595 Dei
1723 1547 1774 1606 est,
1800 1546 1830 1594 nt

181 1625 263 1682 unica
276 1625 424 1682 consolatio
440 1625 617 1690 nostra,.lraee
632 1632 687 1682 tota
702 1627 773 1681 ratio
787 1625 845 1698 spei
865 1633 978 1684 nosirae.
1032 1643 1088 1686 non
1107 1635 1228 1699 apponat
1241 1627 1323 1680 bomo
1338 1624 1511 1696 magnificare
1524 1643 1553 1684 se
1575 1627 1683 1698 ipsum:
1708 1627 1830 1698 alioquin

217 1717 246 1772 7.
272 1713 324 1771 Sed
347 1713 381 1770 de
406 1713 584 1784 possibilitate
603 1714 661 1783 jam
681 1714 758 1786 certi,
784 1715 818 1770 de
840 1714 979 1772 voluntate
1031 1703 1106 1791 quod
1115 1717 1190 1771 itlius
1202 1722 1261 1770 erat
1271 1714 1374 1770 iaciens
1389 1716 1472 1783 Deus,
1488 1717 1651 1774 exaltantem
1667 1735 1696 1775 se
1708 1717 1831 1774 humilia·

181 1804 248 1877 quid
259 1806 367 1877 agimus
376 1804 390 1858 i
399 1802 468 1873 Quis
479 1801 530 1859 seit
544 1805 567 1860 si
581 1809 621 1859 esi
631 1803 732 1878 dignas
743 1819 835 1861 amore
849 1820 884 1860 an
895 1805 978 1862 odiel

181 1893 250 1964 Quis
270 1892 345 1950 norit
363 1908 475 1949 sensum
497 1891 629 1948 Domini?
655 1900 702 1949 aut
724 1895 786 1966 quis
807 1893 978 1951 consiiiarius

181 1983 243 2054 ejus
256 1980 329 2038 initi
343 1981 433 2055 (Rom.
449 1997 491 2050 ru,
507 1981 881 2055 et.)ltiejamp1anendem
896 1983 976 2040 nobis

179 2071 326 2128 subvenire
337 2085 449 2130 necesse
466 2078 517 2139 est,
534 2072 578 2128 irie
592 2079 699 2143 oportet
722 2087 883 2129 succurrere
908 2073 978 2130 reri·

181 2167 266 2218 tatem
280 2159 364 2234 [alies
385 2160 523 2234 pietatem}
539 2179 546 2216 :
562 2161 678 2234 utquod
700 2163 734 2217 de
757 2162 836 2218 nobis
860 2161 926 2219 latet
949 2161 978 2218 in

179 2253 260 2307 eorde
274 2252 371 2319 Patris,
385 2251 467 2307 nobis
481 2264 529 2320 per
544 2251 629 2322 ipsius
645 2251 777 2322 Spiritum
791 2250 939 2319 reveletur,
952 2262 978 2309 et

178 2340 297 2411 Spiritus
315 2341 376 2411 ejus
390 2339 537 2397 mitificans
560 2339 727 2412 persuadeat
752 2340 860 2413 spiritui
885 2349 979 2399 nostro

178 2430 253 2501 qnod
273 2430 320 2486 filii
334 2429 386 2487 Dei
404 2445 507 2486 snmus.
524 2429 685 2486 Persuadent
708 2438 798 2486 autem
813 2430 936 2487 vocando
952 2439 979 2486 et

175 2517 352 2589 justificando
378 2519 463 2592 gratis
487 2534 536 2590 per
562 2517 654 2585 fidem,
674 2517 702 2572 in
725 2517 825 2589 quibus
852 2519 978 2575 nimirum

177 2609 255 2666 velut
269 2608 375 2665 medius
388 2609 501 2680 quidam
516 2607 647 2664 transitus
670 2618 711 2664 est
725 2608 759 2664 ab
782 2613 882 2665 aeterna
906 2625 978 2681 prae-

178 2697 365 2754 destinatione
375 2699 408 2752 ad
423 2697 541 2754 laturam
556 2696 816 2770 magnificationem.
833 2699 978 2772 Propterea

179 2803 247 2843 sane
262 2785 400 2860 geminam
414 2785 488 2841 illam
503 2785 759 2853 considerationem,
782 2787 893 2842 alteram
914 2789 977 2860 qui-

178 2878 243 2933 dem
254 2875 352 2944 judicii
366 2881 393 2932 ei
406 2875 537 2945 veritatis,
553 2875 667 2932 alteram
682 2891 746 2932 vero
761 2889 815 2931 non
830 2875 978 2948 incongrue

178 2965 273 3022 vocari
287 2965 423 3021 credimus
437 2963 500 3020 fidei
523 2972 550 3020 et
572 2965 690 3036 pietatis.
719 2965 776 3022 Nec
794 2965 928 3023 mirabere
950 2967 978 3022 in

179 3054 306 3110 humanis
320 3052 496 3126 qualitatibus
511 3060 567 3110 tem
581 3053 724 3110 dissimilia
751 3056 877 3125 reperiri,
891 3055 915 3111 si
934 3071 977 3113 so-

1032 1807 1082 1864 bit.
1102 1806 1183 1877 Quod
1197 1803 1249 1860 etsi
1266 1818 1314 1859 nos
1329 1801 1426 1876 puerili
1442 1803 1613 1863 animositate
1628 1803 1713 1882 gratis
1733 1806 1830 1864 salvari

1031 1897 1167 1964 uolumus,
1187 1892 1284 1949 merito
1312 1907 1368 1947 non
1392 1891 1539 1955 salvamur.
1561 1893 1685 1951 Excludit
1713 1896 1831 1952 miseriae

1032 1982 1213 2042 dissimulatio
1232 1981 1445 2052 miserationem,
1469 1997 1521 2038 aee
1535 1983 1656 2057 dignatio
1680 1985 1768 2040 locum
1784 1986 1833 2039 ba-

1032 2077 1087 2142 bet,
1112 2073 1159 2130 ubi
1188 2071 1271 2128 inerit
1298 2070 1476 2144 praesumptio
1499 2071 1640 2145 dignitatis
1668 2089 1675 2128 ε
1702 2081 1833 2145 prouocet

1031 2180 1095 2224 uero
1127 2161 1344 2235 compassionem
1382 2160 1493 2216 humilis
1517 2161 1655 2218 conlossio
1685 2162 1831 2236 passionis.

1033 2253 1104 2310 Sane
1119 2253 1179 2308 haee
1193 2251 1249 2307 sola
1263 2249 1325 2307 iacit
1340 2257 1369 2304 ut
1393 2265 1444 2305 nos
1458 2249 1518 2320 ipse
1542 2257 1672 2324 tanquam
1687 2252 1764 2308 dives
1778 2269 1830 2324 pa-

1032 2342 1189 2400 terfamilias
1205 2340 1259 2396 alat
1273 2339 1300 2394 in
1315 2338 1395 2406 lame,
1425 2345 1453 2394 et
1468 2340 1518 2395 sub
1535 2355 1569 2396 eo
1602 2341 1717 2413 panibus
1741 2342 1832 2398 abun-

1032 2432 1125 2487 dantes
1150 2427 1332 2486 inreniamur.
1354 2427 1473 2485 Proinde
1489 2428 1587 2486 domus
1602 2431 1670 2500 ejus,
1687 2431 1730 2487 eni
1758 2449 1832 2487 nun·

1031 2537 1112 2594 quam
1126 2521 1202 2576 deest
1212 2517 1339 2575 alimonia
1350 2517 1423 2573 vitae.
1436 2519 1470 2572 Et
1486 2527 1623 2576 memento
1636 2520 1708 2591 quod
1722 2521 1832 2577 alomnm

1033 2627 1110 2667 suam
1120 2605 1371 2666 domnmorationis
1387 2623 1446 2664 esse
1458 2607 1569 2664 definiat
1583 2609 1697 2680 (Mutila.
1715 2610 1830 2681 rrr‚l3);

1032 2701 1097 2774 quia
1116 2712 1143 2756 et
1155 2697 1208 2756 bec
1222 2697 1382 2770 prophetico
1394 2697 1457 2752 satis
1471 2697 1578 2754 videtur
1592 2699 1748 2755 testimonio
1767 2717 1833 2756 con·

1031 2790 1132 2860 venire,
1145 2787 1192 2862 qui
1206 2790 1241 2845 ab
1255 2788 1316 2858 ipso
1330 2802 1391 2857 nos,
1407 2788 1436 2842 in
1446 2787 1616 2844 orationibus
1631 2787 1832 2862 atiquacibar·

1033 2879 1084 2934 dos
1102 2893 1172 2949 pane
1187 2877 1378 2947 lacrymarum,
1396 2883 1422 2932 at
1446 2876 1473 2932 in
1485 2875 1612 2948 lacrymis
1625 2887 1719 2948 potum
1735 2877 1833 2934 asserit

1033 2974 1194 3040 accepturas
1210 2965 1296 3038 (Psoi.
1313 2979 1411 3037 nxxrr,
1422 2964 1461 3037 6).
1475 2965 1692 3037 Caeternmjnxta
1706 2967 1832 3024 eumdem

1034 3058 1209 3128 Prophetam,
1221 3053 1292 3110 sieut
1305 3069 1388 3126 snpra
1397 3069 1507 3126 quoque
1521 3055 1704 3125 meminimus,
1720 3057 1831 3112 dornum

179 3145 264 3200 ierter
286 3143 409 3202 advertas
432 3151 532 3213 quanta
554 3149 581 3200 et
608 3143 636 3196 in
660 3142 720 3216 ipsa
742 3143 802 3213 ejus
825 3143 977 3201 substantia
993 3138 1015 3217 c
1031 3145 1111 3200 istam
1134 3144 1212 3201 decet
1225 3143 1376 3200 sanctitudo
1391 3143 1479 3214 (Psoi.
1500 3159 1566 3211 ren,
1582 3147 1609 3214 ὅ)
1630 3163 1636 3203 :
1656 3154 1686 3201 ut
1707 3145 1832 3204 videlieet

178 3233 338 3292 conuenisse
365 3231 471 3289 ridetur
493 3230 634 3290 diversitas
665 3230 772 3289 1081
804 3239 974 3290 naturarum.
1030 3233 1197 3306 poenitentiae
1215 3233 1350 3305 lacrymas
1370 3232 1475 3304 puritas
1492 3232 1663 3290 continentie
1677 3235 1829 3304 comitetur,

178 3323 252 3394 Quid
262 3323 332 3378 enim
344 3321 442 3394 spiritu
452 3321 514 3381 aitte
525 3319 762 3394 subliminsiquid
773 3323 976 3380 verohnmilins
1030 3330 1125 3394 atquae
1138 3322 1195 3392 jam
1206 3319 1529 3390 domusest,iiatsubinde
1540 3322 1620 3378 etiam
1631 3324 1760 3395 templum
1771 3325 1829 3381 Dei.

178 3415 245 3470 limo
259 3413 356 3469 terrae?
370 3410 461 3481 Quam
482 3409 602 3482 proiecto
616 3407 674 3466 'tam
688 3411 925 3468 diseobaerentium
949 3413 977 3467 in
1030 3409 1331 3483 Sancticstoteinquit,
1348 3412 1417 3483 quio
1432 3427 1480 3483 cqc
1490 3417 1607 3470 sanctas
1617 3417 1832 3472 sam-nominos

178 3503 290 3560 homine
304 3500 496 3559 cohaerentiam
510 3517 603 3558 rerum
617 3501 692 3572 ipsos
706 3513 815 3574 quoque
838 3501 976 3572 sapientes
1029 3505 1102 3561 Deus
1115 3501 1310 3574 oester(deeit.
1323 3515 1360 3566 rr,
1370 3501 1425 3571 di).
1442 3501 1476 3555 Et
1490 3503 1677 3573 apostolorum
1693 3521 1699 3560 :
1711 3505 1829 3564 Nescitis

178 3593 368 3664 saeculibnjus
391 3592 508 3649 arbitror
530 3606 585 3647 non
608 3590 727 3659 latuisse,
752 3605 815 3648 cum
838 3592 976 3648 bominem
1030 3591 1831 3666 quiecerporavesiraicmpiemsentspiriiessencti,et

177 3683 334 3750 delinirent,
357 3681 457 3738 animal
480 3679 613 3737 rationale
635 3677 759 3736 mortale.
783 3679 913 3735 idirabilis
937 3680 976 3736 si·
1029 3682 1154 3754 Spiritus
1168 3679 1408 3738 sanciaslrebitai
1422 3681 1455 3736 io
1469 3680 1567 3738 vola?
1581 3682 1830 3756 Siquisiempiem

178 3773 291 3844 quidem
314 3772 411 3843 copula
433 3769 548 3827 rationis
574 3778 602 3826 et
623 3769 738 3838 mortis,
764 3769 834 3826 mira
860 3775 975 3826 socratas
1029 3771 1243 3847 Deieioiaoarr'i,
1257 3769 1470 3842 disperdeteum
1479 3772 1587 3841 Denso
1599 3772 1757 3839 connato,
1770 3773 1827 3844 tr).

179 3861 356 3919 discretionis
370 3868 398 3917 et
422 3858 614 3930 corruptionis.
643 3858 689 3914 Sic
717 3857 852 3926 nimirum,
880 3859 920 3916 sic
947 3861 975 3916 in
1065 3865 1090 3916 9.
1111 3859 1247 3931 Numquid
1260 3867 1348 3914 tamen
1363 3861 1407 3916 rel
1421 3861 1480 3933 ipsa
1493 3861 1824 3930 jamsanottmoniosutfi-

179 3949 312 4018 moribus,
329 3951 368 4006 sic
381 3950 410 4006 in
422 3948 576 4015 attactibus,
602 3947 641 4004 sie
659 3947 688 4003 in
710 3947 807 4005 studiis
833 3948 975 4006 bominem
1029 3946 1249 4020 citiPaxquoqu
1261 3947 1826 4022 enecessariaest,Apostoloteste,quiait:

178 4057 235 4098 non
250 4041 349 4108 minor,
365 4039 434 4096 forte
450 4047 476 4094 et
489 4037 604 4109 amplior
621 4036 950 4095 contrarietasiuvenitnr
960 4057 972 4095 ἐ
1028 4039 1129 4095 Pace-m
1146 4037 1295 4094 sectemini
1313 4037 1531 4108 contemnebas,
1548 4041 1576 4094 el
1594 4037 1828 4104 sanctimoniam,

179 4142 210 4188 ut
225 4131 248 4188 si
261 4137 356 4200 wtam,
372 4128 504 4198 sieutest,
519 4127 680 4199 parvitatem
695 4142 818 4184 seorsum
832 4126 973 4197 intuearis,
1027 4129 1089 4185 sine
1103 4143 1160 4202 qno
1170 4142 1251 4185 neme
1261 4126 1366 4184 uidebit
1376 4129 1466 4184 Deum
1477 4126 1568 4199 (Hebe.
1582 4143 1630 4194 xrr,
1645 4128 1698 4199 tt).
1714 4128 1828 4184 tlaecest

177 4237 211 4277 ae
225 4237 336 4278 rursum
350 4219 480 4292 quidquid
494 4216 560 4273 boni
580 4217 689 4275 videtur
706 4215 795 4273 inesse
818 4216 975 4274 consideres
1028 4231 1088 4289 quae
1102 4215 1167 4273 iacit
1189 4215 1270 4271 unius
1287 4215 1369 4272 moris
1398 4215 1519 4270 babitare
1545 4213 1646 4271 iratres
1671 4216 1698 4270 in
1731 4231 1825 4299 unum,

178 4309 348 4382 singillatim,
372 4307 483 4380 plenum
504 4321 616 4364 censeas
640 4321 701 4362 esse
723 4305 874 4378 miraculo,
901 4307 973 4380 quod
1027 4322 1125 4364 novam
1140 4305 1233 4378 utique
1254 4305 1311 4378 regi
1326 4314 1430 4372 nostro,
1460 4304 1661 4377 reropaeiiico‚
1689 4303 1827 4362 edificans

177 4408 237 4455 tam
251 4397 365 4454 adversa
379 4396 561 4454 convenerint.
578 4396 643 4452 lude
664 4396 746 4453 homo
769 4412 840 4454 nunc
863 4395 971 4466 quidem

177 4490 333 4558 Bor-lone,
350 4501 421 4544 nune
434 4501 499 4544 uero
514 4487 621 4544 Seiana
635 4491 753 4543 meretur
767 4485 867 4541 audire.
883 4483 974 4543 Nolite

179 4577 273 4636 mirari
287 4579 347 4634 boc.
363 4575 486 4635 Resolite
510 4591 544 4632 ex
563 4574 720 4649 Evangelio,
745 4574 791 4632 cui
814 4574 917 4630 dictum
940 4573 976 4630 sit

180 4671 220 4740 tet
242 4677 385 4740 utrumque
405 4667 433 4722 in
461 4665 587 4733 ueritate,
612 4681 676 4720 nam
694 4673 841 4737 utrumque
861 4665 894 4720 ab
916 4663 976 4735 ipsa

177 4758 300 4814 veritate
315 4757 429 4828 dietum)
444 4747 520 4830 prins
541 4755 650 4828 qnidam
666 4773 674 4810 ε
689 4757 793 4812 Beatos
816 4769 855 4822 es,
879 4753 977 4810 Simon

167 4848 338 4915 Bor-ieram·
354 4861 405 4904 neo
427 4845 511 4902 multo
531 4851 619 4917 post:
648 4845 718 4901 Vnde
741 4848 827 4912 retro,
853 4843 972 4901 Seiana.

169 4937 253 4993 Unus
277 4951 345 5009 ergo
364 4943 520 5008 utrumque,
544 4934 593 4990 etsi
614 4949 667 4990 non
688 4940 833 5004 utrumqne
857 4947 891 4989 ex
910 4946 973 4988 uno.

1025 4397 1168 4463 civitatem,
1184 4411 1243 4468 quae
1262 4405 1288 4451 et
1312 4395 1369 4466 ipsa
1397 4395 1546 4451 Jerusalem
1569 4394 1734 4464 nominetur,
1754 4395 1828 4468 quod

1029 4495 1071 4543 est
1085 4489 1153 4544 nisio
1178 4485 1270 4558 pecie.
1295 4485 1346 4542 Ubi
1362 4485 1434 4541 enim
1454 4485 1512 4541 sine
1541 4484 1643 4542 ioedere
1656 4485 1739 4557 pacis,
1769 4487 1827 4540 sine

1029 4573 1199 4632 observantia
1213 4573 1290 4646 legis,
1318 4573 1377 4631 sine
1392 4573 1534 4646 disciplina
1552 4581 1579 4630 et
1607 4573 1738 4648 regimme
1762 4590 1826 4631 aee-

1030 4663 1108 4737 phala
1118 4663 1263 4719 multitudo
1278 4670 1442 4736 eongregata
1456 4661 1546 4734 luerit,
1564 4678 1620 4721 narr
1635 4662 1761 4736 populus,
1778 4664 1827 4719 sed

1032 4745 1111 4811 tur'ba
1125 4759 1240 4810 vocatur
1256 4769 1262 4809 :
1279 4760 1386 4808 nonest
1399 4751 1505 4820 ciuitas,
1521 4751 1568 4809 sed
1583 4752 1706 4809 contusio
1719 4793 1726 4820 ,
1741 4751 1827 4824 baby-

1031 4843 1119 4899 lonem
1129 4842 1249 4909 exbibet,
1264 4841 1299 4896 de
1314 4841 1463 4898 Jerusalem
1476 4841 1558 4898 habet
1571 4840 1650 4898 nibil.
1665 4841 1720 4898 Sed
1731 4857 1827 4912 quem-

1030 4930 1178 4988 admodum
1189 4927 1247 4986 lleri
1258 4943 1339 5001 posse
1348 4929 1498 5001 ridebitur,
1513 4935 1543 4987 ut
1557 4946 1603 4987 rex
1614 4937 1703 4987 tantus
1714 4929 1827 4987 10δὲ

166 5023 240 5084 ttlod
254 5025 327 5083 enim
341 5041 374 5082 ex
397 5027 486 5096 Patre,
503 5025 576 5079 istud
602 5039 636 5080 ex
658 5022 779 5092 homine,
802 5021 860 5095 ipse
883 5028 975 5078 tamen
1028 5020 1056 5076 in
1071 5033 1202 5091 sponsum
1224 5025 1351 5086 transeat,
1367 5017 1460 5076 civitas
1476 5019 1673 5092 'promoveatur
1695 5019 1723 5075 in
1742 5035 1827 5091 spon-

170 5123 320 5189 ntrnmque
334 5121 402 5174 erat.
418 5114 497 5172 Unde
516 5110 680 5170 Bar-iona?
694 5108 765 5179 Quia
779 5125 833 5168 nou
847 5125 910 5168 earo
925 5125 976 5168 nee

172 5205 299 5278 sanguis,
315 5205 363 5260 sed
388 5203 466 5260 Pater·
487 5203 511 5258 ei
538 5201 610 5274 qnod
636 5200 742 5258 loeutus
766 5207 807 5256 est
831 5197 973 5257 revelavit.

172 5295 255 5351 Unde
269 5294 407 5351 Satanas?
430 5292 500 5363 Quia
528 5291 618 5362 sapuit
640 5304 701 5362 quae
722 5296 800 5346 erent
824 5288 975 5357 hominum,

172 5399 233 5440 non
247 5399 308 5457 qnae
321 5383 369 5440 Dei
383 5381 495 5454 (narrt.
519 5396 577 5451 rrrr,
594 5381 638 5447 t'l,
654 5381 712 5450 23).
727 5379 788 5434 Jam
811 5376 835 5434 si
861 5385 975 5452 utraque

173 5472 400 5531 consideratione
429 5469 572 5545 diligenter
594 5467 797 5541 inspexerimus
831 5482 881 5524 nos
913 5467 977 5539 quid

175 5579 283 5633 sumus,
301 5563 357 5619 ime
370 5561 398 5618 in
412 5575 476 5629 una,
491 5574 571 5632 quam
585 5557 663 5626 nihil,
679 5557 707 5613 in
723 5557 810 5614 altera
823 5572 904 5629 quam
918 5571 977 5612 ma-

174 5651 297 5726 gnificati
321 5669 328 5708 :
354 5652 456 5724 qnippe
477 5662 527 5721 pro
549 5647 649 5720 quibus
668 5645 750 5704 etiam
772 5645 979 5702 solticitudinem

176 5749 255 5815 gerat
271 5749 343 5798 tauta
359 5728 497 5812 maiestas,
512 5744 540 5796 et
560 5753 606 5796 eor
630 5752 709 5792 sunm
732 5734 889 5810 apparuerit
915 5750 981 5807 erga

1029 5111 1110 5165 sam?
1126 5109 1189 5165 Sola
1199 5107 1253 5164 hoe
1267 5113 1365 5178 potest,
1381 5125 1441 5180 quae
1452 5106 1515 5162 nibil
1533 5123 1585 5164 non
1602 5117 1697 5180 potest,
1712 5107 1828 5163 charitas

1030 5197 1107 5255 fortis
1133 5204 1163 5253 at
1191 5211 1274 5253 mors.
1300 5195 1444 5265 Quomodo
1462 5213 1519 5252 uon
1543 5196 1620 5252 facile
1643 5197 1721 5252 istam
1745 5193 1827 5261 levet,

1030 5301 1091 5360 qnae
1103 5285 1246 5358 illumjam
1259 5284 1530 5342 inclinarit‘lVerum
1556 5285 1617 5340 binc
1637 5283 1686 5338 tibi
1708 5282 1829 5340 nullate-

1031 5391 1082 5432 nus
1095 5374 1264 5432 eonsulenda
1287 5373 1362 5445 prior
1376 5373 1432 5442 illa,
1452 5386 1534 5446 quam
1553 5371 1679 5438 diximus,
1702 5371 1829 5428 couside-

1032 5463 1099 5520 ratio
1114 5462 1153 5518 tui
1168 5480 1175 5516 :
1194 5461 1239 5518 hie
1252 5477 1333 5536 qnam
1348 5460 1523 5533 potissimum
1535 5461 1600 5516 fidei
1624 5459 1831 5532 magnanimitas

1032 5560 1179 5610 exercetur.
1198 5548 1321 5620 Denique
1334 5559 1361 5606 ct
1374 5553 1432 5620 ipse
1446 5551 1484 5606 ait
1502 5566 1509 5604 :
1540 5549 1709 5621 Desponsavi
1724 5550 1832 5607 iemiii

1033 5642 1065 5698 in
1077 5641 1132 5712 fide
1142 5639 1304 5713 &pensavi
1314 5643 1340 5696 ia
1355 5639 1503 5714 injudicio
1518 5639 1669 5711 eijestiiia
1679 5636 1760 5710 (ejus,
1776 5653 1830 5694 non

1034 5739 1107 5788 tuam
1121 5729 1430 5803 intelligel,dcsponsaui
1440 5733 1468 5786 ie
1482 5731 1515 5787 in
1524 5729 1834 5788 miseecreiaatmae-
