4116 6348
211 401 264 460 ιιι
830 384 1061 448 sennonteus
1081 384 1242 446 nrvnusts.
1810 391 1863 450 730

211 526 268 597 39.)
287 524 355 580 Nam
378 523 442 578 dnm
463 519 612 578 seeundum
637 529 743 574 earnem
768 513 897 578 ambulat,
927 511 1004 568 nullo
1021 525 1044 604 Α
1060 519 1163 584 surgat.
1180 511 1261 569 Verbi
1277 515 1373 588 gratia,
1389 517 1486 572 cecidit
1502 535 1549 590 per
1568 517 1793 585 inobedientium
1812 535 1861 591 per

212 614 292 670 modo
306 619 413 686 potest3
435 625 496 666 oum
515 615 606 664 autem
625 605 723 676 spiritu
737 604 787 659 Dei
810 601 908 678 agitur,
927 601 1006 657 facile
1042 600 1221 660 obedientiae
1234 603 1355 659 laborem
1378 605 1450 661 redit
1462 607 1496 661 ad
1512 609 1612 664 vitam:
1628 609 1747 665 lubricus
1760 608 1863 665 exstitit

212 710 309 776 potest.
321 699 392 772 Quid
406 699 478 754 enim
493 697 590 753 habeat
605 691 782 751 emolumenti
797 694 889 757 homo,
906 690 929 747 si
943 705 1007 762 pro-
1060 706 1091 748 ao
1104 691 1270 762 dissolutus3
1287 707 1336 763 per
1359 694 1532 751 continentiis
1550 697 1668 754 studium
1688 698 1863 770 rigoremque

212 790 375 860 nimnsejus
393 786 526 844 ardeatis
547 783 739 841 inremotam
756 781 820 855 qnid
847 779 1005 853 perdiderit,
1061 781 1209 853 disciplinae
1246 789 1396 853 reparatur.
1428 784 1529 839 Patitur
1561 785 1597 840 ab
1624 785 1692 858 ipsis
1725 788 1863 843 elementis

210 879 234 934 si
248 893 340 936 seeum
360 875 442 934 luerit
466 875 494 930 in
509 873 656 946 paradissi
671 872 767 942 Neque
790 869 864 925 enirn
883 867 943 924 tatis
967 877 1008 924 est
1063 871 1155 926 mnndi
1180 886 1298 941 poenam,
1324 885 1441 943 quornm
1461 888 1510 926 usu
1533 873 1637 929 dudum
1659 874 1805 932 defluxerat
1829 877 1862 930 nd

210 967 257 1024 illa
278 966 397 1040 paradisi
427 964 582 1031 baereditas,
607 969 637 1018 ut
666 959 863 1032 possidentium
893 970 1007 1013 numero
1063 961 1237 1029 voluptatem.
1258 959 1362 1028 Quibus
1383 960 1549 1017 cruciatibus
1572 977 1634 1018 enm
1656 963 1712 1030 diu,
1735 973 1862 1036 tanquam

212 1055 358 1110 minuatur.
374 1053 468 1127 Diligit
492 1067 558 1124 ergo
583 1051 745 1121 proximum,
769 1064 851 1120 quem
875 1061 929 1101 non
950 1046 1009 1100 vult
1063 1063 1156 1104 aurum
1172 1047 1200 1104 in
1222 1047 1331 1106 lornaoe
1349 1050 1479 1121 probatus
1504 1048 1595 1116 luerit,
1612 1057 1743 1122 quantum
1759 1053 1864 1110 scilicet

215 1142 312 1196 rnatum
329 1141 393 1212 pati,
420 1143 489 1198 sieut
508 1157 557 1197 nec
573 1141 703 1211 seipsum,
725 1149 750 1194 et
773 1153 854 1210 quem
875 1137 945 1192 sieut
966 1149 1010 1188 se·
1064 1135 1177 1210 dignum
1190 1136 1323 1205 judicabit
1350 1139 1372 1194 is
1394 1141 1441 1210 qut
1465 1139 1492 1193 in
1516 1153 1585 1209 pane
1607 1138 1788 1212 laerymarum
1815 1156 1864 1197 nos

211 1231 299 1303 ipsum
315 1230 372 1286 vult
389 1229 525 1300 possidere
544 1230 653 1286 coeltrm.
670 1229 728 1284 lloe
746 1234 834 1283 eutem
850 1240 910 1290 sno,
925 1223 952 1278 id
968 1229 1011 1281 est
1065 1225 1146 1296 cibat,
1163 1234 1190 1281 et
1206 1234 1298 1299 potum
1313 1227 1360 1283 dat
1381 1228 1461 1284 nobis
1483 1227 1510 1282 in
1532 1228 1658 1299 lacrymis
1679 1229 1707 1284 in
1726 1244 1863 1295 mensura,

213 1318 327 1375 bominis
343 1318 450 1388 spiritu,
472 1320 581 1387 quando
601 1323 703 1389 posset,
725 1324 755 1370 ut
772 1314 874 1370 scilieet
889 1327 1011 1384 expane—
1065 1313 1160 1385 iueipit
1169 1315 1227 1385 jam
1243 1315 1388 1384 consolari,
1404 1325 1431 1374 et
1446 1317 1520 1374 audit
1535 1316 1607 1373 illam
1621 1317 1696 1373 lsaiae
1711 1333 1803 1373 vocem
1820 1317 1864 1372 di-

212 1413 299 1464 sceret
316 1406 478 1476 gebennam,
494 1421 526 1462 ae
544 1405 664 1462 coelestia
682 1402 868 1459 desideraret?
890 1399 944 1458 Sed
957 1414 1009 1468 po·
1065 1403 1169 1458 centis:
1185 1406 1385 1471 consolamini,
1401 1407 1597 1472 consolamini,
1612 1407 1714 1480 popule
1728 1422 1809 1464 incus
1823 1407 1867 1463 di·

214 1503 266 1552 test
282 1495 335 1550 boc
349 1494 422 1550 illius
433 1493 541 1559 spiritu,
558 1492 601 1549 eui
619 1492 720 1549 dictum
736 1501 775 1546 est
791 1507 796 1544 :
815 1491 844 1546 st
859 1488 1009 1545 ascendero
1065 1495 1105 1549 rit
1119 1494 1301 1552 Deosoester.
1313 1499 1472 1568 loquemini
1484 1498 1520 1553 ed
1530 1513 1578 1552 cor
1589 1498 1758 1567 ternsotem,
1771 1497 1863 1553 etod-

213 1601 243 1640 ιιι
253 1583 364 1649 coetum,
378 1586 410 1639 tu
425 1581 487 1638 illie
503 1597 530 1637 es
541 1581 629 1652 (Psoi.
641 1595 771 1644 cxxxvm,
786 1580 825 1647 8),
834 1585 886 1632 etc.
897 1574 1011 1646 Spiritus
1065 1585 1158 1639 vorate
1170 1599 1250 1648 enm,·
1266 1585 1401 1654 quonium
1413 1586 1552 1659 completo
1565 1590 1607 1644 est
1623 1587 1737 1642 matitia
1751 1587 1822 1658 cjtts.
1836 1586 1864 1638 id

215 1673 315 1746 quippe
330 1670 470 1743 sapientiae
480 1669 580 1743 ubique
590 1684 720 1741 praesens,
732 1663 880 1737 novitquid
891 1665 917 1718 in
927 1665 1008 1732 coelo,
1064 1676 1104 1723 est
1117 1668 1235 1738 sillictin,
1245 1670 1363 1728 dimisso
1373 1677 1414 1730 cst
1428 1675 1568 1746 iniquitas
1582 1675 1670 1731 iilius.
1689 1675 1817 1746 Suscepit
1832 1673 1864 1730 dc

213 1767 241 1816 et
261 1759 327 1832 qnid
348 1763 445 1835 agatur
462 1758 491 1814 in
508 1757 624 1814 inlerno.
640 1757 761 1828 Cumque
781 1760 898 1810 mentem
914 1754 1008 1809 buma-
1025 1773 1152 1876 Bmmm
1171 1759 1285 1815 Domini
1298 1759 1426 1833 duplicia
1442 1780 1494 1834 pro
1518 1763 1651 1821 omnibus
1663 1763 1785 1836 pcccatis
1804 1764 1864 1818 suis

215 1866 275 1906 nam
291 1848 412 1919 replevit,
438 1855 464 1904 et
482 1848 517 1904 de
539 1847 630 1922 poenis
649 1845 746 1902 inferni
762 1843 857 1899 incutit
872 1841 1006 1907 timorem,
1061 1847 1129 1918 (lna.
1141 1861 1188 1912 ιιι,
1207 1850 1233 1910 1,
1251 1849 1291 1918 D).
1307 1847 1453 1918 Postquam
1471 1866 1536 1907 vero
1555 1851 1770 1908 consolationem
1786 1865 1863 1906 rece·

214 1945 241 1994 et
254 1937 401 1995 caelestium
416 1952 536 1992 amorem
550 1933 666 1992 infundit
682 1949 689 1990 ε
709 1929 821 1991 1225
837 1930 928 2002 sieque
943 1929 1008 1986 lacit
1065 1933 1143 2004 perit,
1156 1933 1288 1990 sollicitus
1302 1943 1343 1990 est
1357 1945 1385 1991 et
1398 1937 1495 2006 qnaerit
1506 1941 1646 2008 quemme
1660 1939 1768 2010 placent
1782 1939 1806 1994 ei
1821 1939 1865 1994 oni

215 2026 352 2083 bominem
375 2041 466 2082 amare
493 2027 623 2098 seipsum,
650 2033 676 2079 et
702 2021 767 2078 dicit
795 2020 821 2076 ei
845 2037 851 2076 :
883 2020 1011 2077 Miserere
1065 2038 1094 2078 se
1105 2023 1235 2092 probavit.
1252 2023 1328 2079 Facit
1341 2023 1472 2096 quidquid
1488 2024 1554 2080 boni
1567 2024 1644 2092 lacit,
1657 2035 1685 2080 nt
1698 2025 1750 2081 soli
1766 2026 1865 2096 pluerat

214 2116 401 2181 animantum,
414 2113 529 2187 placeris
547 2115 602 2171 Deo
618 2112 715 2182 (Docti.
733 2127 795 2177 xxx,
811 2110 869 2181 Di).
890 2107 1009 2162 Primum
1064 2128 1114 2170 suo
1130 2111 1277 2168 (loquitari.

215 2202 298 2274 igitur
315 2211 357 2258 est
373 2201 489 2274 diligere
503 2217 543 2270 se,
565 2197 1009 2272 deindeproximnm.Nonen1m
1101 2203 1128 2256 t.
1147 2200 1253 2256 Transit
1276 2199 1311 2256 ad
1333 2201 1442 2258 tertium
1458 2203 1572 2274 gradum
1591 2202 1633 2259 sni
1655 2200 1816 2272 proiectus:
1838 2213 1866 2257 nt

213 2291 316 2347 dictum
336 2299 387 2358 est,
403 2291 505 2362 Diliges
518 2300 545 2347 te
559 2289 629 2346 sicut
641 2288 811 2360 prosimum3
830 2286 889 2354 sed,
904 2287 1009 2358 Diliqcs
1064 2289 1099 2344 sit
1120 2288 1223 2343 scilieet
1249 2287 1353 2345 amicus
1373 2289 1523 2362 sapientie,
1540 2307 1601 2362 quae
1624 2297 1745 2346 materno
1764 2289 1864 2346 ait'eetn

214 2381 462 2452 prosimumsicot
476 2385 513 2436 te.
531 2381 587 2434 lloo
599 2379 677 2434 modo
693 2377 722 2430 tlt
732 2386 836 2432 amator
850 2375 1010 2430 auimaesuce
1066 2377 1183 2448 loquitur
1198 2375 1259 2442 sibi,
1275 2393 1335 2433 cum
1350 2376 1427 2447 dicit,
1442 2379 1549 2449 Proebc,
1564 2379 1620 2449 tiit,
1634 2396 1682 2438 cor
1694 2384 1777 2438 tuum
1792 2377 1865 2434 milti

215 2485 264 2542 per
279 2467 409 2540 Spiritum
428 2476 563 2540 sanetum,
579 2483 660 2538 quern
679 2481 717 2522 ex
734 2465 787 2521 tide
807 2463 920 2535 accepit.
1065 2466 1157 2537 (Pron.
1173 2480 1258 2532 xntrt,
1274 2466 1331 2537 Db).
1347 2466 1415 2521 Cum
1432 2480 1498 2540 erqo
1521 2470 1554 2522 ad
1578 2468 1650 2523 buno
1665 2469 1777 2540 gradum
1801 2483 1864 2538 per-

179 2581 184 2589 ·
249 2559 276 2612 2.
297 2558 416 2628 decepto
439 2565 532 2613 nutem
556 2558 608 2612 boc
631 2555 714 2622 dono,
731 2568 785 2609 non
805 2554 883 2609 debet
902 2566 935 2608 eo
950 2551 1010 2607 solo
1064 2553 1148 2620 venit,
1161 2553 1228 2608 nibil
1242 2553 1314 2609 aliud
1329 2554 1354 2609 ei
1370 2561 1463 2622 restat,
1479 2555 1529 2611 nisi
1545 2564 1574 2610 nt
1586 2556 1618 2610 ad
1632 2565 1753 2628 quartum
1769 2571 1864 2614 ascen·

214 2649 359 2702 contentus
377 2661 448 2716 esse,
459 2645 507 2700 sed
522 2643 555 2699 ad
569 2645 673 2716 majora
688 2641 816 2713 provebi,
832 2650 859 2696 et
873 2641 900 2694 in
915 2639 1012 2696 melius
1065 2641 1121 2710 dot,
1135 2642 1182 2698 nbi
1201 2641 1299 2698 dieitur
1312 2657 1371 2698 esse
1386 2641 1503 2714 sapiens.
1523 2645 1581 2701 lloc
1594 2652 1682 2702 autem
1698 2645 1736 2712 lit,
1755 2644 1865 2717 quande

214 2732 356 2803 prolicere.
374 2731 545 2791 visitantem
557 2732 613 2803 jam
628 2747 677 2804 per
690 2729 828 2802 Spiritum.
849 2729 902 2785 Sed
919 2728 1011 2800 siper
1062 2732 1117 2802 jam
1134 2737 1273 2802 operatur,
1286 2746 1342 2788 non
1363 2739 1393 2788 ut
1407 2732 1465 2803 ipse
1479 2733 1536 2789 Deo
1551 2734 1664 2804 placeat,
1679 2734 1752 2807 qnod
1773 2735 1865 2805 utique

214 2821 357 2893 Spiritum
366 2821 499 2887 vivimus,
510 2820 712 2892 aitspostotus,
722 2819 830 2892 spiritu
839 2822 868 2876 et
881 2816 1010 2874 ambute-
1066 2820 1093 2876 in
1109 2821 1188 2876 tertio
1202 2820 1291 2894 gradu
1306 2819 1424 2887 lecernt;
1441 2822 1490 2877 sed
1505 2822 1568 2893 quia
1582 2824 1671 2895 placet
1684 2823 1710 2878 ei
1725 2821 1866 2888 Deus,ch

213 2925 281 2966 mers
297 2910 402 2981 (Geloi,
417 2925 444 2966 ι.
460 2909 518 2978 25).
533 2909 567 2963 Et
586 2907 649 2964 alibi
665 2906 729 2962 dicit
746 2921 752 2959 :
769 2909 822 2966 llos
836 2921 900 2964 vcro
915 2919 1011 2962 omncs
1065 2909 1127 2980 qnia
1147 2909 1231 2980 placet
1250 2910 1308 2965 Deo
1332 2911 1404 2981 quod
1429 2920 1566 2982 operatur.
1582 2910 1711 2984 Quisquis
1735 2911 1795 2968 talis
1814 2921 1865 2976 est,

214 2999 422 3069 revelatasctcie
434 2999 555 3070 pieriam
571 2999 622 3054 Dei
634 2996 822 3070 speculantes,
835 2997 867 3051 in
884 2995 1010 3052 eumdem
1066 3005 1156 3067 potest
1177 3013 1239 3054 cum
1264 3005 1318 3055 tota
1342 2997 1440 3054 fiducia
1465 3017 1497 3055 ae
1523 3001 1668 3057 securitate
1694 3000 1867 3057 conscientie

214 3087 367 3158 imupirtem
378 3085 1008 3159 transformomorucluritntsiocloriiotem
1026 3069 1048 3148 G
1062 3085 1127 3141 illud
1144 3086 1280 3157 Sapientis
1294 3088 1430 3145 canticum
1444 3089 1606 3147 decantare:
1624 3092 1657 3146 lo
1670 3092 1799 3149 omnibns
1814 3109 1865 3148 re·

215 3179 350 3248 tonqttom
368 3193 385 3231 u
403 3175 518 3233 Domini
537 3176 647 3248 Spiritu
668 3174 709 3247 (ll
731 3175 791 3231 Cor.
810 3187 852 3238 111,
875 3173 931 3244 18).
953 3174 1011 3229 Ηοε
1065 3176 1159 3246 quiem
1173 3174 1298 3248 questui,
1309 3183 1363 3232 etc.
1374 3175 1423 3232 llic
1436 3177 1508 3232 enim
1524 3179 1671 3249 requiescit
1685 3179 1713 3234 in
1726 3180 1865 3247 omnibns,

215 3261 340 3332 ipsomet
359 3263 500 3318 Psalmista
516 3261 548 3318 de
563 3263 663 3318 sanetis
677 3263 782 3318 videtur
797 3261 915 3317 sensisse
932 3278 937 3314 :
955 3263 1011 3316 De·
1066 3278 1127 3318 eum
1144 3265 1296 3334 peremnia
1311 3262 1337 3318 ei
1357 3265 1460 3332 placeat
1474 3266 1555 3330 Dens,
1572 3267 1617 3337 qni
1637 3282 1691 3322 non
1708 3269 1754 3324 Dei
1769 3269 1866 3326 volun-

215 3353 414 3418 sedictionem,
430 3352 528 3424 inquit,
544 3352 622 3410 debit
637 3353 795 3422 tepentia,-
811 3351 894 3406 ibrtnt
906 3350 940 3407 de
953 3351 1012 3405 oir—
1067 3356 1149 3407 tatem
1164 3350 1197 3404 ad
1209 3365 1286 3406 suam
1300 3366 1423 3417 curvare,
1439 3353 1487 3407 sod
1501 3369 1578 3408 suam
1597 3354 1690 3410 didicit
1704 3357 1737 3412 ad
1753 3357 1804 3412 Dei
1818 3373 1868 3413 vo-

217 3445 278 3498 tute
301 3444 332 3499 in
350 3444 499 3509 virtutem,
514 3441 656 3499 viclebr'tur
669 3442 746 3498 Dens
763 3438 879 3495 deorum
893 3440 924 3493 in
945 3439 1012 3494 Sion
1067 3439 1197 3495 luntatem
1215 3437 1329 3512 erigere.
1355 3441 1503 3496 llorabitnr
1522 3442 1552 3497 tn
1568 3443 1735 3501 haereditate
1752 3447 1867 3502 Domini

217 3531 304 3594 (Psoi.
321 3545 433 3598 nxxxut,
444 3531 482 3601 8).
493 3526 619 3586 Διιιιιιιει
633 3533 661 3583 ει
676 3528 735 3596 ista,
749 3543 829 3598 quem
846 3529 871 3580 in
887 3525 1013 3581 manibus
1068 3527 1165 3595 (Decii.
1182 3542 1260 3593 xxiv,
1277 3529 1332 3597 11),
1344 3526 1412 3583 sieut
1422 3527 1447 3582 ei
1464 3529 1585 3599 ejusdem
1598 3531 1705 3586 Domini
1722 3548 1786 3588 voce
1799 3549 1866 3603 pro-

216 3617 364 3676 babemus:
376 3625 419 3674 eat
430 3625 457 3675 et
470 3617 603 3689 proficiat,
615 3621 702 3673 donec
716 3617 748 3670 ad
761 3623 887 3688 quartum
898 3614 1011 3686 gradum
1068 3615 1188 3682 mittitur,
1205 3631 1265 3672 cnm
1281 3614 1378 3672 dicitur
1393 3635 1400 3671 :
1418 3657 1425 3670 .
1447 3620 1560 3674 Terram
1578 3621 1609 3674 in
1625 3635 1679 3691 qun
1696 3619 1802 3678 dormis
1818 3623 1867 3679 tibi

216 3708 363 3779 perveniat.
380 3707 421 3763 lbi
431 3707 489 3763 sine
499 3706 582 3762 dnbio
598 3705 684 3760 lactus
695 3705 802 3775 sapiens
812 3703 914 3761 ridebit
923 3704 1010 3758 Drnm
1066 3703 1134 3761 dubo
1149 3723 1158 3759 .·
1173 3705 1224 3761 hoc
1237 3712 1294 3771 est,
1310 3705 1430 3776 quietem
1453 3704 1543 3772 istam,
1559 3709 1594 3762 ad
1619 3723 1699 3780 quam
1721 3709 1868 3778 pervenisti

214 3797 328 3852 deornm
344 3796 372 3850 in
385 3795 461 3854 Sion.
479 3797 562 3851 Porro
577 3810 611 3850 eo
632 3795 692 3866 ipso
711 3791 864 3866 qnoddirri,
881 3791 928 3863 qui
942 3795 1012 3849 bene
1066 3793 1157 3848 labore
1181 3803 1227 3848 tuo
1255 3801 1283 3848 et
1310 3809 1420 3848 munere
1448 3809 1521 3866 meo,
1545 3795 1669 3852 stabilem
1699 3797 1748 3852 tibi
1773 3797 1866 3856 iaciam

214 3885 306 3958 diligit
319 3887 437 3943 animam
452 3900 537 3950 snam,
554 3883 636 3939 debet
649 3882 728 3938 etiam
742 3881 855 3953 diligere
866 3881 1010 3951 iustitiam.
1066 3891 1146 3952 atque
1162 3890 1330 3954 perpetuam.
1345 3881 1423 3950 Quod
1448 3890 1537 3939 antem
1551 3885 1702 3954 subjungit,
1719 3890 1748 3942 et
1762 3888 1868 3943 semini

215 3973 343 4047 Alioquin
359 3973 382 4030 si
396 3973 486 4047 diligit
500 3973 680 4046 iniquitatem,
694 3971 752 4028 odit
772 3971 862 4042 plane,
879 3985 931 4026 non
950 3969 1011 4026 dili·
1067 3975 1116 4028 tuo
1136 3972 1217 4043 (Gerr.
1233 3986 1338 4036 xxvur,
1361 3974 1416 4044 13),
1434 3973 1473 4028 sic
1492 3989 1635 4044 possumus
1660 3974 1820 4048 intelligere,
1838 3987 1867 4031 nt

215 4063 265 4136 git,
280 4062 395 4119 animam
411 4079 485 4118 suam
506 4063 593 4132 (Psoi.
609 4077 635 4125 ι,
651 4059 690 4132 6).
1065 4074 1119 4116 non
1136 4062 1224 4116 solnm
1238 4060 1345 4132 spiritui
1360 4061 1440 4116 detur
1455 4061 1634 4134 tranquillitas
1649 4062 1710 4128 ista,
1727 4072 1753 4119 et
1772 4065 1825 4132 hie,
1839 4075 1866 4120 et

251 4156 277 4208 3.
292 4150 433 4222 Diligendo
449 4159 539 4207 autem
555 4150 687 4221 justitiam
702 4147 797 4204 transit
812 4145 1009 4205 adsecundurn
1065 4149 1091 4204 in
1107 4148 1216 4216 luturo;
1242 4147 1357 4208 1228
1381 4151 1428 4205 sed
1456 4151 1537 4207 etiam
1566 4152 1666 4208 semini
1690 4163 1745 4217 tuo,
1760 4152 1788 4207 id
1812 4155 1862 4225 est,

215 4243 338 4320 gradum,
358 4249 386 4298 et
399 4241 474 4297 audit
488 4240 554 4296 illud
572 4239 717 4311 Sapientiae
731 4245 896 4310 praeceptum
913 4253 919 4292 :
935 4239 1009 4294 Dili-
1065 4236 1191 4308 operibns
1206 4237 1259 4292 tuis
1273 4238 1381 4294 dabitur
1394 4240 1517 4305 certioris
1537 4241 1574 4295 tui
1594 4239 1765 4313 glorificatio.

213 4335 271 4406 pite
276 4333 430 4404 justitiam,
442 4333 491 4404 qui
498 4330 639 4403 judicetis
651 4334 760 4388 terram
767 4329 845 4401 (Sep.
857 4325 1008 4399 1,l).Qnam
1025 4342 1048 4421 υ
1363 4327 1481 4384 sunno
1500 4329 1565 4384 CIV.

214 4423 237 4477 si
259 4422 376 4493 perlecta
398 4420 532 4488 dilexerit,
557 4420 639 4476 debet
661 4433 761 4491 prees
785 4417 856 4475 lerre
877 4417 1010 4490 patienter
1162 4418 1201 4474 De
1214 4423 1336 4490 quotuor
1349 4416 1560 4492 impedimentis
1573 4421 1765 4490 confessionis.

214 4528 323 4568 ornnem
347 4527 455 4582 poenam
479 4517 507 4567 et
529 4524 718 4582 quamcunque
740 4507 843 4563 illatam
864 4515 1010 4564 contume·
1101 4511 1126 4564 l.
1147 4505 1267 4574 Quatnor
1294 4513 1441 4580 suntque
1465 4507 1617 4579 impediunt
1645 4507 1864 4580 consessionem,

213 4603 288 4657 liam.
303 4603 363 4657 Duo
386 4600 488 4674 qnippe
507 4599 643 4672 prestabit
667 4597 692 4652 ei
714 4595 818 4666 justitia
838 4614 845 4650 ι
869 4611 964 4660 unum,
981 4604 1010 4650 ut
1065 4595 1162 4668 pudor,
1180 4595 1268 4663 timor,
1286 4611 1360 4667 spes,
1376 4596 1541 4668 desperatio.
1556 4595 1694 4664 Quosdam
1708 4597 1787 4668 :enim
1809 4599 1865 4653 im-

214 4690 295 4745 laciat
308 4689 380 4762 quod
395 4689 489 4761 debet3
505 4687 631 4752 alterum,
648 4695 678 4740 ut
692 4685 809 4754 patiatur
821 4685 894 4757 quod
908 4685 1006 4740 debet:
1065 4685 1138 4757 pedit
1157 4682 1253 4756 pudor,
1268 4684 1315 4756 qui
1337 4683 1439 4742 seilicet
1453 4699 1504 4756 pro
1527 4686 1583 4742 sola
1603 4686 1761 4743 eoniusione
1775 4687 1865 4744 dicere

214 4778 324 4848 seilicet,
341 4787 371 4836 ut
393 4777 529 4834 sibonum
549 4792 604 4831 non
628 4773 722 4831 lecerit
745 4773 819 4844 quod
835 4771 936 4839 debuit,
956 4787 1011 4827 ma·
1063 4773 1227 4832 erubescunt
1248 4780 1358 4845 peccota
1384 4790 1445 4846 quae
1459 4773 1661 4831 commiserunt.
1679 4777 1719 4833 De
1744 4792 1797 4849 qno
1816 4795 1865 4850 per

214 4868 269 4923 lum
282 4868 357 4941 qnod
370 4867 469 4925 meruit
487 4865 612 4939 patiatur.
633 4863 679 4919 Sic
698 4861 768 4920 miro
781 4860 862 4918 modo
880 4877 916 4918 ne
930 4862 1010 4918 dese-
1062 4863 1233 4920 Salomonem
1254 4861 1353 4918 dicitur
1370 4883 1376 4917 ι
1393 4865 1442 4920 Est
1461 4865 1591 4934 confusio
1605 4863 1749 4922 adduceris
1761 4881 1861 4939 pecco·

214 4958 298 5013 rendo
310 4957 418 5026 quidem
431 4953 564 5028 justitiam
579 4954 613 5009 ab
635 4951 695 5024 ipsa
708 4950 866 5018 deserimur,
882 4951 946 5007 dnm
962 4966 1010 5021 per
1064 4956 1137 5010 tum.
1148 4951 1210 5020 Quo
1224 4948 1317 5007 contra
1331 4951 1365 5006 de
1380 4949 1422 5007 bie
1435 4951 1481 5024 qui
1495 4951 1667 5020 confitentur,
1683 4953 1782 5011 iterum
1795 4955 1863 5012 dici-

213 5044 300 5116 ipsam
315 5044 427 5118 quilibet
440 5040 669 5116 prevaricationis
680 5047 771 5096 reatus
784 5039 904 5110 punitur.
916 5041 1008 5112 Neque
1063 5048 1106 5097 tur
1121 5061 1127 5098 :
1147 5045 1194 5099 Est
1207 5042 1334 5113 confusio
1349 5041 1491 5099 adducens
1505 5042 1625 5114 qloriom
1639 5046 1737 5115 (Ducti.
1751 5059 1790 5110 tv,
1802 5046 1865 5117 ιι),

214 5135 286 5188 enim
297 5139 338 5189 est
352 5133 398 5204 qui
412 5148 442 5189 se
455 5130 630 5188 abscondita
646 5132 735 5187 calore
749 5130 818 5201 ejus.
835 5128 909 5185 Hanc
918 5134 1008 5185 autem
1062 5131 1136 5202 Quos
1150 5130 1231 5187 etiam
1245 5129 1416 5187 commendat
1427 5132 1572 5202 propbeta,
1582 5130 1686 5205 dicens,
1703 5134 1862 5204 Confessio-

214 5237 322 5291 ttoenam
341 5237 395 5278 non
418 5223 504 5279 solum
529 5219 569 5276 tir
590 5221 677 5289 jutius
704 5231 759 5275 11⁰ss
782 5219 887 5283 horrei.
915 5234 1007 5274 verum
1062 5239 1126 5279 nem
1137 5225 1165 5279 ct
1174 5221 1299 5278 decorem
1309 5217 1531 5289 induistiil’sat.
1543 5234 1601 5284 erut,
1613 5220 1698 5291 l):et
1707 5220 1782 5288 alibi,
1794 5222 1863 5279 Cors-

212 5315 295 5366 ettam
310 5311 424 5366 libenter
439 5309 548 5381 excipit,
563 5309 628 5363 dum
644 5325 692 5379 per
710 5323 769 5365 eam
784 5305 926 5378 praeteritae
945 5306 1007 5364 vitre
1061 5315 1144 5382 sessio
1155 5309 1406 5382 etmopnitirentiu
1416 5324 1486 5383 opos
1499 5310 1562 5380 ejus
1576 5308 1663 5380 (Psut.
1677 5323 1726 5377 cx,
1738 5309 1776 5380 3).
1786 5311 1860 5367 Alios

212 5407 323 5473 peccata
342 5398 454 5472 pnrgari
473 5399 588 5456 lidetiter
601 5398 696 5454 eredit.
707 5397 775 5454 Hinc
788 5396 861 5454 eninr
877 5396 1007 5470 scriptum
1062 5399 1173 5471 impedit
1188 5399 1278 5456 timor.
1290 5399 1397 5454 Timent
1406 5397 1478 5456 enim
1490 5397 1513 5453 si
1527 5393 1715 5464 confiteantur,
1724 5413 1758 5454 ne
1771 5402 1861 5471 gravis

211 5499 273 5547 est:
290 5492 351 5548 lion
365 5489 545 5549 contristabit
554 5491 669 5563 justum
683 5487 819 5562 quidquid
833 5503 860 5545 et
873 5488 1008 5545 occiderit
1061 5489 1100 5545 eis
1113 5486 1268 5559 poenitentia
1278 5487 1453 5560 injungatur3
1470 5492 1497 5542 et
1512 5486 1561 5542 bes
1570 5484 1660 5560 arguit
1671 5487 1730 5550 lob,
1741 5485 1854 5545 dicens:

212 5580 305 5650 (Pron.
331 5594 380 5650 ιιι,
401 5582 457 5649 21).
483 5578 604 5653 Opponit
626 5579 709 5652 igitur
726 5577 807 5637 uariis
825 5577 1008 5649 voluptatibus
1065 5578 1117 5649 Qui
1132 5581 1215 5637 temet
1228 5580 1374 5651 pruinam,
1391 5579 1485 5634 irritet
1498 5591 1660 5647 supereum
1673 5576 1856 5646 similemur,

212 5669 314 5740 quibus
329 5667 439 5738 corruit,
456 5669 588 5724 contraria
608 5667 802 5724 medicamenta
823 5681 870 5738 per
885 5681 947 5736 quae
962 5681 1002 5723 re·
1062 5667 1116 5740 16).
1135 5669 1202 5725 Sunt
1217 5675 1306 5725 autem
1321 5659 1452 5732 nonnulli,
1468 5665 1514 5739 qui
1536 5665 1564 5720 in
1578 5664 1630 5722 boc
1652 5665 1752 5724 mundo
1768 5665 1858 5722 adbuc
