3950 6350
45 429 96 482 233
555 419 591 474 IN
609 419 707 476 esen.
729 421 788 488 QUI
805 419 962 477 nlullan
977 417 1093 476 SERMO
1112 419 1173 475 xil.
1540 440 1546 446 ·
1636 421 1691 481 m

43 548 110 604 lilius
133 548 260 614 bominis,
285 546 411 620 quoniam
427 550 537 615 reputas
560 543 643 598 cumi
667 541 751 612 Quasi
771 557 838 600 uero
854 559 878 636 Α
896 551 1025 614 quantum
1053 543 1195 600 debemus.
1219 543 1303 598 Totus
1326 551 1417 599 tamen
1439 545 1465 601 ei
1494 545 1625 604 reddatur
1661 552 1690 604 et

41 652 94 694 non
108 638 144 694 sit
157 640 239 694 homo
253 636 377 707 putredo,
402 643 430 690 et
442 632 514 688 filius
528 631 646 688 bominis
659 631 771 688 vermis.
783 629 838 687 Sed
895 646 981 702 amor,
996 639 1025 687 st
1038 632 1126 688 bonor
1141 637 1245 696 noster,
1261 645 1341 701 aquo
1357 637 1411 686 tam
1426 632 1492 703 ipsis
1514 650 1595 707 quam
1611 637 1690 693 nobis

42 725 106 797 quid
120 732 199 796 putas
213 721 350 780 mandarit
362 721 397 775 de
412 727 440 776 te
452 719 467 776 t
486 719 614 791 Nunquid
622 717 732 790 scripsit
742 725 838 775 contra
895 727 937 776 est
950 726 1046 786 totum,
1061 719 1135 776 unde
1149 720 1285 774 honorare
1295 733 1439 789 possumus
1450 719 1494 776 vel
1503 737 1605 793 amare,
1615 727 1690 784 unde

42 821 68 868 te
92 809 308 868 amaritudines?
331 807 454 880 nunquid
477 815 507 863 ut
530 814 627 863 contra
650 807 743 864 lolium
767 807 840 880 quod
895 809 977 863 amari
995 807 1158 864 honorarive
1173 822 1319 863 meremur.
1345 808 1443 880 Neque
1457 807 1529 865 enim
1543 811 1691 882 Apostolus

39 909 123 958 vento
140 901 253 973 rapitur,
269 896 414 955 ostendant
438 896 587 968 potentiam
603 911 691 962 suam,
707 906 735 952 et
750 895 840 967 stipu·
895 897 940 951 nbi
962 896 1018 953 ait:
1042 897 1101 954 Soli
1113 900 1167 956 Deo
1191 897 1279 953 bonor
1292 904 1319 953 ct
1345 897 1435 968 plocio
1460 898 1487 968 (l
1505 901 1573 955 lim.
1589 913 1609 970 1,
1635 907 1692 973 ll),

41 991 94 1044 lam
119 989 218 1045 siccem
237 987 461 1059 persequantur?
485 983 608 1056 nunquid
622 993 651 1040 ut
677 984 773 1040 tollant
785 984 840 1037 im·
895 986 1054 1058 prophetico
1068 984 1221 1041 credendus
1239 993 1280 1041 est
1304 985 1414 1044 obviare
1433 988 1564 1055 sermoni,
1580 990 1626 1059 qni
1640 991 1691 1046 sibi

40 1080 126 1150 pium,
143 1093 178 1132 ne
191 1076 280 1133 videat
293 1075 409 1147 gloriam
420 1073 494 1128 Dei?
510 1072 694 1129 blandandum
704 1072 776 1127 istud
787 1077 840 1138 est,
896 1075 977 1129 etiam
998 1073 1099 1131 amicos
1113 1074 1162 1130 Dei
1187 1073 1268 1129 nimis
1290 1072 1483 1131 honorificatos
1502 1089 1563 1131 esse
1579 1083 1693 1134 testatur

36 1183 95 1223 non
109 1165 275 1222 mandatum.
292 1164 355 1221 Non
370 1160 483 1218 recedas
497 1162 532 1216 ab
544 1162 680 1230 adjutorio
693 1159 833 1224 dllisaimi,
896 1161 983 1233 (psal.
1003 1177 1143 1234 exuamur,
1167 1163 1222 1232 ιτ).
1240 1163 1307 1217 Puto
1329 1169 1420 1219 antem
1441 1161 1527 1218 simile
1543 1177 1603 1220 esse
1626 1164 1691 1220 illud

35 1259 63 1312 in
81 1254 255 1326 protectione
276 1250 327 1307 Dei
346 1249 408 1307 coeli
432 1265 612 1320 commorare,
635 1267 670 1305 ne
684 1249 720 1306 de
734 1257 761 1305 te
776 1247 840 1304 illud
896 1251 1009 1306 verbum
1024 1250 1145 1322 Apostoli
1157 1250 1335 1320 eiquoditem
1347 1250 1399 1306 alt:
1419 1251 1695 1325 llcminiqoidpuum

33 1343 206 1419 quandoque
225 1341 380 1397 mandetur.
401 1338 490 1408 Quem
505 1338 577 1394 enim
605 1337 755 1410 protexerit
768 1338 842 1392 Deus
896 1339 1096 1404 debecliacisi
1104 1344 1139 1397 ut
1147 1341 1267 1397 ienuam
1277 1339 1412 1412 dilipotie.
1422 1338 1561 1412 Siquidem
1577 1343 1627 1398 boc
1637 1356 1693 1397 non

29 1432 112 1496 cauli,
133 1446 187 1486 non
202 1431 237 1486 de
251 1444 285 1486 eo
308 1428 372 1482 illud
395 1426 576 1494 mandabitur,
592 1427 641 1482 sad
664 1441 712 1496 pro
738 1440 782 1482 co.
806 1424 841 1480 Et
896 1427 990 1496 voluit,
1007 1435 1037 1483 nt
1057 1428 1107 1483 alia
1122 1427 1252 1499 quaelibet
1267 1427 1359 1484 debite
1382 1435 1555 1504 negarentur,
1578 1429 1695 1501 praesc'r-

32 1520 114 1593 qnod
130 1517 239 1573 interim
266 1533 320 1572 non
345 1515 499 1586 mundatur,
514 1529 564 1586 pro
588 1530 622 1571 eo
651 1514 787 1581 dillertur,
810 1520 843 1570 ut
897 1514 1015 1570 timeum
1030 1514 1101 1570 idem
1125 1515 1183 1586 ipse
1202 1514 1293 1571 dicat:
1327 1515 1381 1572 Oui
1395 1516 1537 1576 bonorem.
1563 1518 1699 1576 bonorem

33 1609 93 1663 sint
106 1605 198 1662 omnia
212 1610 324 1676 propter
349 1603 461 1658 electos.
479 1601 604 1674 Denique
625 1601 786 1673 parantibus
800 1601 839 1657 ire
899 1603 990 1674 (Rom.
1006 1616 1069 1667 xrn,
1091 1606 1117 1670 8,
1134 1603 1174 1674 7),
1205 1611 1233 1658 at
1255 1609 1355 1658 caetera
1375 1603 1403 1659 in
1425 1606 1498 1660 bunc
1519 1605 1638 1663 modum.
1663 1607 1697 1662 Ut

35 1693 189 1763 servis,'et
202 1689 330 1746 continuo
355 1689 576 1759 superseminata
591 1687 721 1762 colligere
739 1687 842 1744 simnia
899 1704 966 1760 crgo
989 1689 1094 1761 plenius
1116 1688 1252 1762 intelligas
1279 1689 1346 1761 quid
1372 1690 1399 1744 in
1428 1698 1546 1764 utroque
1566 1693 1695 1766 senserit,

35 1779 224 1854 cupientibus,
237 1777 365 1850 providus
387 1775 602 1847 paterfamilias:
627 1775 841 1848 statiuisque,
899 1778 997 1850 quidve
1011 1778 1158 1844 monuerit,
1172 1778 1235 1833 vide
1260 1778 1488 1851 quemadmodum
1511 1780 1584 1837 inter
1606 1781 1697 1837 radios

35 1887 132 1944 usque
147 1869 319 1937 udmcsacre,
329 1883 366 1925 ue
379 1869 455 1938 serto
464 1866 615 1923 eradicetis
630 1867 756 1922 simulet
767 1865 846 1922 triti·
861 1855 884 1933 Β
900 1865 964 1922 solis
977 1865 1082 1922 minora
1096 1865 1225 1937 quaelibet
1237 1866 1380 1922 luminaria
1395 1882 1451 1922 non
1465 1867 1603 1927 ridentur.
1618 1868 1697 1925 Nun·

36 1975 108 2015 cum
128 1957 241 2028 (natet.
267 1969 332 2024 xrrr,
356 1957 402 2020 30,
425 1953 483 2024 29).
498 1952 643 2023 Quomodo
654 1952 736 2028 igitur
752 1951 845 2009 tandiu
900 1952 965 2025 quid
978 1961 1067 2010 amota
1089 1953 1171 2009 modo
1194 1952 1284 2010 sidera
1308 1951 1476 2009 arbitratur?
1503 1953 1630 2027 Nunquid
1645 1971 1697 2011 en·

36 2043 251 2102 conservabitur
273 2040 402 2098 interea?
424 2042 481 2098 lloc
499 2041 589 2112 plane,
606 2041 658 2098 lroc
681 2056 750 2112 opus
773 2055 844 2112 pree·
901 2041 1024 2098 stinctat
1053 2042 1163 2098 Minime
1194 2042 1315 2115 quidem,
1346 2044 1395 2099 sed
1424 2042 1547 2115 ampliori
1575 2043 1697 2100 claritate

33 2149 115 2203 sens,
134 2137 185 2188 troc
198 2131 355 2187 mandatnm
370 2129 502 2201 temporis
518 2131 607 2199 bajus.
900 2129 1099 2203 quodammodo
1114 2136 1195 2198 tecta,
1211 2130 1320 2186 interim
1333 2145 1467 2203 apparere
1480 2145 1535 2187 non
1550 2131 1697 2202 possesio

72 2226 102 2281 5.
114 2219 327 2294 ltaquecupclis
334 2215 629 2288 suiamuadcuitdcte,
638 2218 844 2275 utcustodiunt
901 2234 968 2291 ergo
977 2218 1085 2276 dilectio
1094 2219 1146 2274 alis
1159 2219 1264 2291 qnaevis
1284 2218 1378 2276 debita
1392 2234 1537 2290 superans,
1552 2219 1630 2292 quasi
1639 2220 1697 2276 sola

35 2319 75 2369 te.
96 2311 123 2366 Ο
138 2309 257 2366 triticum
266 2309 337 2364 inter
350 2305 454 2362 zizania
467 2305 473 2362 l
491 2321 636 2378 ogranum
650 2306 723 2370 inter
734 2306 826 2376 paleas
838 2303 844 2358 l
902 2322 1017 2378 regnare
1031 2306 1114 2363 debet
1122 2306 1150 2361 in
1162 2307 1258 2364 nobis:
1269 2313 1300 2362 nt
1308 2306 1440 2378 quidquid
1454 2306 1697 2371 debetnrcaeteria,

33 2418 52 2457 o
73 2400 167 2455 lilium
183 2397 255 2453 inter
268 2394 380 2468 spinasl
397 2393 506 2450 Gratias
525 2394 561 2461 ei,
578 2394 689 2461 iratres,
709 2393 810 2467 gratias
822 2393 848 2448 ei
901 2394 953 2450 sibi
964 2394 1098 2462 uindicet,
1114 2403 1141 2451 et
1164 2409 1197 2450 ex
1219 2394 1365 2451 dilectione
1383 2395 1474 2451 omnis
1498 2394 1637 2451 iaciamus.
1652 2395 1700 2452 bic

32 2499 63 2545 ct
78 2502 136 2560 pro
151 2486 232 2542 nobis
245 2483 348 2555 pariter
363 2490 392 2538 et
406 2497 456 2554 pro
470 2481 557 2540 vobb.
573 2481 726 2538 Preticsum
742 2481 849 2552 deposi-
903 2482 1010 2538 divinus
1037 2481 1186 2554 prevalere
1212 2482 1296 2538 debet
1318 2483 1415 2550 bonor,
1444 2490 1472 2537 et
1498 2481 1698 2554 modammodo

32 2587 96 2632 tum
112 2573 199 2629 nobis
212 2571 397 2639 commiserat,
415 2569 532 2625 iructum
547 2569 635 2624 crucis
648 2583 716 2635 suae,
731 2568 848 2640 pretinm
903 2570 1082 2640 praejudicare
1097 2569 1240 2635 universis,
1256 2578 1287 2626 nt
1309 2570 1382 2626 solus
1396 2570 1454 2642 ipse
1468 2585 1522 2626 non
1545 2569 1628 2628 modo
1641 2585 1698 2642 prae

30 2660 188 2736 sanguinis
207 2659 259 2716 sui.
279 2657 338 2714 Noa
359 2663 401 2714 est
414 2663 560 2713 contentus
574 2654 699 2712 custodia
721 2656 771 2711 hac
794 2662 849 2710 tam
903 2658 1039 2725 omnibus,
1055 2658 1104 2714 sed
1127 2658 1155 2713 in
1177 2656 1303 2713 omnibus
1315 2657 1474 2715 honoretur.
1489 2657 1609 2729 idipsum
1631 2673 1698 2714 saue

30 2767 138 2822 parum
157 2755 226 2816 tute,
244 2752 298 2801 ιιιιι
314 2744 486 2816 parumudli,
503 2742 664 2815 tamlregili,
675 2752 730 2800 mm
744 2740 850 2798 insuffi·
904 2745 1184 2819 putesdictumetiam
1197 2745 1345 2804 deamore.
1356 2745 1428 2816 Quid
1438 2746 1511 2802 cnim
1521 2754 1598 2802 extra
1611 2747 1699 2817 ipsum

30 2838 135 2896 clenti.
153 2837 246 2907 Super
254 2849 347 2890 muros
359 2841 429 2901 tuos,
440 2831 601 2896 Jerusalem,
612 2831 751 2888 constituit
761 2840 849 2887 custo
903 2834 1014 2907 reliquit
1031 2832 1147 2906 ceteris,
1167 2831 1322 2905 qui.totnnr
1336 2841 1493 2900 centetum
1514 2834 1644 2902 animam,
1659 2843 1700 2890 to-

30 2930 96 2984 des.
109 2927 226 2995 Nempe
237 2923 318 2980 etiam
329 2922 380 2997 ipsi
391 2921 437 2994 qni
452 2921 667 2991 ridenturmuri,
677 2931 724 2977 aut
734 2921 762 2976 in
771 2935 849 2976 muro
904 2931 959 2980 tam
973 2923 1099 2981 uirtutem
1113 2921 1229 2979 ltomino
1238 2922 1298 2978 Deo
1312 2935 1362 2978 suo
1377 2921 1405 2977 in
1415 2921 1560 2979 dilectione
1570 2923 1699 2982 donauit?

27 3018 95 3089 ipso
111 3013 266 3084 columnae,
279 3011 320 3067 bis
333 3009 492 3092 custodibus
500 3016 593 3082 egent,
609 3016 638 3065 et
650 3009 775 3064 maxime.
903 3014 934 3068 ln
948 3012 1008 3083 ipso
1021 3011 1125 3083 itaque,
1140 3009 1249 3078 batres,
1264 3009 1415 3067 affectuose
1429 3010 1573 3083 diligamus
1587 3011 1700 3084 angelos

67 3105 98 3163 6.
117 3103 240 3174 Arspclcs
255 3101 315 3157 auis
327 3098 477 3156 mundavit
491 3098 524 3156 de
538 3105 575 3168 tc,
591 3101 626 3156 ut
640 3099 805 3156 custodiunt
820 3102 849 3155 tc
903 3101 975 3170 ejus,
990 3106 1121 3172 tanquam
1133 3099 1239 3155 futuros
1252 3098 1399 3170 aliquando
1409 3099 1566 3157 coheredes
1579 3106 1699 3165 nostros,

27 3196 63 3250 ln
76 3191 286 3252 omnibosuiia
297 3189 365 3246 tuis.
376 3187 512 3257 Quantam
522 3187 571 3243 tibi
581 3188 665 3244 debet
674 3188 725 3244 boc
734 3187 847 3243 verbum
864 3157 886 3237 c
902 3188 1009 3245 interim
1034 3201 1100 3244 vero
1113 3194 1222 3244 actores
1247 3195 1276 3243 et
1290 3197 1393 3244 tutores
1406 3202 1423 3243 a
1436 3188 1517 3244 Patre
1531 3189 1644 3260 positos,
1672 3196 1700 3244 et

25 3283 142 3339 inferre
172 3277 371 3344 reverentiam,
394 3275 494 3334 allerre
518 3275 704 3346 devotionem,
722 3276 848 3332 conterre
902 3276 1063 3350 prepositos
1090 3276 1178 3332 nobie.
1195 3275 1274 3332 Nunc
1297 3276 1371 3332 enim
1386 3274 1434 3330 dlii
1448 3275 1500 3332 Dei
1527 3291 1630 3344 summe,
1646 3277 1699 3332 etsi

24 3369 168 3427 fiduciam
181 3367 189 3427 l
218 3365 402 3423 reverentiam
421 3380 471 3436 pro
493 3365 648 3436 prasentia,
671 3365 847 3421 devotionem
903 3367 1024 3423 nondum
1044 3373 1176 3437 appareat
1190 3363 1255 3435 qnid
1270 3363 1382 3434 erimus,
1398 3379 1430 3421 ec
1445 3365 1518 3437 quod
1531 3363 1620 3421 adbuc
1634 3380 1699 3437 par-

23 3475 79 3533 pro
97 3455 315 3522 benevolentia,
331 3452 517 3524 liduciampro
536 3451 670 3509 curstodia.
690 3453 776 3510 Caute
792 3469 849 3509 am-
901 3454 956 3512 vuli
982 3455 1033 3510 sub
1059 3453 1195 3510 tutoribus
1222 3459 1251 3508 et
1288 3452 1424 3510 actoribus
1450 3453 1543 3522 simne,
1570 3460 1700 3527 unquam

22 3551 112 3616 bula,·
121 3555 156 3604 nt
176 3543 312 3602 videlicet
326 3541 371 3598 cui
381 3542 478 3597 adsunt
490 3540 593 3612 angeli,
603 3540 673 3598 sicut
688 3541 727 3598 eis
737 3540 849 3596 manda·
902 3543 969 3598 nihil
982 3542 1091 3598 interim
1105 3540 1268 3598 differentes
1281 3557 1297 3596 a
1311 3541 1405 3598 servis.

20 3649 83 3694 tum
101 3642 162 3701 est,
178 3633 211 3687 in
224 3627 413 3688 omnibusriis
426 3629 489 3685 tuis.
500 3628 531 3683 ln
542 3628 638 3700 quovis
648 3629 809 3694 diversorio,
820 3628 848 3684 in
938 3635 966 3687 8.
980 3631 1116 3687 Caeterum
1136 3629 1189 3686 etsi
1209 3637 1264 3685 tam
1278 3631 1383 3702 paruuli
1401 3645 1504 3696 snmus,
1520 3639 1549 3687 et
1571 3636 1625 3687 um
1639 3645 1700 3686 ma-

17 3725 126 3800 qnovis
143 3719 269 3794 angulo,
284 3717 383 3791 angelo
408 3725 453 3774 tuo
476 3717 658 3774 reverentiam
672 3716 754 3773 habe.
771 3718 847 3773 Tunc
903 3733 957 3795 gua
970 3719 1061 3785 nobis,
1076 3733 1129 3774 nec
1150 3719 1232 3774 modo
1247 3724 1302 3772 tam
1316 3731 1437 3790 magna,
1460 3719 1510 3775 sed
1528 3725 1625 3776 ettam
1646 3734 1700 3792 pe-

15 3815 130 3872 andeas
142 3811 196 3868 illo
212 3815 364 3882 praesenta,
382 3806 457 3879 quod
466 3805 575 3864 uidente
588 3822 634 3862 me
648 3821 702 3862 non
713 3805 849 3862 auderes?
901 3807 1019 3863 riculosa
1031 3807 1075 3863 via
1089 3811 1189 3873 restat;
1203 3805 1268 3878 quid
1279 3813 1372 3861 tamen
1384 3807 1436 3862 snb
1449 3806 1531 3862 untia
1544 3807 1702 3862 custodibus

14 3906 61 3962 An
84 3905 272 3976 praesentem
287 3911 349 3953 esse
367 3895 475 3953 dubitas
489 3910 574 3967 quem
588 3910 644 3952 non
657 3893 758 3952 videet
777 3894 848 3966 Quid
903 3895 1069 3952 timeamus?
1090 3893 1147 3949 Nec
1161 3893 1296 3966 superari,
1318 3909 1370 3950 nec
1384 3893 1490 3963 seduci,
1506 3893 1596 3950 minus
1610 3900 1699 3950 autem

15 3993 41 4050 si
55 3987 205 4048 audires?
215 3984 287 4060 qnid
296 3985 319 4040 si
328 3983 481 4057 tangeres?
498 3983 599 4056 quidsi
617 3982 769 4042 olfaceres?
782 3983 848 4040 Vide
902 3984 1033 4041 seducere
1044 3989 1168 4054 posanm,
1180 3981 1224 4038 cui
1239 3979 1400 4038 custodiunt
1409 3995 1459 4037 nos
1472 3983 1499 4037 in
1509 3981 1637 4040 omnibns
1650 3981 1701 4039 riis

17 4082 87 4154 quia
114 4092 178 4136 non
194 4075 261 4133 solo
283 4073 452 4130 usurarum
476 4072 621 4144 presentia
645 4073 846 4144 comprobatur.
902 4071 1012 4129 nostris.
1027 4069 1135 4127 Fideles
1145 4077 1220 4136 sunt,
1229 4069 1382 4141 prudentes
1396 4075 1470 4137 sunt,
1480 4077 1609 4142 pountoe
1617 4077 1681 4125 snut
1692 4097 1703 4124 .·

16 4172 83 4227 Nun
107 4166 212 4225 omnia
238 4157 330 4220 868
353 4161 420 4219 risui
440 4161 593 4232 subiacent,
622 4176 675 4216 nce
696 4159 848 4231 corporalia
902 4159 967 4233 quid
981 4158 1174 4230 trepidamus?
1192 4157 1309 4214 Tantum
1324 4173 1471 4230 sequamur
1484 4171 1543 4226 eos,
1557 4157 1706 4214 adhaeres·

15 4259 162 4332 quidem:
194 4257 307 4326 quanto
329 4249 418 4324 magis
440 4249 590 4321 spiritualis
613 4248 792 4320 proculcant
812 4250 846 4304 ab
903 4264 962 4304 mus
977 4248 1027 4314 eis,
1042 4255 1070 4304 et
1093 4245 1121 4301 in
1135 4247 1309 4318 protectione
1332 4245 1384 4303 Dei
1405 4245 1467 4304 coeli
1489 4259 1699 4304 commoremur.

14 4348 98 4406 omni
122 4359 217 4402 sensu
235 4353 388 4411 corporeo,
401 4347 432 4394 ct
450 4337 625 4410 spiritualiter
645 4338 736 4410 potins
758 4337 844 4394 vesti·
906 4336 972 4394 Vide
986 4335 1059 4393 enim
1083 4349 1163 4407 quam
1186 4333 1235 4390 tibi
1259 4335 1415 4392 necessaria
1428 4335 1466 4391 sit
1478 4337 1540 4392 ista
1552 4334 1698 4406 protectio,

14 4435 142 4510 ganda?
157 4430 192 4488 Si
207 4429 300 4485 linem
320 4425 456 4493 consulas,
471 4441 504 4481 ea
521 4427 569 4482 tibi
583 4427 734 4502 angelicam
747 4427 847 4499 probat
903 4427 954 4482 ieta
967 4423 1089 4482 cuneda
1113 4423 1140 4478 in
1163 4421 1290 4480 omnibns
1303 4423 1354 4481 uiis
1376 4425 1440 4480 tuis.
1458 4426 1489 4480 ln
1501 4424 1643 4492 meatibus,
1657 4421 1700 4476 in·

14 4521 210 4598 praescntiam
226 4531 289 4574 non
303 4515 413 4572 deesse.
427 4515 485 4572 Nec
499 4515 601 4572 dixisse
618 4516 704 4589 piget,
718 4514 846 4587 quoniam
902 4515 968 4588 quit,
979 4515 1133 4587 portabunt
1147 4517 1184 4578 te,
1196 4529 1233 4570 ue
1245 4529 1371 4585 umquem
1385 4513 1516 4585 offendas
1525 4511 1563 4568 ud
1577 4509 1699 4583 lapidem

14 4614 91 4670 fides
107 4609 240 4684 probat3
258 4619 344 4677 quum
354 4603 481 4660 nimirum
495 4604 642 4676 Apostolus
655 4611 847 4677 argumentum
903 4604 1001 4676 pedem
1015 4607 1109 4659 tuum.
1125 4601 1222 4656 Parum
1238 4601 1289 4655 tibi.
1298 4601 1416 4667 ridetur,
1435 4601 1509 4673 quod
1521 4598 1556 4656 sit
1569 4597 1639 4671 lapis
1653 4599 1698 4653 ol-

15 4719 73 4760 non
91 4694 309 4774 apparentium
325 4707 386 4748 esse
405 4691 500 4758 definit
516 4691 608 4765 (debr.
631 4691 849 4764 x1,l).ddsunt
903 4691 1034 4749 lensionis
1047 4691 1075 4744 in
1089 4688 1155 4745 viat
1169 4687 1321 4744 Considera
1336 4705 1400 4762 que
1415 4695 1584 4760 sequuntur:
1609 4688 1700 4760 Super

14 4795 117 4868 igitur,
145 4793 178 4844 et
203 4784 316 4838 adsunt
329 4779 387 4845 tibi,
413 4796 468 4836 nou
482 4781 563 4838 modo
578 4789 679 4847 tecum,
701 4780 847 4837 sedetiam
903 4780 1029 4854 capidem
1039 4781 1069 4835 ct
1079 4775 1239 4834 basiliscum
1250 4777 1417 4844 ambulabis,
1427 4783 1456 4834 et
1465 4772 1639 4836 maccusius
1650 4777 1701 4832 lco-

14 4897 66 4957 pro
82 4887 127 4936 te.
146 4873 269 4931 Adsunt
286 4873 318 4923 ut
328 4874 482 4939 protegant,
495 4869 594 4925 adsunt
608 4877 637 4924 ut
650 4869 764 4940 prosint.
775 4868 847 4940 Quid
905 4886 970 4928 uun
985 4872 1014 4925 ct
1038 4866 1199 4924 draconem.
1218 4863 1306 4935 Quam
1332 4867 1502 4924 necessarius
1520 4865 1699 4938 pedagogus,

14 4970 167 5030 retribues
185 4957 319 5018 Domino
341 4969 392 5026 pro
410 4955 535 5012 omnibus
559 4973 620 5030 quse
634 4957 761 5014 retribuit
776 4957 847 5014 tibi?
903 4959 958 5015 imo
974 4957 1058 5015 etiam
1082 4952 1202 5024 bajulus,
1231 4955 1385 5024 praesertim
1407 4955 1521 5026 parmula
1543 4953 1616 5010 inter
1642 4953 1700 5008 baec
1762 4989 1764 4992 -

15 5059 164 5133 siquidem
182 5048 240 5107 soli
257 5046 288 5104 ei
311 5045 399 5101 bonor
412 5054 440 5100 et
458 5045 556 5119 gloria.
575 5046 666 5116 Quare
680 5047 755 5103 solil
778 5047 848 5117 Quia
903 5044 1054 5123 gradienti!
1072 5045 1104 5100 lu
1124 5042 1266 5108 monebam,
1277 5043 1372 5115 inquit,
1382 5045 1535 5116 portabunt
1549 5047 1585 5101 lc.
1600 5041 1632 5096 ln
1647 5039 1699 5095 tuis

15 5153 80 5223 ipse
96 5141 271 5202 mandavit:
291 5140 323 5191 ct
338 5149 420 5189 omne
434 5135 528 5192 datum
542 5137 673 5208 optimum
689 5136 797 5192 nonnisi
813 5137 847 5190 ab
904 5135 1014 5209 quddam
1034 5133 1086 5190 uiis
1110 5130 1264 5188 custodient
1279 5137 1317 5199 te,
1339 5141 1367 5188 et
1386 5131 1524 5188 deducent
1546 5127 1696 5202 paruulum,

14 5221 345 5304 illoest(.tac.r,17).
451 5279 453 5282 ,
779 5212 781 5215 ’
907 5241 960 5299 qua
973 5219 1205 5296 potestperrulns
1221 5219 1370 5278 ambulare.
1386 5221 1520 5278 Caeterum
1535 5233 1590 5275 non
1604 5225 1631 5272 ta
1646 5229 1695 5286 pa·

53 5330 85 5382 7.
111 5323 332 5380 Verumtamen
355 5312 406 5370 atsi
420 5313 466 5370 ille
479 5313 634 5382 mandauit3
658 5312 725 5385 ipsis
738 5328 849 5384 quoqne
903 5315 1007 5370 tientur
1021 5310 1120 5366 tentari
1143 5321 1224 5378 supra
1238 5323 1319 5381 quam
1345 5311 1480 5366 sustinere
1504 5313 1592 5379 potes,
1607 5301 1712 5361 sedin·

15 5417 67 5491 qui
82 5421 112 5472 ct
126 5411 155 5468 ei
172 5423 211 5464 ex
234 5409 319 5460 tanta
336 5401 467 5458 charitate
481 5400 623 5472 obediunt,
639 5408 667 5457 et
689 5402 769 5458 nobis
782 5403 848 5458 sub·
906 5403 1030 5460 manibus
1044 5398 1149 5462 tollant,
1164 5403 1194 5452 ut
1208 5403 1382 5467 pertranseas
1391 5395 1596 5454 ostendiculum.
1611 5391 1698 5463 Quam

15 5505 140 5568 veniunt
155 5499 186 5555 in
203 5501 288 5552 tanta
304 5489 482 5557 necessitate,
497 5489 691 5562 ingratosesse
705 5490 848 5548 nonlicet.
905 5492 983 5548 facile
1005 5489 1110 5552 transit,
1135 5484 1249 5557 quiillis
1265 5493 1389 5557 portatur
1408 5487 1437 5542 in
1450 5485 1593 5542 manibus!
1609 5497 1699 5555 ,qnam
1765 5549 1767 5553 ,

16 5599 113 5656 Sirnns
139 5600 215 5662 ergo
240 5577 355 5644 devoti,
380 5579 464 5636 simus
477 5581 548 5652 grati
568 5581 649 5638 tantm
672 5579 847 5637 custodibus:
905 5580 1033 5651 suaviter,
1057 5579 1133 5648 juxta
1164 5573 1277 5648 vulgare
1304 5575 1494 5648 proverbium,
1522 5581 1607 5646 aaut
1622 5573 1701 5644 enjus

18 5659 210 5748 redamemus
226 5688 292 5742 eos,
306 5669 474 5725 honoremus
489 5685 537 5727 eos
550 5679 680 5743 qnantum
694 5687 847 5743 possumus,
903 5671 974 5728 alter
987 5667 1102 5726 sustinet
1115 5663 1255 5722 mentuml

127 5782 274 5844 Parnon.
300 5763 492 5832 CLXXXIII.
1581 5763 1603 5827 8
