4116 6348
267 423 320 485 aet

741 411 768 470 S.
790 409 958 472 satutant
977 407 1113 470 tantais
1131 407 1458 471 annun-vtatartsts·

1864 404 1920 462 688

267 551 363 607 ticsam
384 545 451 602 vita.
476 544 506 598 ln
528 539 703 613 martyribus,
727 537 773 608 qui
792 551 841 608 pro
860 537 974 593 Domino
998 551 1058 593 mo-
1073 549 1096 630 .
1112 549 1170 592 non
1182 542 1278 608 parcat
1291 533 1419 590 omnibus
1437 531 1542 589 ceteris
1570 536 1679 600 propter
1693 543 1752 585 eam
1768 547 1776 583 ι
1790 529 1919 600 jejuniis,

264 640 380 704 rinntur,
405 633 542 690 faciteam
565 629 711 701 pretiosam
733 625 879 696 aliquando
893 627 950 680 sols
965 641 1057 694 causa,
1111 623 1395 696 vigiliisorah'onibus
1410 618 1671 692 audactsrpraelerat
1693 619 1835 675 unitatem.

264 725 407 798 aliquando
421 737 505 778 cansa
520 719 621 792 pariter
633 725 660 773 et
675 717 739 772 nita.
750 715 785 769 Et
799 713 845 770 illa
859 713 969 785 quidem
985 727 1058 769 mors

262 813 385 887 pretiosa
395 820 447 878 est,
457 826 537 883 quarn
549 806 717 864 commendat
725 803 799 870 vita,·
810 801 956 874 pretiosior
966 817 1057 873 quam,

263 901 328 958 iacit
348 917 449 971 causa,
470 895 669 973 pretiosissima
687 908 752 948 vero
768 907 849 972 quam
863 891 993 963 praet'enit
1005 891 1058 948 vita

262 990 515 1047 simulcumcausa.

299 1082 326 1135 ι.
351 1077 436 1134 Ροιιο
452 1075 504 1131 tria
526 1080 589 1129 sunt
602 1087 663 1144 quae
685 1074 803 1126 sanctam
826 1067 926 1123 iaciunt
941 1065 1058 1122 hominis

263 1166 372 1224 vitam:
397 1166 483 1222 victus
505 1162 623 1228 sobrius,
643 1167 718 1216 nctus
738 1159 838 1227 iustus,
862 1171 957 1212 sensns
985 1155 1054 1226 pius.

265 1257 358 1312 Victus
383 1253 490 1312 sobrius
510 1252 572 1318 erit,
588 1253 609 1306 si
635 1248 814 1310 continenter,
830 1244 853 1299 si
875 1244 1017 1312 socialiter,
1034 1243 1056 1300 si

264 1343 432 1415 obedienter,
448 1341 475 1396 id
489 1349 531 1396 est
545 1349 629 1404 ceste,
644 1334 810 1400 charitative,
827 1331 964 1390 humiliter
977 1331 1056 1388 vixe-

264 1431 359 1488 rimus.
375 1431 428 1486 Par
448 1427 640 1504 continentiam
656 1426 726 1480 euitn
742 1424 862 1494 castitas,
882 1438 931 1494 per
949 1421 1058 1479 sociati-

264 1528 347 1576 tatem
361 1517 489 1586 charitas,
505 1533 555 1590 per
571 1515 753 1572 obedientiam
777 1512 916 1568 humilitas
939 1510 1057 1583 acquiri-

264 1616 317 1666 tur.
342 1609 376 1664 Et
390 1611 446 1664 nec
469 1616 511 1662 est
528 1605 625 1672 uirtus,
646 1619 706 1674 quae
725 1602 842 1659 animam
860 1599 982 1673 perlecta
1001 1601 1057 1655 Deo

264 1698 409 1762 subditam,
425 1695 475 1752 sub
493 1697 592 1750 umbra
604 1694 705 1749 alarum
734 1688 846 1748 11θὸ
862 1689 946 1760 ipsius
965 1703 1058 1744 secure

262 1786 328 1843 iacit
355 1787 459 1844 vivere.
486 1785 568 1840 hctus
591 1784 684 1854 justus
710 1782 769 1846 erit,
800 1780 823 1835 si
847 1779 926 1834 fuerit
955 1789 1057 1847 rectus,

263 1876 408 1944 discretus,
434 1873 601 1930 fructuosus.
620 1873 720 1928 Rectus
743 1868 909 1942 perbonam
931 1866 1060 1922 intentio-

264 1979 336 2030 nem,
362 1965 497 2020 discretus
520 1977 569 2032 per
597 1974 754 2015 mensuram
779 1956 975 2028 possibilitatis,
1000 1956 1060 2010 iru-

264 2064 375 2108 ctnosus
398 2068 448 2122 pur
471 2050 612 2106 utilitatem
641 2047 836 2119 proximorum.
866 2045 968 2102 Sensus
999 2045 1061 2116 pius

264 2141 324 2211 erit,
341 2141 366 2196 si
381 2139 447 2195 iides
465 2148 557 2195 nostra
578 2137 664 2192 Deum
689 2135 771 2190 sentit
791 2150 897 2190 summe
913 2140 1059 2205 potentem,

263 2244 370 2286 summe
385 2227 544 2300 sapientem,
560 2240 666 2282 summe
685 2226 788 2280 bonum
804 2241 810 2278 :
828 2231 858 2278 ut
871 2238 920 2295 per
939 2223 998 2292 eius
1014 2237 1061 2290 po-

264 2317 385 2386 tentiam,
409 2319 531 2372 nostrani
554 2314 699 2370 credamus
717 2311 841 2384 adjuvari
861 2308 1058 2377 infirmitatem

262 2421 313 2476 per
323 2406 384 2475 ejus
399 2403 569 2475 sapientiam,
581 2411 702 2458 nostram
714 2400 859 2456 credamus
869 2397 968 2470 corrigi
982 2396 1061 2469 igno·

263 2493 396 2561 mutiam,
413 2509 460 2564 pcr
475 2492 534 2561 eJus
551 2491 712 2558 bonitatem,
728 2497 849 2545 nostram
862 2485 1003 2542 credamus
1017 2485 1059 2540 di·

262 2579 301 2634 lui
322 2580 500 2653 iniquitatem.
517 2578 580 2634 Tria
603 2585 667 2634 sunt
690 2593 752 2649 quae
768 2583 883 2631 mortem
907 2581 1059 2628 sanctorum

258 2667 362 2724 iaciunt
375 2667 536 2740 pretiosam,
552 2667 630 2740 quies
645 2681 660 2719 a
674 2665 779 2728 labore,
794 2663 924 2736 gaudium
938 2662 971 2716 de
987 2660 1061 2716 novi·

260 2767 323 2826 tate,
338 2757 471 2813 securitas
486 2755 520 2811 de
533 2755 693 2811 aeternitate.

506 2887 622 2944 sanun
637 2885 710 2942 ιιιι
724 2885 810 2958 (ιιι).

1146 716 1173 772 3.
1188 693 1258 778 Volo
1277 719 1377 777 autem,
1392 719 1422 767 ut
1435 711 1463 765 in
1490 726 1522 766 aa
1537 724 1646 782 quoque
1669 708 1709 764 sic
1723 715 1840 776 maneat,
1862 723 1919 762 non

1112 801 1188 873 quasi
1204 817 1275 856 unus
1299 815 1335 856 ex
1350 800 1487 866 omnibus,
1517 799 1565 854 ssd
1589 797 1668 870 qnasi
1697 813 1760 854 curn
1788 797 1920 853 omnibus

1112 906 1192 945 unus.
1209 887 1306 944 Latum
1332 888 1468 960 expandat
1483 887 1583 954 sinum,
1601 903 1633 942 ex
1658 887 1733 944 omni
1748 903 1851 959 genere
1875 887 1918 939 al·

1112 977 1256 1034 lectionum
1271 978 1379 1033 claudat
1394 978 1464 1034 intra
1477 976 1583 1035 viscera
1598 992 1658 1042 sua,
1673 975 1802 1032 omnibus
1826 975 1918 1030 omnis

1112 1065 1166 1133 liat,
1183 1073 1210 1120 et
1224 1065 1393 1140 congaudere
1409 1072 1516 1136 paratus
1530 1075 1556 1122 et
1570 1065 1704 1136 compati:
1722 1066 1843 1138 gaudere
1856 1080 1918 1120 curn

1112 1152 1301 1228 gaudentibus,
1330 1155 1396 1212 llere
1423 1155 1637 1210 comitantibus.
1662 1153 1721 1209 Erit
1756 1153 1830 1210 enim
1854 1167 1918 1208 cum

1111 1243 1144 1298 ad
1166 1243 1240 1300 littus
1262 1243 1383 1310 veniens,
1400 1241 1487 1300 malm
1514 1243 1633 1316 piscasa
1652 1257 1755 1316 sagena
1777 1240 1919 1296 charitats

1112 1330 1246 1397 excludet,
1263 1339 1289 1386 et
1304 1332 1436 1405 quidquid
1451 1330 1598 1388 molestum
1620 1337 1671 1399 est,
1688 1329 1764 1386 laras
1784 1329 1916 1385 mittetur.

1340 1444 1455 1502 saeuo
1471 1444 1556 1500 ιιιιι
1570 1445 1633 1512 (ιιι
1655 1443 1689 1515 ·).

1113 1539 1150 1592 Dc
1166 1539 1225 1593 octo
1248 1535 1469 1594 beatitudinibus
1493 1535 1627 1606 oppositis
1643 1533 1760 1590 totidem
1776 1535 1916 1605 peccatis.

1148 1659 1173 1710 ι.
1187 1652 1394 1710 Eodrmordine
1415 1667 1469 1725 quo
1497 1651 1637 1722 precessit
1658 1649 1747 1722 culpa,
1769 1649 1917 1708 subsecuta

1111 1751 1153 1798 est
1172 1745 1251 1801 etiant
1275 1743 1363 1814 cnlpae
1390 1739 1535 1796 medicina.
1563 1739 1680 1796 Primum
1706 1747 1847 1809 peecatum
1874 1747 1919 1794 est

1075 1829 1214 1914 fllactum
1239 1832 1269 1887 in
1296 1830 1366 1886 coelo
1386 1846 1435 1900 per
1457 1827 1616 1900 superbiam
1634 1828 1851 1899 praevaricatoris
1865 1843 1918 1883 an·

1116 1923 1180 1994 geli,
1197 1921 1243 1994 qui
1254 1919 1319 1974 dixit
1332 1919 1359 1973 in
1374 1919 1457 1974 corde
1467 1934 1535 1975 suo:
1551 1919 1581 1976 ln
1592 1919 1694 1974 eaelum
1717 1916 1918 1984 conscendam,

1115 2025 1199 2083 snper
1213 2013 1293 2064 astru
1307 2007 1356 2064 ilci
1376 2005 1506 2062 exultabo
1520 2007 1624 2062 saliam
1637 2022 1734 2064 meam
1751 2023 1757 2059 :
1776 2003 1872 2062 sedebo
1886 2006 1920 2060 in

1114 2102 1210 2155 monte
1221 2097 1393 2164 testamenti,
1406 2096 1437 2149 in
1448 2095 1582 2151 luteribus
1591 2095 1731 2167 aquilonis
1742 2111 1750 2151 ι
1766 2093 1920 2154 ascendum

1114 2203 1199 2259 super
1227 2185 1412 2243 altitudinem
1438 2183 1568 2250 nubum,
1584 2199 1630 2240 ero
1648 2183 1752 2240 similis
1772 2182 1920 2238 altissimo

1114 2276 1193 2346 (lani.
1205 2289 1264 2341 ιιιι,
1282 2276 1325 2338 ιι,
1340 2275 1395 2340 ιιι.
1412 2273 1443 2326 ln
1467 2288 1496 2326 se
1514 2271 1575 2343 ipso
1599 2271 1706 2342 tumuit,
1735 2279 1762 2326 et
1784 2272 1818 2326 de
1842 2279 1920 2325 sorte

1114 2364 1253 2420 beatorum
1277 2362 1424 2432 spirituum
1438 2361 1551 2431 ejectus,
1565 2361 1695 2416 coelorum
1718 2375 1831 2434 regnum
1848 2361 1919 2414 anti·

1114 2453 1158 2509 sit.
1167 2453 1265 2508 Contra
1279 2452 1333 2507 boe
1350 2456 1491 2523 peecatum
1507 2449 1607 2506 dictum
1629 2457 1691 2530 est:
1709 2451 1788 2505 Beati
1810 2464 1920 2522 puape-

1114 2558 1159 2598 res
1174 2541 1289 2612 spiritu,
1304 2541 1439 2612 quonium
1449 2539 1573 2610 ipsarum
1584 2543 1627 2596 est
1646 2554 1768 2610 reanum
1781 2537 1918 2594 celorum

1114 2630 1225 2698 (lluttlt.
1241 2645 1270 2699 v,
1289 2629 1325 2701 3).
1351 2627 1507 2685 Secundum
1522 2633 1664 2699 peccatum
1684 2627 1861 2690 commissum
1876 2635 1921 2682 est

1114 2733 1162 2786 per
1178 2715 1389 2773 inobedientiam
1405 2715 1526 2772 mulieris
1541 2715 1567 2770 in
1582 2716 1708 2788 paradiso
1723 2717 1804 2783 (Gen.
1820 2729 1861 2782 nt,
1877 2715 1919 2784 6).

1016 2813 1019 2824 ’
1113 2805 1214 2860 Euboe
1238 2811 1348 2878 peccato
1371 2803 1445 2862 lacta
1459 2812 1502 2861 ast
1515 2819 1578 2860 caro
1604 2803 1716 2860 rebellis
1736 2803 1855 2877 spiritui,
1877 2812 1918 2869 ut,

1114 2895 1244 2966 quoniam
1260 2893 1373 2965 spiritus
1393 2894 1452 2964 ejus
1474 2908 1529 2948 non
1551 2891 1601 2949 luit
1624 2892 1764 2962 subjectus
1782 2893 1918 2958 Creatori,

211 2961 220 2974 ι
261 3000 300 3056 De
313 2999 486 3054 concisione
506 2995 628 3121 trisplicia
641 2992 785 3066 parabole
798 2991 875 3064 apud
894 2991 1058 3047 lluttloeum
1113 2998 1165 3039 nec
1175 2999 1238 3039 earo
1248 2983 1284 3039 sit
1297 2983 1418 3053 subjecta
1433 2981 1551 3054 spiritui.
1567 2981 1667 3039 Contra
1683 2980 1917 3040 hoccstdictum:

296 3084 354 3134 ¹¹¹¹.
371 3069 457 3122 ιιι-48
478 3087 484 3123 2
504 3085 525 3148 a
554 3066 634 3147 imile
648 3067 692 3120 ιιι
712 3079 832 3135 telinum
847 3065 982 3117 mmm
998 3059 1058 3116 lli·
1116 3069 1791 3148 beatimites,qumiamipsiposaidebuntimum
1803 3061 1918 3140 (batth.

295 3154 379 3198 ΜΟ
394 3137 554 3196 “mmm
568 3153 599 3192 ”³
613 3149 691 3207 (ΨΥ-θ’
708 3153 720 3184 '
737 3143 790 3191 ⁰²⁰·
1073 3114 1145 3229 cn,
1166 3167 1204 3235 t).
1230 3165 1330 3219 ilerum
1362 3162 1476 3219 duomtn
1502 3169 1671 3233 peccatorum
1708 3162 1919 3234 comprehendit

296 3260 322 3311 t.
348 3253 497 3324 Triplicem
512 3251 591 3306 nobis
605 3249 777 3307 commendat
795 3248 908 3320 gradum
930 3247 1055 3320 parabola
1109 3251 1242 3309 Dominus
1255 3251 1427 3317 medicinam,
1447 3251 1541 3308 dicens
1555 3251 1704 3308 :Disciten
1717 3267 1762 3308 me
1774 3252 1843 3323 puin
1859 3268 1919 3306 mt-

258 3344 357 3416 triplex
380 3340 504 3398 lectionis
523 3337 615 3394 unius.
632 3341 705 3408 Ager
719 3347 761 3393 est
783 3351 889 3408 corpus.
906 3335 977 3392 Huic
991 3339 1055 3392 dum
1110 3343 1262 3398 absumet
1276 3339 1394 3397 humilis
1412 3337 1517 3396 1198
1529 3339 1917 3410 sorde(lluttb.xr,29).1'er·

257 3435 348 3492 adhuc
379 3431 553 3489 dominantur
581 3427 722 3498 passiones
748 3427 957 3492 desideriorum,
983 3427 1055 3495 iacet
1108 3429 1489 3502 tiumpeccatumluit,quod
1503 3428 1562 3501 ipsa
1578 3427 1675 3485 mulier
1698 3427 1919 3500 cirumquaque

256 3522 385 3586 incultus,
411 3527 439 3574 et
452 3517 585 3574 obnoxius
608 3514 763 3586 maledicto,
777 3515 871 3586 spinas
894 3523 922 3570 et
941 3515 1056 3570 tribulos
1109 3535 1201 3576 secum
1216 3519 1298 3578 traxit
1317 3519 1343 3574 in
1359 3520 1466 3590 culpam
1477 3517 1557 3590 (Gen.
1574 3533 1614 3588 ιιι,
1630 3517 1668 3589 6).
1684 3515 1782 3573 Debuit
1803 3516 1917 3588 quidem

256 3611 408 3686 germinat3
424 3606 489 3679 quid
504 3608 577 3661 intus
591 3604 671 3659 lateat
684 3605 835 3675 ignoratur.
852 3601 920 3670 Quis
935 3602 1007 3657 enim
1021 3619 1055 3660 eo
1110 3608 1309 3680 illapeccatum
1336 3623 1415 3662 suum
1435 3606 1545 3672 deflere,
1565 3622 1615 3663 nec
1647 3603 1747 3662 addere
1772 3613 1917 3678 peccatum

255 3710 380 3769 tempore
404 3697 531 3752 idoneum
561 3699 666 3764 reputet
688 3692 756 3747 ferte
773 3691 871 3761 dignos
895 3690 1055 3763 poenltentiae
1108 3705 1234 3769 peccam
1251 3698 1298 3752 sed
1315 3697 1343 3752 in
1359 3697 1413 3752 hoo
1431 3695 1580 3768 stipulavit
1609 3695 1710 3750 habere
1747 3695 1917 3752 consolatio-

256 3783 383 3840 fructus?
413 3781 483 3851 Quid
521 3790 574 3836 2¹¹¹
610 3777 769 3850 ῑῦδῑιιῑθῑιῑθι
796 3779 922 3851 ⁰¹i¹⁰¹1582
954 3781 1052 3846 anima,
1109 3801 1182 3855 nem,
1200 3785 1223 3841 si
1248 3785 1336 3842 virum
1352 3785 1452 3841 laceret
1471 3783 1574 3856 peccati
1596 3783 1638 3839 sui
1653 3782 1822 3854 participem.
1840 3783 1918 3852 Quo-

257 3887 357 3944 corpus
379 3870 482 3926 tuum?
497 3869 592 3926 Nescis
611 3868 674 3941 qnid
693 3869 880 3926 absconditum
900 3868 934 3924 sit
955 3867 982 3922 in
995 3869 1055 3924 eoi
1108 3873 1255 3931 dammodo
1270 3875 1343 3930 enim
1352 3871 1476 3929 naturale
1488 3883 1529 3928 est
1548 3872 1917 3944 unumquemqneselle,sire

257 3960 340 4032 Quid,
355 3960 409 4016 nisi
424 3975 538 4034 repnttm
551 3958 706 4015 emiorum?
720 3956 846 4014 Invenire
860 3963 903 4012 est
923 3957 950 4012 in
964 3973 997 4013 eo
1012 3975 1055 4012 su-
1109 3961 1136 4017 in
1155 3963 1236 4029 vitiis,
1253 3963 1308 4018 sive
1319 3962 1345 4017 in
1365 3961 1668 4032 virtutibusjassociare
1683 3960 1735 4016 sibi
1748 3969 1914 4029 consortem,

258 4051 322 4107 lutis
345 4065 438 4122 opera,
463 4047 563 4118 quihus
586 4063 697 4123 regnum
723 4048 854 4102 coelomm
875 4045 975 4118 poteris
994 4046 1055 4100 adi·
1110 4052 1211 4108 Contra
1232 4053 1285 4109 boc
1298 4057 1487 4123 peccatumest
1500 4049 1571 4104 istud
1588 4049 1734 4106 remedium
1750 4071 1757 4108 :
1772 4051 1852 4107 Beati
1867 4063 1915 4123 put

257 4138 339 4211 pisci.
357 4138 424 4193 Eure
438 4151 504 4208 ergo
516 4149 626 4206 agrum,
640 4143 691 4189 eta
706 4133 931 4206 concupiscentiis
945 4132 1055 4188 tuistibi
1111 4139 1218 4211 lupeno,
1240 4140 1374 4212 quoniam
1389 4137 1675 4213 immolabuntur
1693 4139 1803 4212 (parth,
1824 4154 1854 4209 a,
1874 4139 1913 4210 5),

256 4227 363 4285 vindica
376 4240 475 4297 corpus
490 4233 577 4290 tuum,
597 4224 659 4279 dato
682 4221 811 4280 nimirum
828 4223 915 4294 pretio
929 4223 1056 4279 intuentis
1146 4232 1173 4282 ι.
1188 4227 1323 4296 Quartum
1346 4236 1489 4298 peccatum
1513 4227 1648 4284 commisit
1663 4227 1760 4294 Adam,
1781 4229 1829 4298 qui
1846 4243 1913 4284 con·

257 4324 285 4372 et
302 4313 491 4373 occasionibus
504 4313 624 4385 ipsarum
640 4311 929 4383 concupiscentiarum.
1109 4314 1194 4371 sensit
1208 4315 1287 4387 (Gen.
1300 4331 1342 4386 nr,
1359 4317 1399 4386 6).
1415 4317 1503 4373 Adam
1518 4316 1598 4382 enim,
1615 4299 1687 4371 sicut
1704 4315 1913 4388 aitApostolus.

292 4409 320 4460 2·
344 4403 397 4458 Ubi
412 4417 475 4458 ¹0¹0
496 4401 656 4456 lhbtbllfflffl
671 4399 810 4467 diffletis,
827 4413 884 4456 0⁵¹⁰
897 4401 952 4470 iam
967 4415 1056 4474 nego·
1073 4393 1356 4470 flnoncslseductus
1367 4403 1717 4474 ;mulierautemseductu
1735 4405 1767 4460 in
1776 4407 1914 4478 praevari-

257 4495 348 4560 tiator‚
363 4502 390 4548 ct
404 4489 539 4562 pretiosas
552 4487 713 4560 margaritas
728 4503 830 4560 quaere.
847 4489 874 4543 Si
892 4489 1058 4556 pretiosissi-

257 4597 330 4638 mam
353 4594 433 4635 unam
455 4577 603 4645 inveneris,
629 4575 709 4630 etiam
733 4585 796 4632 tunc
822 4578 907 4633 vende
927 4576 1057 4648 quidquid

256 4673 352 4739 babes,
376 4677 404 4726 et
417 4685 477 4726 eme
494 4681 566 4725 eant.
589 4665 657 4733 Quae
680 4674 721 4720 est
745 4675 835 4721 umen
855 4682 907 4721 uua
928 4676 982 4721 tam
999 4683 1058 4738 prc-

259 4758 353 4822 tiosai¹
369 4759 466 4831 Neque
479 4757 553 4813 enim
567 4755 665 4812 mirum
691 4754 714 4808 si
730 4771 778 4825 pro
793 4757 918 4810 thesauro
939 4756 1058 4810 uendidit

258 4861 423 4916 quecunque
443 4848 566 4914 habebat,
594 4844 681 4900 idest
710 4859 759 4915 pro
789 4844 891 4901 divitiis
911 4845 1005 4900 salutis
1031 4855 1057 4900 ct

258 4942 370 5005 peccata
392 4943 419 4988 ct
446 4934 548 5004 peccati
568 4934 687 4990 lumenta
710 4934 841 4989 deseruit.
873 4935 934 4990 liaec
956 4935 1056 5008 quippe

257 5021 314 5078 sola
340 5021 416 5093 prius
441 5021 568 5078 habebat.
597 5023 678 5077 Nunc
703 5029 802 5092 autem,
828 5021 874 5076 sabi
899 5023 1054 5078 thesaurum

256 5109 329 5166 hunc
346 5107 455 5180 reperit,
472 5109 610 5178 quomodo
624 5110 722 5182 querit
736 5111 820 5165 bonas
845 5115 1013 5183 margaritas,
1029 5120 1056 5167 et

255 5215 305 5271 pro
320 5213 374 5255 una
392 5197 482 5254 omnia
494 5195 635 5254 vendidit?
650 5199 707 5275 Ego
727 5213 808 5252 unam
824 5198 891 5253 hanc
904 5198 971 5253 nihil
984 5199 1055 5255 aliud

254 5303 336 5358 quam
358 5287 490 5342 unitatem
512 5284 628 5341 arbitror
651 5301 721 5345 esse.
739 5285 841 5355 Quaerit
863 5295 951 5342 autern
971 5289 1056 5344 bonas

253 5377 427 5450 margaritas,
438 5376 486 5448 qui
496 5376 523 5431 in
533 5389 618 5448 opere
628 5376 726 5434 salutis
736 5392 793 5432 suae
803 5393 857 5431 nun
867 5385 1056 5434 estcoutentns

256 5465 432 5524 interioribus
450 5465 539 5532 bonis,
556 5467 604 5522 sad
626 5479 731 5522 summa
751 5481 866 5539 quaeque
879 5474 907 5523 et
920 5466 1054 5523 excelles·

253 5551 323 5608 ticra
333 5553 474 5626 perquirit.
482 5553 554 5609 Nihil
564 5554 783 5626 ergopretiosius
798 5555 1053 5622 inveniensuuitate,

288 5677 365 5750 (ιιι)
382 5680 469 5744 Alias,
485 5681 518 5732 ιι
535 5694 568 5732 ex
586 5677 687 5734 i’arvis.

1113 4496 1225 4550 catione
1239 4496 1296 4565 suit
1319 4495 1343 4564 (l
1366 4495 1434 4551 Tim.
1457 4509 1486 4549 ιι.
1512 4493 1566 4566 ιι).
1582 4491 1632 4550 illa
1656 4509 1706 4566 per
1721 4493 1911 4566 ignorantiam,

1113 4583 1162 4636 iste
1175 4582 1297 4655 peccavit
1310 4599 1361 4654 per
1375 4581 1570 4638 infirmitatem.
1587 4581 1712 4638 Peccavit
1725 4587 1816 4638 autem
1833 4582 1913 4637 nintis

1113 4669 1250 4742 diligendo
1265 4685 1388 4740 uxorem,
1404 4685 1458 4726 rron
1487 4670 1625 4742 quincius
1650 4670 1817 4727 volttntatem
1836 4669 1910 4732 fecit,

1112 4761 1159 4813 sed
1184 4759 1248 4829 quia
1277 4775 1338 4814 tam
1352 4759 1485 4815 voluntati
1499 4759 1614 4830 praetulit
1636 4758 1743 4814 divinae.
1761 4758 1842 4815 Uudo
1856 4765 1912 4814 eta

1111 4847 1225 4902 Domino
1239 4847 1372 4903 sidietum
1396 4855 1455 4906 est:
1471 4851 1526 4905 Pro
1544 4865 1575 4906 eo
1599 4848 1673 4921 quod
1700 4847 1819 4905 obedisti
1852 4863 1911 4904 socr

1110 4939 1274 4994 sacristae
1281 4938 1436 5012 plusquam
1450 4955 1530 5005 mee,
1539 4937 1690 4996 maledictu
1700 4941 1779 4995 terra
1789 4938 1823 4993 in
1832 4953 1912 5010 opere

1112 5029 1160 5081 tuo
1171 5025 1253 5097 (Gen.
1269 5041 1311 5091 ιιι,
1342 5027 1397 5098 tt).
1415 5027 1523 5082 lustum
1535 5027 1635 5098 quippe
1654 5033 1710 5082 erat
1725 5035 1754 5082 ut
1769 5026 1844 5081 illins
1859 5041 1911 5080 ma·

1110 5113 1152 5182 gis
1166 5113 1336 5170 voluntatem
1352 5116 1461 5181 laceret,
1479 5116 1522 5171 eui
1539 5115 1601 5187 plus
1618 5115 1743 5170 debebat.
1758 5115 1827 5184 Quis
1849 5129 1911 5172 uera

1110 5203 1229 5272 ambigo
1247 5206 1308 5275 plns
1329 5220 1390 5260 eum
1415 5206 1518 5261 debere
1540 5203 1684 5270 conditori,
1706 5219 1790 5278 quam
1813 5203 1911 5261 axoni

1110 5291 1137 5346 Si
1150 5281 1258 5362 quidem
1274 5294 1350 5348 ttrori
1362 5302 1439 5349 orant
1457 5295 1579 5350 astrictus
1602 5301 1706 5349 tanturn
1721 5309 1909 5364 peramorent,

1110 5379 1167 5434 Deo
1182 5389 1270 5436 antem
1285 5383 1469 5452 pertimerem
1484 5383 1563 5438 simul
1579 5391 1606 5438 et
1628 5397 1760 5440 arnorem.
1771 5382 1837 5438 Plus
1845 5399 1909 5456 ergo

1110 5465 1360 5526 debueruntvalere
1370 5471 1424 5527 duo
1439 5471 1543 5528 uincula
1557 5472 1590 5527 ad
1605 5474 1753 5529 tenendum
1768 5487 1829 5528 eum
1849 5487 1908 5544 erpa

1109 5557 1159 5612 Dei
1175 5567 1350 5630 praeceptum,
1367 5576 1446 5631 quam
1463 5577 1546 5615 unrrrn
1569 5567 1673 5617 tantum
1695 5577 1763 5634 erga
1786 5562 1909 5636 conjuga

1145 5683 1206 5754 (ιιι
1224 5685 1245 5753 'l
1266 5686 1355 5754 Alias,
1371 5687 1404 5740 at
1419 5702 1449 5742 ex
1463 5686 1565 5741 Partis.
