4150 6348
305 407 357 472 titi
783 399 811 462 S.
831 385 1000 462 Bliiilihiilii
1019 397 1156 460 lullus
1171 395 1487 461 chain-tillihiSls
1905 399 1961 462 itt

306 530 460 603 uixero,ihl
486 535 560 588 totns
591 543 732 602 erumpam
752 527 781 585 in
807 526 925 600 laudem,
956 537 985 585 et
1010 527 1106 584 dicem
1122 540 1146 620 p
1161 525 1196 582 de
1212 523 1282 583 coelo
1300 523 1392 595 (lours
1409 537 1450 593 ιιι,
1467 525 1523 595 ιι).
1542 522 1825 596 Fidelissimusplaue
1840 533 1869 582 et
1883 526 1959 584 baui-

305 625 403 684 omniu
416 638 479 680 osso
490 637 555 679 meu
570 639 580 677 .·
594 619 728 687 Domine,
743 619 807 691 quia
825 616 931 675 similia
950 615 1002 672 tibi
1015 614 1105 688 (Paul.
1162 613 1308 690 quissimus
1321 611 1463 679 mediator,
1482 611 1528 684 qui
1546 612 1656 685 quidem
1676 627 1734 668 non
1753 603 1958 682 discrerit,'sed

304 727 403 781 xxxiv,
421 710 489 784 iii)‘l
504 710 618 780 Propter
631 707 685 764 hoe
699 721 796 778 nempe
817 721 878 763 cum
899 706 984 761 iratus
998 704 1106 772 luisses,
1159 701 1224 759 iecit
1237 709 1352 774 utraque
1366 717 1461 766 unum,
1476 701 1593 757 medium
1608 700 1741 774 parietem
1754 702 1881 760 maceriae
1895 703 1960 760 sol-

306 799 500 860 miserieordioe
520 796 676 864 meministi,
705 811 761 852 non
784 794 916 850 damnans
929 792 1065 850 hominem
1079 791 1107 846 in
1162 805 1227 847 eene
1245 789 1356 863 (lipbea.
1377 803 1407 860 ιι,
1438 788 1491 859 li),
1513 791 1616 846 donans
1639 789 1718 847 nubis
1741 792 1831 848 omnia
1849 789 1957 858 delicta,

305 891 366 948 loco
395 888 570 964 perditionis,
593 885 639 942 sed
665 885 693 939 in
707 883 767 940 ioco
784 881 940 940 aiilictionis
953 881 1108 940 humilians.
1160 879 1256 934 delens
1269 878 1343 951 quod
1361 878 1504 936 adversum
1520 893 1572 934 nos
1593 887 1651 934 erat
1677 878 1889 953 chirographum
1904 881 1957 938 de·

306 979 377 1050 Quid
415 977 552 1046 causaris,
577 974 685 1030 homo?
709 972 773 1044 quid
801 971 961 1029 sententiam
986 969 1109 1045 quereris
1162 966 1237 1038 creti,
1254 965 1326 1039 qnod
1344 971 1403 1022 erat
1417 965 1578 1023 contrarium
1598 967 1688 1036 nobis,
1703 977 1730 1025 et
1744 967 1835 1040 ipsum
1850 967 1911 1025 tulit
1924 971 1959 1026 de

305 1065 466 1127 dumoremi
493 1067 583 1123 Terrae
606 1062 731 1120 addictus
756 1076 796 1130 aa,
823 1059 911 1118 iactus
940 1075 955 1118 e
984 1067 1063 1127 terra,
1079 1067 1110 1115 ιιι
1163 1055 1261 1121 medio,
1277 1052 1392 1128 affigens
1406 1053 1471 1112 iilud
1485 1055 1575 1126 cruci3
1590 1055 1744 1128 exspolians
1756 1056 1960 1129 principatuset

305 1159 364 1233 ipsa
378 1157 426 1214 tibi
441 1156 476 1212 sit
488 1154 586 1228 patrie,
602 1167 665 1224 quae
678 1149 790 1207 materia
804 1148 865 1206 init.
1163 1151 1318 1217 potestates,
1341 1143 1461 1200 traduxit
1479 1143 1655 1211 confidenter,
1677 1146 1766 1217 palam
1790 1145 1959 1219 triumphans

343 1252 371 1307 3.
388 1246 441 1304 Sed
467 1244 571 1312 audire,
595 1241 713 1314 inquies,
738 1238 838 1296 velim:
854 1235 926 1306 Quia
947 1235 1058 1307 spiritus
1080 1250 1110 1292 es
1162 1233 1224 1292 ilios
1241 1233 1356 1304 (Cebes.
1380 1247 1411 1303 ιι,
1436 1233 1537 1307 le-iii),
1562 1233 1758 1308 pacificansque
1775 1251 1825 1308 per
1846 1237 1961 1310 mugni-

308 1338 382 1394 etad
403 1335 529 1408 spiritum
559 1332 620 1388 ibis.
651 1329 791 1401 Siquidem
805 1327 887 1384 etiam
914 1325 1024 1398 spiritus
1037 1339 1108 1386 sum.
1162 1337 1226 1380 uem
1239 1337 1319 1378 suum
1341 1337 1402 1396 que
1423 1330 1485 1380 suut
1503 1322 1626 1390 inooelo,
1641 1334 1669 1380 et
1689 1338 1752 1397 quse
1765 1339 1846 1396 super
1859 1335 1959 1382 terram

311 1426 384 1499 quud
404 1427 438 1481 ad
452 1423 570 1478 animam
584 1419 720 1490 pertiuet;
736 1431 787 1472 nec
802 1416 950 1486 portionem
970 1415 1041 1470 bane
1054 1409 1109 1471 ruci
1165 1412 1279 1484 (Colote.
1295 1427 1315 1479 ι,
1330 1411 1387 1484 ιιι).
1403 1412 1518 1484 Propter
1531 1413 1602 1469 hanc
1620 1427 1718 1486 nempe
1739 1413 1863 1483 salutern,
1878 1417 1960 1485 quarn

310 1512 486 1569 dubitaverim
515 1509 659 1580 potiorem.
682 1504 778 1561 hadri
805 1518 872 1560 sane
899 1504 933 1558 ab
964 1501 1107 1573 Apostoio,
1163 1503 1190 1557 in
1205 1498 1295 1558 medio
1309 1509 1387 1556 terrae
1409 1508 1467 1558 erat
1483 1507 1654 1572 operaturus,
1670 1515 1726 1558 non
1749 1501 1894 1560 confestim
1907 1503 1960 1558 mh

309 1603 374 1674 quia
393 1601 532 1658 Dominus
555 1597 674 1669 spiritua
696 1597 738 1652 eat
753 1592 789 1664 (li
814 1593 875 1649 Cor.
900 1607 930 1662 ιι,
956 1593 1011 1662 ll),
1032 1601 1059 1646 et
1073 1591 1107 1646 ah
1165 1600 1236 1647 terra
1255 1588 1348 1663 posuit
1375 1588 1524 1662 bominem,
1552 1591 1622 1648 sicut
1645 1587 1779 1662 peccando
1800 1600 1961 1664 meruerat3

309 1691 371 1763 ipso
385 1688 511 1756 Domino,
529 1687 594 1758 quia
607 1685 729 1757 spiritus
743 1685 785 1741 eti
805 1683 877 1738 bem
899 1681 990 1752 (iuuet.
1005 1695 1045 1748 ιιι,
1061 1679 1108 1749 th)
1164 1679 1254 1740 sedin
1278 1687 1358 1735 terra.
1385 1677 1526 1752 Siquidem
1548 1679 1736 1750 respirandum
1762 1687 1804 1739 est
1829 1679 1919 1750 nebu,
1933 1687 1963 1736 et

306 1779 364 1835 Nec
379 1775 591 1848 modospiritus,
616 1772 710 1828 sedet
730 1769 874 1841 spirituum
898 1770 983 1825 Pater.
1004 1766 1107 1840 utquid
1161 1768 1316 1824 nuliatenus
1329 1767 1540 1839 desperandum,
1564 1767 1651 1824 donec
1665 1769 1693 1824 in
1716 1775 1785 1824 terra
1802 1765 1891 1824 adhue
1913 1767 1961 1824 in-

309 1883 375 1939 ergo
395 1873 470 1924 tenet
494 1879 536 1919 me
557 1870 645 1917 mater
669 1858 769 1930 carnis,
793 1859 857 1931 quia
875 1871 938 1912 caro
957 1871 989 1912 ea
1007 1863 1103 1928 parte3
1123 1829 1145 1906 Β
1163 1858 1243 1913 terim
1258 1855 1406 1924 constituti,
1429 1863 1456 1911 et
1474 1856 1616 1927 ,suspicere
1632 1856 1733 1913 culum
1757 1870 1914 1929 possumus,
1934 1866 1964 1912 et

224 1995 226 2000 -
310 1954 425 2014 1⁰5⁰
440 1953 585 2026 spirituum
609 1952 687 2008 Pater
706 1965 762 2006 uon
784 1948 890 2020 recipit,
908 1961 969 2004 cum
985 1959 1111 2017 exparte
1164 1945 1300 2016 suscipere
1316 1945 1376 2001 datu
1389 1943 1493 2016 optima
1515 1950 1543 2000 et
1561 1945 1633 2002 donn
1656 1944 1774 2016 perlecta
1787 1945 1963 2002 desursuma

306 2045 359 2102 sim
374 2041 506 2117 spiritus?
522 2043 592 2109 Scio,
608 2039 676 2110 scio,
700 2041 757 2112 agit
771 2038 823 2095 huc
837 2053 892 2094 nou
905 2045 960 2092 tum
983 2037 1111 2094 substau-
1164 2033 1242 2090 Patre
1270 2031 1414 2103 luminum,
1430 2047 1445 2088 a
1460 2032 1538 2089 Patre
1564 2033 1720 2106 spirituum,
1738 2032 1845 2090 al’atre
1875 2033 1963 2090 mise-

309 2135 347 2205 ιιι
364 2135 434 2206 ipsa,
445 2147 527 2204 quum
541 2133 630 2202 culpa.
647 2127 811 2185 sicutenim
826 2138 984 2198 peccatores
998 2125 1110 2198 spiritus
1162 2119 1352 2180 ricordiarum.
1366 2123 1436 2179 Nam
1461 2130 1489 2178 et
1513 2133 1654 2194 propterea
1672 2131 1775 2181 rectum
1790 2119 1854 2180 iecit
1873 2121 1961 2179 homi·

308 2224 380 2279 inter
393 2224 492 2280 coelum
503 2231 530 2277 et
543 2227 644 2276 terram
658 2226 800 2274 ventosum
809 2218 862 2274 hoc
871 2216 991 2272 medium
1006 2222 1108 2284 tenent,
1162 2227 1234 2277 uem,
1263 2211 1343 2268 etiam
1371 2225 1487 2284 corpore
1515 2211 1585 2284 ipso,
1611 2221 1639 2269 et
1660 2227 1693 2268 os
1712 2210 1814 2269 homini
1841 2212 1959 2270 sublime

308 2314 422 2368 undeet
445 2317 591 2383 potestates
614 2307 696 2377 hujus
718 2307 790 2363 aeris
807 2305 979 2362 nominentur
996 2303 1107 2377 (Epicur.
1161 2299 1245 2370 dedit,
1260 2315 1320 2358 cum
1334 2315 1419 2373 prona
1439 2301 1532 2374 utique
1556 2306 1680 2373 spectent
1698 2300 1845 2358 animantia
1859 2309 1958 2358 cetera

306 2415 337 2471 ιι,
349 2401 446 2472 i);sic
455 2405 568 2470 peccata
581 2404 674 2453 nostra
683 2395 753 2452 inter
762 2410 814 2452 nos
828 2403 855 2451 et
869 2395 955 2450 Deum
969 2399 1106 2468 separant,
1161 2397 1280 2451 terram:
1296 2397 1326 2446 ut
1339 2389 1464 2447 attollens
1486 2391 1520 2447 ad
1542 2391 1630 2447 sidera
1651 2390 1741 2449 vultus
1759 2389 1805 2448 ilie
1827 2390 1958 2464 suspiret,

303 2491 374 2546 inter
397 2487 553 2544 Creatorem
575 2485 738 2556 Patremque
757 2482 911 2554 spirituum,
928 2489 955 2538 ei
979 2480 1109 2552 spiritua·
1161 2479 1276 2536 ubitam
1290 2480 1395 2536 beatam
1422 2488 1450 2537 ei
1472 2495 1617 2551 perennem
1633 2478 1765 2551 conspicit
1779 2479 1958 2536 mansionem.

303 2579 356 2636 iem
372 2577 467 2650 utiquc
486 2581 649 2632 creaturam.
665 2571 758 2630 Traxit
772 2571 889 2628 animam
903 2585 1005 2643 eorpus
1016 2569 1045 2625 in
1059 2587 1106 2626 re·
1196 2571 1225 2626 i.
1238 2569 1335 2626 Nonne
1351 2569 1424 2625 enim
1449 2569 1491 2639 pie
1512 2577 1539 2626 et
1558 2567 1673 2625 fideliter
1695 2567 1861 2625 intuentihus
1879 2567 1961 2624 nohis

304 2667 417 2743 pionem
431 2681 519 2735 suam,
533 2671 561 2719 et
585 2677 649 2720 ecce
676 2661 825 2734 praevalens
840 2661 970 2734 opprimit
985 2659 1107 2732 peregri·
1160 2657 1426 2715 vehementissimum
1449 2658 1587 2730 quoddam
1614 2657 1778 2714 incentivum
1801 2657 1911 2723 amoris,
1931 2665 1962 2712 et

303 2771 376 2810 nam.
409 2754 519 2811 Factum
548 2760 591 2808 est
618 2765 718 2824 nempe
745 2749 876 2804 talentum
907 2747 1021 2820 plumbi,
1050 2763 1105 2803 non
1159 2747 1314 2818 provocatio
1328 2747 1530 2820 flagrantissimi
1544 2745 1674 2804 desiderii
1687 2755 1731 2803 eat
1744 2744 1813 2804 risio
1827 2745 1887 2818 ipsa
1903 2755 1959 2801 tam

301 2842 411 2898 aliunde
426 2853 526 2908 tamen,
542 2842 595 2897 nisi
613 2839 678 2913 quia
692 2838 767 2894 sedet
781 2835 908 2911 iniquitas
924 2851 1007 2910 super
1021 2834 1101 2891 illud.
1158 2835 1332 2892 lucidissima
1347 2835 1489 2909 regionis?
1506 2837 1567 2894 Nou
1582 2846 1647 2893 sunt
1666 2835 1750 2892 stellae
1765 2837 1829 2893 eoeii
1853 2835 1959 2890 similes

302 2932 409 3004 Corpus
432 2931 506 2987 enim
537 2935 668 3003 aggravat
695 2926 823 2994 animam,
852 2927 900 2982 sed
928 2925 1019 2997 ulique
1032 2925 1104 2996 quod
1158 2923 1246 2998 plebis
1274 2931 1361 2982 terrea.
1380 2925 1452 2982 inter
1475 2924 1645 2997 splendorem
1666 2924 1743 2994 solis,
1767 2931 1795 2980 et
1812 2923 1955 2998 euiigiuem

302 3019 484 3092 corrumpitur
498 3019 576 3092 (Sep.
592 3031 631 3085 ιι,
667 3015 728 3087 15),
744 3015 925 3086 corrumpitur
936 3025 1037 3083 autem,
1049 3013 1104 3069 imo
1157 3012 1313 3086 solibujua‚
1329 3013 1621 3086 ncnparvadistantia
1639 3021 1690 3070 esi.
1705 3013 1786 3070 Forte
1805 3021 1894 3070 umen
1910 3011 1957 3070 bie

302 3109 391 3179 etiam,
400 3108 533 3179 Apostolo
544 3107 777 3176 teste,mortoum
786 3104 1103 3175 estpropierpeecuiam
1119 3110 1142 3190 c
1156 3117 1264 3174 quoque
1278 3103 1398 3172 nonulla,
1415 3105 1463 3160 sed
1477 3103 1506 3159 iu
1515 3119 1566 3161 suo
1579 3118 1682 3177 gauere
1689 3101 1801 3177 pulchra
1809 3100 1953 3162 videntur:

302 3197 394 3268 (Rom.
414 3209 473 3267 ιιιι,
491 3193 549 3266 ld).
583 3193 678 3262 iraque
699 3190 764 3246 lieet
778 3190 897 3261 quodam
910 3191 1105 3246 modocoeium
1157 3190 1255 3247 etbaec
1269 3192 1327 3264 ipsa
1349 3191 1471 3266 undique
1489 3193 1568 3250 mista
1588 3207 1644 3249 uon
1666 3193 1797 3266 pulchris,
1812 3197 1842 3248 ut
1859 3205 1955 3247 aurum

303 3287 338 3344 sit
360 3286 453 3354 homo,
471 3282 628 3340 coelestibus
652 3281 712 3338 sine
726 3280 809 3337 dubio
833 3280 971 3352 spiritibus
998 3280 1105 3348 similis,
1158 3279 1186 3335 iu
1202 3281 1268 3347 luto,
1283 3297 1392 3355 gemma
1414 3283 1442 3338 in
1465 3283 1646 3356 sterquilinio,
1666 3281 1751 3338 lilium
1770 3281 1840 3338 inter
1854 3283 1953 3353 spinas.

302 3375 379 3432 amul
402 3383 430 3432 et
450 3372 558 3440 iorma3
574 3371 728 3428 substantia
747 3369 858 3442 quidem
881 3369 1106 3444 quoniumspiri·
1158 3369 1226 3425 Tota
1242 3370 1353 3440 pulchra
1375 3387 1416 3439 es,
1431 3371 1519 3446 patria
1541 3388 1610 3443 meu,
1625 3378 1652 3430 et
1673 3370 1779 3427 macula
1801 3383 1858 3426 non
1872 3379 1915 3426 eat
1929 3371 1956 3426 in

304 3463 391 3534 tualis,
407 3463 494 3518 iorrna
515 3475 581 3520 vere
609 3460 674 3533 quia
698 3458 835 3515 rationalis
861 3466 919 3514 est:
939 3457 1052 3516 minime
1070 3469 1107 3516 ta·
1160 3467 1204 3515 te:
1234 3467 1291 3517 tota
1314 3461 1425 3532 pulchra
1448 3477 1488 3532 es,
1514 3463 1616 3534 ubsque
1636 3476 1669 3518 eo
1696 3461 1768 3536 quod
1791 3459 1957 3516 intrinsecus

304 3568 365 3608 men
372 3555 427 3623 jam
438 3553 532 3608 letare
546 3566 608 3607 eum
627 3550 682 3605 duo
701 3548 753 3605 ista
768 3545 914 3617 suiiieiunt,
930 3559 962 3605 ut
970 3559 1107 3606 mereatur
1159 3549 1232 3606 latet.
1252 3549 1324 3619 Quid
1343 3550 1409 3608 iilud
1422 3551 1437 3607 i
1450 3551 1554 3624 Nempe
1563 3551 1603 3608 illi
1612 3550 1684 3607 beati
1699 3549 1818 3624 angelici
1832 3549 1954 3621 spiritus,

304 3640 414 3696 audire:
435 3639 505 3708 Quia
529 3639 629 3696 coelum
658 3653 697 3708 es,
720 3645 748 3692 et
762 3637 789 3692 iu
804 3633 904 3692 coeium
918 3635 980 3696 ibis.
996 3637 1107 3694 Frustra
1158 3645 1186 3694 et
1203 3639 1298 3697 anima
1313 3639 1380 3712 ipse
1398 3649 1565 3709 sanctorum,
1584 3653 1646 3712 quae
1659 3640 1714 3713 jam
1730 3637 1956 3712 ingredimcrus-

303 3729 436 3803 glorietur
449 3731 485 3784 de
500 3728 625 3784 libertate
639 3725 756 3793 arbitrii,
772 3739 833 3798 quse
861 3725 890 3781 in
918 3736 1008 3781 mente
1036 3735 1104 3783 est:
1159 3728 1258 3785 ruutiu
1273 3729 1362 3786 locum
1375 3728 1541 3786 tabernaculi
1564 3727 1729 3785 admirabilis
1755 3727 1889 3801 usquead
1903 3727 1955 3783 do-

304 3818 424 3890 captivus
436 3818 545 3875 ducitur
558 3817 587 3872 in
600 3819 687 3890 legem
702 3815 818 3888 percuti,
839 3829 900 3886 quas
913 3815 940 3870 in
956 3829 1037 3873 carne
1053 3822 1105 3871 est.
1160 3833 1233 3873 mum
1259 3817 1321 3874 Dei.
1346 3819 1421 3874 Sicut
1447 3819 1519 3873 euim
1540 3814 1717 3874 diffluunt
1742 3831 1856 3887 corpora
1871 3825 1955 3872 terre·

305 3908 373 3962 Nam
386 3916 415 3965 et
427 3906 450 3962 si
467 3906 577 3964 iorsitau
591 3907 730 3963 videretur
749 3903 850 3975 duplex
874 3903 1011 3961 lunieulus
1026 3919 1107 3976 posse
1159 3907 1238 3973 stria,
1257 3916 1320 3963 sunt
1333 3916 1360 3963 et
1374 3919 1489 3982 corpora
1510 3907 1651 3978 coelestiar
1665 3908 1747 3980 longe
1771 3919 1836 3964 vero
1849 3905 1899 3960 ulia
1912 3913 1956 3961 est

304 3997 475 4070 alteriusque
489 3993 756 4069 duplicipraereiere,
772 4001 801 4048 ut
815 3992 944 4050 uidelicet
958 4007 1039 4065 quern
1054 3992 1107 4049 sibi
1159 3995 1309 4054 coeieatium
1324 3995 1420 4073 pluria,
1436 4011 1516 4069 quam
1543 3997 1728 4054 terrestrium:
1757 3994 1798 4052 sic
1823 4005 1885 4052 sunt
1896 4009 1955 4050 coe·

305 4097 374 4142 terra
404 4084 514 4158 murino
531 4085 648 4157 quodam
661 4083 724 4153 jnre
748 4089 877 4154 tanquam
904 4083 990 4154 patria
1007 4081 1108 4155 pariter
1158 4083 1241 4142 lestes
1254 4084 1366 4159 spiritus
1379 4096 1406 4142 et
1430 4095 1579 4153 terrestres,
1595 4101 1645 4144 uec
1665 4085 1754 4142 minor
1767 4098 1832 4140 sane
1851 4085 1955 4140 distan-

303 4189 331 4232 et
346 4175 455 4231 materia
481 4174 608 4243 vindicat,
625 4173 661 4229 ob
684 4171 821 4246 geminam
845 4170 1030 4243 nihilominus,
1044 4187 1106 4244 quae
1160 4174 1195 4229 tia
1213 4173 1283 4229 inter
1297 4189 1362 4232 eos:
1387 4175 1498 4250 hugeli,
1512 4173 1680 4250 archangeli,
1707 4174 1828 4240 virtutes,
1852 4171 1959 4245 princi·

306 4264 434 4338 pmdica
451 4262 673 4332 est,substantie
697 4260 801 4318 seilicet
816 4269 843 4317 et
856 4259 951 4318 iormae
977 4260 1104 4318 similitu·
1158 4269 1246 4334 patus,
1275 4268 1430 4334 potestates,
1458 4263 1664 4332 dominationes,
1692 4263 1792 4333 throni,
1819 4261 1957 4318 cherubin

303 4353 405 4424 dinem,
422 4352 521 4408 coelum
549 4365 657 4423 quoque
684 4349 796 4422 recipiat
815 4357 845 4405 ut
872 4350 1029 4423 ecelesiam
1055 4353 1103 4408 sed
1118 4393 1142 4472 n
1159 4359 1238 4425 utque
1251 4351 1393 4424 Seraphin.
1408 4352 1480 4411 liene
1495 4355 1605 4411 uomina
1619 4351 1785 4410 noviliorte
1802 4351 1856 4408 hoe
1867 4358 1957 4406 toturn

303 4445 361 4515 jam
377 4441 525 4513 triplicatus
539 4439 651 4496 inferior
663 4439 708 4495 ilic
722 4446 749 4495 et
759 4439 887 4496 deorsum
915 4440 1025 4496 trahens
1034 4454 1102 4510 pec-
1157 4445 1208 4496 est.
1223 4439 1295 4510 Quid
1310 4441 1382 4497 enirn
1405 4442 1520 4515 amplius
1540 4443 1647 4516 cupiam
1667 4441 1804 4514 terrigena
1816 4439 1851 4496 de
1870 4437 1957 4494 ceule-

306 4542 367 4590 cato
383 4531 509 4606 equidem
523 4529 667 4586 accedente
680 4528 828 4600 iuniculus,
844 4529 896 4584 nisi
909 4526 983 4584 illinc
996 4543 1104 4602 quoque
1156 4529 1252 4602 stibus,
1263 4531 1378 4588 carnalis
1390 4532 1473 4588 homo
1487 4534 1522 4589 de
1537 4530 1724 4606 spiritualibus
1734 4537 1761 4588 et
1772 4525 1958 4586 diuinislie-

306 4621 457 4680 cucumerit
478 4621 576 4694 gratia,
590 4633 644 4675 nou
670 4627 820 4690 rumpetur.
847 4617 918 4676 Sene
930 4617 978 4674 ubi
991 4617 1037 4673 illa
1051 4619 1102 4673 ud·
1155 4629 1306 4678 rumtamen
1319 4623 1369 4678 etsi
1396 4621 1494 4695 ignoro
1516 4621 1581 4696 quid
1603 4621 1685 4676 lateat
1704 4619 1732 4676 in
1754 4617 1891 4674 bistuntis
1904 4631 1957 4688 ap·

306 4711 397 4780 luerit,
435 4711 506 4767 haud
534 4708 647 4765 dubium
665 4711 730 4781 quin
760 4708 880 4765 solvatur
904 4706 983 4764 iacile
1012 4707 1105 4781 gravis
1157 4708 1354 4782 peilationihus,
1368 4709 1435 4767 illud
1462 4711 1587 4784 equidem
1614 4709 1765 4766 senissima
1793 4707 1866 4778 nori,
1881 4707 1957 4778 quod

304 4801 356 4856 iate
371 4813 427 4872 quo
449 4798 592 4864 trahimur,
620 4798 676 4854 imo
690 4812 773 4871 quern
800 4796 942 4866 trahimus,
970 4797 1104 4854 funiculus
1157 4814 1288 4873 magnum
1302 4807 1330 4856 et
1342 4799 1466 4857 mirabile
1478 4799 1579 4874 aliquid
1589 4798 1639 4855 sub
1652 4798 1703 4855 bae
1717 4807 1792 4854 tanta
1805 4797 1954 4853 verborum

307 4887 464 4961 miquitatis.
480 4889 544 4944 ltoec
563 4887 635 4943 eninr
650 4887 722 4944 iuter
740 4901 791 4944 nos
810 4898 836 4943 et
851 4887 941 4942 Deum
958 4902 1014 4945 non
1027 4903 1103 4961 sepa·
1156 4890 1296 4959 majestate
1313 4887 1436 4946 clausum
1450 4890 1485 4946 sit
1502 4896 1529 4945 et
1550 4889 1694 4961 signatum.
1710 4887 1771 4944 Neu
1798 4887 1858 4942 sius
1873 4897 1959 4940 mnas

304 4993 368 5035 rans
385 4977 538 5043 intervenit,
553 4977 601 5032 sed
616 4991 744 5047 reparans
757 4983 784 5032 et
796 4975 977 5049 conjungens.
1156 4978 1255 5035 coeium
1268 4979 1320 5035 hoc
1338 4977 1454 5036 dicitur:
1476 4979 1554 5052 pinne
1566 4977 1693 5035 eximium
1709 4975 1803 5032 nescio
1815 4971 1883 5047 quid
1902 4987 1954 5029 ce-

339 5071 367 5125 i.
382 5066 473 5138 ltaque
493 5064 538 5122 ihu
561 5065 627 5120 mihi
655 5065 690 5121 sd
714 5071 833 5121 montem
856 5067 961 5141 gratiae,
976 5063 1103 5122 etcoiles
1155 5065 1265 5123 laturiu
1279 5081 1322 5126 eu.
1349 5067 1465 5140 Celsior,
1489 5067 1608 5140 inquam,
1624 5065 1671 5123 sed
1695 5076 1784 5121 tamen
1800 5075 1957 5134 nunnegu-

303 5161 521 5228 uriserationum,
541 5172 657 5229 querum
677 5157 820 5212 thesauros
851 5171 946 5212 omnes
965 5158 1103 5228 repositos
1157 5163 1200 5212 tur
1216 5155 1279 5213 fldei
1303 5171 1504 5230 usquequaque.
1531 5155 1626 5212 Videre
1647 5154 1720 5212 enim
1739 5151 1822 5210 nobis
1836 5151 1914 5206 debir
1928 5151 1958 5204 in

300 5251 383 5312 audie
412 5267 494 5324 penes
513 5247 658 5304 Christum.
678 5247 726 5302 lho
746 5245 780 5301 ud
793 5261 855 5302 eum
878 5245 925 5318 qui
953 5255 995 5302 est
1007 5246 1103 5318 plenus
1156 5251 1228 5303 terre
1251 5247 1336 5318 ipsam
1357 5247 1520 5304 exteriorem
1544 5245 1609 5303 coeli
1634 5243 1877 5319 pulchritudinem,
1901 5253 1959 5296 non

301 5346 399 5415 gratias
448 5348 477 5398 et
512 5337 642 5409 serimus,
683 5335 706 5392 si
733 5338 803 5392 iorte
839 5335 970 5410 accipiam
1001 5335 1101 5408 aliquid
1155 5336 1248 5410 adire,
1264 5337 1397 5394 internam
1420 5350 1528 5411 quoque
1551 5333 1670 5410 gloriam
1691 5343 1857 5391 secretorum
1882 5329 1955 5400 ejus,

302 5435 337 5488 de
360 5430 526 5502 plenitudine
548 5428 606 5499 ilia,
631 5426 686 5484 imo
716 5425 825 5482 siiorte
848 5426 964 5499 accipiar
992 5423 1021 5482 in
1044 5427 1102 5498 pie·
1155 5431 1206 5484 etsi
1229 5441 1284 5483 non
1302 5425 1532 5498 conprehendere,
1546 5425 1705 5484 conceditur
1718 5423 1761 5483 rel
1783 5421 1888 5481 audire.
1911 5417 1960 5477 ti.

302 5521 452 5575 hirudinem
466 5519 560 5577 iilam:
580 5523 610 5573 ut
622 5530 685 5573 eum
699 5515 805 5573 euteria
816 5515 961 5590 aliquando
972 5515 1101 5573 membris
1156 5517 1253 5572 demus
1273 5516 1397 5588 patriam,
1417 5516 1465 5574 sed
1483 5533 1499 5573 a
1522 5517 1604 5590 lorge
1620 5514 1793 5583 salutamus3
1809 5509 1958 5570 odoramur

300 5622 427 5663 occuram
441 5607 470 5662 in
485 5621 637 5663 mensuram
665 5605 753 5661 utatis
782 5603 955 5676 plenitudinis
982 5604 1097 5662 Christi.
1156 5603 1216 5662 ilias
1228 5605 1349 5676 delicias,
1368 5621 1423 5662 uon
1436 5615 1587 5680 susumus.

298 5697 385 5754 licum
400 5695 501 5767 quippe
515 5693 640 5750 ascendit
654 5693 683 5749 in
697 5691 807 5761 oculum,
828 5693 879 5750 uisi
901 5693 948 5766 qui
962 5693 1103 5752 descendit
1193 5695 1384 5752 diminuere
1404 5709 1458 5752 non
1479 5692 1539 5753 siue
1565 5710 1647 5754 causa
1670 5693 1843 5768 unigenitus,
1856 5688 1904 5763 qui
1918 5699 1960 5746 est
