4064 6344
99 425 170 489 totu
725 423 892 488 sabbatiae
910 427 945 488 ill
963 420 1116 486 mittun
1686 425 1755 492 toti

97 557 225 612 fidelibus
248 553 366 611 vlidcliter
391 553 528 608 intimans.
552 553 664 609 Audivit
691 562 781 610 autem
809 553 891 610 verba
908 552 1042 648 flgloric,
1057 551 1184 625 quoniam
1197 568 1253 610 non
1275 552 1327 610 sibl
1340 562 1455 626 usurpat
1468 571 1540 612 eam.
1572 554 1634 616 ilon
1655 558 1754 632 oppri-

98 643 257 716 iuaiiabilia,
276 659 339 715 quae
360 656 413 700 uon
428 641 504 698 licuit
516 641 555 697 illi
574 644 649 713 loqui
663 643 704 715 (ll
717 644 779 700 Cor.
795 657 846 708 nrt,
863 645 890 708 ἓ,
948 641 1039 707 mitur,
1059 640 1191 712 quianon
1216 643 1358 698 scrutatrix
1386 645 1533 714 majestatis
1557 653 1610 713 est,
1627 643 1675 703 scd
1703 662 1753 704 vo·

100 733 137 803 i).
153 734 213 788 Nou
228 732 323 806 utiquc
343 731 455 800 bomini,
472 741 535 786 uam
558 729 611 785 sibi
635 729 678 786 illa
692 732 855 802 loquebatur
869 735 895 786 et
948 729 1069 785 luntatis.
1084 729 1152 785 Nam
1168 730 1240 801 quod
1264 730 1400 800 majestati
1415 734 1518 800 attinet,
1542 733 1677 790 interdum
1692 735 1754 808 qui·

101 823 167 877 Deo.
183 823 253 878 Puta
267 829 334 893 'ergo
356 821 441 875 mam
457 821 533 891 quusi
549 818 691 876 sollicitam
706 819 781 876 Pauli
801 819 894 875 cbari—
948 817 1008 874 dem
1033 827 1059 874 et
1073 817 1101 872 iu
1120 819 1204 889 ipsam
1228 818 1366 874 intendere
1381 819 1470 888 audet,
1492 822 1540 877 sed
1561 823 1638 893 quasi
1660 823 1751 879 admi-

101 917 182 965 talem
197 910 249 966 hnc
262 909 343 964 modo
355 907 501 973 consolari,
519 915 545 962 ct
561 907 652 964 dicare
668 925 676 964 :
691 905 762 978 Quid
778 906 895 962 anxiaris
948 923 1023 977 runs,
1047 921 1101 963 nou
1115 906 1193 978 quasi
1206 911 1337 964 scrutans.
1355 907 1406 964 Sed
1424 905 1540 966 1480
1553 919 1580 965 ct
1606 910 1751 984 siquando

102 997 172 1068 quod
188 1005 349 1068 conceptum
364 1003 441 1052 tuum
455 995 562 1052 auditus
577 1012 630 1052 uon
650 997 722 1068 cupit
737 997 894 1052 humanus?
949 1011 997 1069 per
1011 1011 1151 1053 excessum
1179 995 1236 1067 rapi
1260 994 1376 1051 inillam
1398 997 1547 1067 contingat,
1570 999 1671 1071 digitus
1699 999 1750 1056 Dei

102 1088 185 1146 Sonat
198 1103 253 1144 aron
268 1090 320 1142 taa
335 1087 367 1142 in
385 1086 503 1142 auriana
523 1087 594 1142 meis
605 1106 614 1152 ,·
630 1087 682 1141 boc
700 1097 761 1141 est:
780 1085 808 1140 Si
821 1083 894 1158 quud
947 1094 987 1140 cst
1009 1084 1069 1154 iste,
1094 1085 1235 1158 dignanter
1258 1085 1351 1142 levaris
1378 1085 1524 1150 bominem,
1551 1101 1603 1140 non
1634 1087 1751 1143 hominis

101 1175 195 1242 sentis,
211 1189 265 1231 non
288 1174 351 1230 licet
370 1173 492 1232 revelare
511 1175 681 1242 mortalibus,
697 1177 836 1230 consolare
851 1182 893 1228 ta·
949 1174 1087 1230 temeritas
1101 1175 1250 1230 insolenter
1265 1174 1315 1230 Dei
1330 1175 1382 1228 alta
1419 1171 1580 1245 pervadens.
1598 1175 1750 1231 cumcuim

12 1305 14 1310 .
101 1280 174 1330 rnen,
190 1263 262 1339 quod
283 1277 334 1320 vox
360 1270 406 1318 tau
427 1261 533 1318 divinas
559 1273 640 1335 queat
663 1263 780 1318 mulcere
803 1277 893 1319 aures.
948 1263 1097 1334 Apostolus
1119 1273 1225 1335 raptum
1245 1279 1274 1319 se
1293 1272 1426 1319 memoret
1450 1262 1750 1337 [alintcommemoret]

102 1352 184 1410 Vides
199 1359 317 1408 sanctam
337 1351 465 1420 animant,
486 1365 558 1408 nuuc
572 1351 684 1422 quidem
699 1350 830 1408 charitate
847 1365 895 1406 so·
951 1354 989 1422 (ll
1016 1352 1077 1410 Gor.
1103 1353 1167 1423 aar),
1185 1359 1213 1408 ut
1242 1368 1339 1408 ausum
1368 1363 1496 1419 excusem
1525 1351 1652 1425 quisnam
1679 1355 1750 1409 alter

102 1441 185 1498 briam
209 1440 297 1507 uobis,
315 1455 465 1496 uunavcro
490 1439 606 1511 puritate
626 1441 800 1496 excedentem
817 1441 897 1496 Daoi
951 1447 1095 1513 presumat
1128 1440 1283 1496 mortalium
1312 1439 1374 1497 bule
1413 1457 1440 1497 se
1467 1441 1566 1499 divinae
1598 1442 1747 1511 majestatis

102 1533 142 1600 (ll
155 1530 216 1586 Gor.
232 1545 257 1594 v,
275 1529 332 1599 lt.)
343 1527 501 1585 Videetiam
514 1529 548 1583 de
562 1535 654 1584 sancto
668 1528 764 1593 David,
780 1543 813 1584 ne
828 1527 897 1585 iarte
951 1530 1086 1584 horrendo
1120 1528 1248 1585 scrutinio
1289 1529 1407 1600 propriis
1443 1530 1571 1587 intricare
1599 1531 1748 1597 conatibus,

103 1617 146 1673 ille
170 1617 204 1674 sit
227 1617 285 1689 ipse
304 1619 396 1681 bomo,
412 1616 588 1687 dequocum
604 1615 897 1688 bouquetiana
950 1627 977 1673 et
1017 1617 1190 1688 importunas
1217 1619 1414 1690 contemplator
1452 1621 1572 1690 pavenda
1601 1617 1750 1692 irrumpere

103 1706 245 1777 loquitari
264 1707 402 1777 Quoniam
417 1707 548 1778 cogitatio
572 1706 695 1765 bominis
715 1706 898 1777 confitebitur
952 1705 979 1761 iu
1008 1704 1130 1761 arcuna?
1153 1705 1325 1763 scrutatores
1352 1706 1466 1778 proinde
1496 1708 1652 1778 majestatis,
1686 1717 1748 1765 tau-
1810 1703 1814 1709 ’

103 1795 163 1861 tibi,
174 1801 203 1852 ct
215 1798 344 1870 reliqna
358 1797 541 1868 capitationis
551 1795 624 1852 dican
635 1799 740 1869 scstnrn
750 1801 834 1868 apem
846 1797 898 1853 tibi
952 1809 1031 1866 quam
1046 1792 1194 1865 irruptores
1207 1793 1262 1850 dici
1275 1811 1349 1861 reor,
1365 1811 1418 1851 uou
1432 1796 1480 1868 qai
1492 1797 1594 1853 scilicet
1609 1797 1751 1868 rapiuntur

103 1883 190 1955 (Pani.
205 1899 293 1953 cxxv,
306 1882 361 1955 ll).
376 1884 450 1954 Ergo
465 1883 538 1955 quod
553 1885 586 1940 de
600 1885 765 1956 cogitatione
781 1887 897 1956 prophe·
914 1842 935 1919 fl
951 1884 979 1937 in
993 1899 1063 1950 cam,
1087 1882 1135 1937 sed
1160 1882 1206 1953 qui
1221 1882 1333 1938 irruunt.
1348 1883 1402 1953 lpsi
1416 1883 1506 1956 ltaque
1530 1886 1751 1957 opprimuntaru
1770 1955 1773 1964 .

104 1972 156 2029 tica
170 1972 252 2027 verbo
272 1981 298 2026 et
314 1971 437 2041 exemplo
451 1971 593 2044 Prophetae
610 1975 707 2028 venire
725 1969 760 2028 ud
781 1973 898 2029 taedium
951 1971 1049 2043 gloria.

49 2107 52 2111 .
104 2065 229 2132 potarat,
256 2058 284 2114 id
312 2058 446 2130 Propheta
471 2059 500 2114 in
528 2059 665 2131 publicam
698 2075 759 2116 mox
793 2059 900 2116 lauabat
989 2061 1017 2114 b.
1044 2059 1116 2133 Ergo
1135 2057 1310 2114 formidolosa
1324 2057 1454 2115 scrutatio
1474 2059 1624 2128 maiestatis
1640 2068 1686 2116 :at
1700 2077 1749 2118 vo—

104 2147 361 2214 couiessionem,·et
382 2161 416 2204 ex
433 2161 466 2203 eo
480 2146 660 2204 confitebatur
673 2147 699 2202 iu
717 2147 824 2220 populis
837 2149 898 2202 Do·
953 2145 1073 2214 luntatis,
1090 2151 1151 2203 tam
1162 2153 1220 2202 tutu
1231 2160 1317 2218 quam
1341 2146 1394 2219 pin.
1412 2146 1513 2216 Quidni
1538 2153 1594 2204 tota
1608 2145 1750 2222 diligentia

105 2239 186 2302 ritino,
203 2239 334 2310 reliquum
356 2236 409 2292 sibi
431 2243 459 2293 et
478 2237 536 2292 Deo
557 2251 799 2310 normannosque
824 2239 898 2296 iesti·
953 2236 1099 2292 scrutando
1114 2236 1212 2292 instem
1236 2235 1513 2308 sacramentogloria
1526 2236 1682 2303 voluntatis,
1707 2236 1751 2292 cui

103 2343 167 2382 vum
181 2327 283 2382 ducens
301 2326 328 2380 in
344 2323 435 2381 latitia
453 2331 479 2380 et
503 2323 692 2382 exsultatione.
708 2325 765 2382 lloa
778 2341 843 2398 erge
858 2333 899 2381 est
955 2325 1019 2379 mibi
1029 2325 1181 2396 parendum
1198 2339 1247 2396 per
1262 2324 1353 2381 omitia
1367 2325 1444 2381 sciui
1460 2325 1559 2380 Suavis
1573 2325 1671 2400 gloria,
1686 2341 1749 2400 que

105 2415 179 2486 qued
206 2415 285 2470 nobis
312 2413 436 2470 intimare
462 2419 614 2468 memorato
643 2413 782 2470 versiculo
805 2412 899 2470 voluit.
953 2427 1008 2468 nou
1019 2413 1136 2478 aliunde,
1146 2413 1270 2485 quamde
1284 2411 1752 2485 ipsiussuavnanscontemplatione

104 2500 240 2572 Quidquid
264 2501 390 2558 videlieet
417 2515 466 2559 aaa
494 2498 553 2556 illa.
567 2499 749 2558 scrutabunda
778 2499 902 2560 etavida
954 2501 1084 2573 procedit,
1095 2516 1177 2575 qaum
1191 2501 1226 2558 de
1240 2501 1394 2558 divitiarum
1408 2500 1538 2558 honitatis
1552 2517 1584 2558 ac
1599 2503 1690 2559 multa
1705 2503 1753 2557 mi-

105 2590 315 2665 cogitutioueex
338 2602 438 2644 arcano
459 2587 599 2660 sapientias
614 2603 712 2644 eruere
729 2587 900 2660 praevalebat,
955 2590 1099 2646 secationis
1128 2590 1235 2646 iutuitu.
1265 2589 1388 2662 Denique
1411 2591 1529 2646 vidimus
1551 2590 1667 2661 gloriam
1681 2589 1752 2648 banc

107 2689 208 2750 partem
218 2685 303 2752 quam
318 2685 424 2750 poterat
439 2678 467 2734 iu
482 2677 594 2734 salutem
609 2678 772 2748 populorum
787 2676 902 2732 sollicita
954 2678 1070 2751 gloriam
1084 2678 1160 2753 qnasi
1173 2679 1311 2752 Unigeniti
1326 2693 1343 2733 a
1363 2680 1439 2735 Patre
1453 2681 1545 2748 (ioan.
1554 2695 1574 2746 1,
1587 2679 1643 2752 lt).
1654 2681 1752 2734 Totum

105 2765 296 2842 predicatione
319 2767 543 2839 impertiebatur3
564 2759 698 2837 reliquum
718 2765 790 2838 quad
804 2780 902 2834 capere
955 2783 1052 2838 nempe
1066 2767 1213 2840 benignum
1241 2775 1268 2822 et
1292 2783 1356 2822 vero
1387 2773 1527 2834 paternum
1541 2769 1613 2840 quod
1629 2769 1752 2839 apparuit

106 2859 199 2928 plebes
222 2870 283 2918 aaa,
303 2863 437 2928 putarant,
455 2855 548 2914 festiva
560 2855 718 2926 iubilatione
732 2855 760 2913 iu
774 2853 825 2911 Dei
845 2855 901 2910 lau·
955 2855 1050 2929 gloriae
1070 2858 1095 2910 in
1121 2858 1170 2910 bac
1184 2861 1271 2926 parte.
1299 2856 1356 2930 Non
1373 2871 1416 2911 me
1435 2856 1569 2927 opprimet
1587 2856 1676 2928 gloria
1701 2857 1752 2913 ista

103 2948 186 3004 dibus
223 2946 402 3019 expendebat.
432 2944 514 3004 Vides
545 2953 646 3002 sunctae
681 2942 901 3015 contemplationi
957 2946 1018 3002 totis
1034 2945 1095 3002 licet
1104 2943 1209 3001 viribus
1224 2944 1412 2999 intendentem
1422 2943 1449 3001 in
1464 2961 1492 3000 se
1510 2959 1581 3018 :ogo
1597 2945 1687 3017 potius
1703 2945 1751 3000 im·

104 3035 230 3105 dspurira
244 3034 321 3102 nibil,
337 3035 400 3092 dam
416 3033 491 3104 quod
505 3033 625 3104 expendi
640 3033 666 3088 in
682 3030 804 3105 plebium
819 3031 902 3086 aditi·
955 3031 1055 3104 primur
1082 3031 1130 3087 illi.
1146 3031 1251 3088 Etenim
1281 3031 1401 3087 revelata
1419 3030 1486 3088 facie
1515 3033 1694 3104 speculantes,
1724 3032 1752 3088 iu

103 3131 237 3187 cationum
254 3145 309 3185 nan
324 3137 424 3200 potest,
436 3130 462 3184 id
480 3129 522 3184 val
538 3128 653 3184 maxime
666 3129 724 3184 Deo
734 3129 769 3183 sit
780 3129 902 3197 jucunda
918 3109 940 3188 Β
954 3119 1076 3176 eamdem
1097 3119 1245 3193 imaginum
1268 3119 1495 3176 transformamur
1521 3120 1556 3175 da
1578 3121 1700 3178 claritate
1725 3121 1763 3176 iuv

103 3223 256 3292 decoraque
270 3218 399 3276 laudatio.
953 3209 1111 3275 claritatem,
1136 3216 1293 3280 tauquams
1315 3208 1424 3264 Domini
1440 3207 1540 3280 Spiritu
1557 3209 1598 3280 (ll
1625 3211 1687 3267 Cer.
1699 3225 1750 3276 -rrr,

140 3312 167 3366 l.
183 3307 326 3378 Quacum
345 3308 381 3362 ita
405 3305 538 3373 aint,du'u
562 3305 645 3379 liquet
667 3305 901 3376 corrtemplatiouis
955 3301 1012 3368 lii).
1036 3297 1270 3358 Transferatamur
1293 3311 1356 3352 cum
1378 3297 1589 3358 conformamur·
1605 3297 1682 3352 Absit
1700 3313 1751 3352 aa·

106 3412 208 3468 geueru
228 3411 288 3452 essa
303 3411 310 3448 :
328 3411 420 3460 uuum,
435 3395 471 3450 de
487 3403 557 3450 statu
580 3409 608 3448 es
630 3393 757 3448 felicitate
771 3399 798 3448 ct
814 3393 902 3465 gloria
955 3395 1011 3443 tem
1025 3394 1055 3442 ut
1073 3386 1099 3440 in
1116 3385 1265 3453 majestatis
1278 3385 1365 3457 gloria
1379 3393 1405 3440 et
1419 3399 1473 3441 non
1488 3387 1574 3458 magia
1603 3385 1630 3439 in
1652 3383 1751 3442 volun-

106 3485 221 3542 civnn'rs
239 3499 376 3554 supernae,
391 3497 447 3555 quo
467 3483 582 3550 velacta,
598 3481 639 3538 vel
666 3483 722 3538 otio
743 3481 839 3555 iugens
856 3481 902 3536 illa
954 3475 1016 3530 tatis
1039 3473 1180 3540 modestia,
1196 3473 1244 3527 ilci
1274 3474 1307 3529 ab
1320 3472 1428 3528 horariae
1455 3471 1631 3528 conlarmitas
1646 3487 1751 3544 praesu-

105 3571 255 3632 emicabant
280 3572 524 3641 civiumoqcupata
546 3570 580 3627 qn
594 3569 758 3637 multitunoq
777 3570 901 3634 alterum,
956 3561 1057 3617 matari
1075 3560 1169 3618 Gloria
1182 3574 1243 3617 mea
1259 3560 1319 3617 baec
1341 3562 1392 3624 est,
1410 3559 1431 3614 si
1444 3575 1563 3631 unquam
1583 3561 1616 3617 de
1639 3576 1683 3616 me
1697 3576 1749 3616 aa·

107 3665 142 3721 da
171 3665 242 3736 regis
269 3663 355 3734 ipsius
377 3663 531 3729 majestate,
556 3658 726 3725 eternitate,
752 3659 901 3715 divinitate.

105 3754 156 3808 llla
177 3753 203 3806 in
219 3751 343 3818 maceria,
359 3750 411 3806 ista
425 3749 453 3804 in
470 3758 554 3820 petru.
571 3747 625 3804 Sed
643 3749 701 3805 lraec
713 3756 813 3820 quanta
827 3747 902 3803 dilii-

105 3843 185 3898 cillus
197 3849 315 3908 cavatur,
333 3847 407 3895 tanto
428 3838 540 3894 suavius
562 3837 634 3910 quod
649 3836 713 3892 iude
737 3836 809 3892 eruis
821 3838 900 3909 sapit.

955 3651 1030 3708 diaro
1047 3669 1054 3709 :
1070 3649 1308 3708 luveuibominem
1332 3648 1482 3704 secundum
1497 3664 1544 3705 cor
1573 3663 1675 3705 mcum.
1698 3651 1751 3706 Cor

956 3741 1050 3813 sponsi
1061 3754 1107 3796 cor
1123 3738 1205 3809 patris
1228 3738 1278 3793 sni.
1292 3738 1383 3808 ipsum
1398 3738 1499 3810 qualai
1515 3741 1619 3808 Estote,
1634 3737 1681 3805 ait,
1697 3740 1751 3796 nri·

956 3828 1576 3896 scricerdcssicatcantcroestcrjmisericcra
1587 3828 1750 3900 atilianus,

103 3935 167 3988 Nec·
181 3931 300 3987 verearis
314 3929 380 3986 illud
396 3929 467 4000 quod
483 3928 549 3997 Scri,
563 3936 620 3982 tura
639 3924 757 3982 minatur
770 3933 903 3983 scrutata·
957 3917 1018 3990 36).
1036 3918 1098 3972 llaec
1113 3915 1198 3969 iarma
1217 3929 1297 3985 quam
1312 3915 1402 3970 videta
1421 3916 1566 3981 desiderat,
1580 3927 1640 3969 0¹¹0]
1655 3915 1751 3971 Eccle-

105 4022 181 4077 ribua
199 4019 350 4090 majestatis
374 4019 466 4088 (Pron.
481 4033 549 4086 xxv,
564 4016 621 4088 El).
635 4017 750 4072 'lantum
767 4016 835 4071 aller
849 4031 902 4087 pu.
958 4005 1099 4062 siaedicil:
1114 4004 1231 4061 Ostende
1240 4004 1312 4060 mibi
1317 4003 1420 4074 stenem
1430 4005 1512 4058 laam
1527 4021 1536 4058 :
1552 3999 1759 4078 iormapietatis¹

106 4121 167 4165 rem
180 4115 209 4164 et
222 4106 372 4180 simplicem
387 4106 509 4174 oculum;
526 4121 581 4160 nou
595 4105 759 4177 opprimeris
775 4121 789 4158 a
805 4105 903 4176 gloria,
958 4107 985 4150 et
1006 4092 1236 4150 mansuetudinis
1254 4093 1327 4146 Hanc
1347 4105 1408 4146 eum
1429 4090 1504 4146 omni
1519 4089 1616 4146 fiducia
1631 4089 1701 4147 lavat
1716 4091 1751 4146 ad

104 4200 153 4254 sed
176 4196 336 4262 admitteris,
362 4195 415 4250 nisi
439 4209 493 4250 nou
518 4195 577 4260 Dei,
594 4194 642 4249 sad
662 4202 738 4248 tuam
763 4191 904 4265 quesieris
958 4183 1129 4249 Petram3cui
1145 4181 1242 4238 similis
1258 4189 1299 4237 est
1315 4179 1461 4238 :accedite
1475 4179 1562 4250 iuquit
1575 4179 1695 4248 adeam,
1722 4183 1751 4237 cl

105 4285 230 4360 gloriam.
246 4285 372 4356 Alioquin
394 4299 445 4339 sua
457 4283 571 4356 quisque
593 4281 765 4354 opprimitur,
780 4295 834 4336 uon
850 4279 902 4335 liei
956 4273 1168 4332 ilinminanaini
1187 4275 1216 4326 et
1243 4270 1330 4341 [acics
1344 4271 1444 4326 octirm
1462 4281 1521 4324 non
1534 4267 1752 4340 confundentur
1787 4273 1792 4282 '

104 4374 203 4448 gioria
214 4374 278 4428 dum
293 4371 420 4443 proclivis
436 4371 462 4425 in
478 4372 565 4434 istam,
578 4372 612 4424 ad
628 4370 701 4425 illam
712 4370 800 4425 levare
815 4369 902 4425 cervi·
917 4399 940 4477 n
955 4364 1042 4432 (Psoi.
1058 4375 1157 4431 xrrrrv,
1174 4359 1211 4431 d).
1231 4359 1291 4431 Quo
1314 4367 1392 4430 pacto
1406 4357 1514 4413 humilia
1528 4357 1561 4413 ab
1573 4355 1669 4413 bamili
1683 4371 1750 4413 cou-

86 4459 166 4520 'ccm
186 4475 240 4518 nou
265 4459 372 4529 sinaut,
388 4458 515 4514 nimirum
536 4468 646 4529 gravent
668 4457 826 4526 cupiditate.
843 4454 901 4513 Hac
956 4450 1094 4518 landatur,
1105 4466 1119 4502 a
1130 4450 1174 4520 pio
1188 4455 1288 4513 sauata,
1306 4457 1333 4503 ot
1347 4463 1362 4502 a
1377 4455 1517 4503 mansueto
1533 4446 1673 4502 modesta?
1687 4447 1749 4501 Nou

104 4567 234 4620 excussa,
244 4563 339 4606 secure
352 4545 608 4616 scrutemur(alius,
619 4545 765 4618 fodiamus)
776 4547 899 4619 inPetra,
955 4540 1035 4612 plane
1053 4537 1206 4595 abhorrebit
1220 4553 1235 4592 a
1251 4535 1365 4608 puritate
1387 4544 1471 4608 patrae
1485 4551 1552 4606 putu
1567 4533 1648 4591 iacies
1670 4550 1752 4604 spou-

103 4643 133 4698 in
148 4637 333 4712 quatbasaari
348 4635 497 4692 absconditi
511 4635 652 4705 sapientias
666 4641 695 4690 et
709 4634 902 4692 scientiaeaut
954 4645 1003 4699 sa,
1027 4641 1082 4683 uon
1113 4623 1199 4699 magis
1222 4641 1303 4696 quam
1328 4641 1345 4679 a
1368 4625 1467 4682 virtute
1493 4623 1587 4694 virtus,
1608 4639 1624 4678 a
1647 4623 1752 4680 lumine

104 4733 221 4805 (Calata.
237 4743 266 4797 n,
279 4727 316 4800 3).
328 4726 357 4782 Si
369 4726 457 4781 adhuc
469 4724 587 4790 dubitas,
601 4723 665 4780 uadi
680 4723 764 4795 ipsam
777 4725 879 4778 Petram
892 4738 898 4780 :

108 4820 335 4892 premerentur,
344 4812 444 4886 iuquit,
459 4815 491 4870 in
500 4827 554 4879 nnc,
566 4827 623 4870 non
631 4812 790 4885 peccabant
799 4811 900 4883 (Eccll.

105 4921 187 4976 xxiv,
204 4905 259 4977 30).
278 4905 345 4974 Quis
359 4901 520 4959 doiiintiln'
536 4917 646 4974 pennas
660 4902 737 4958 sicut
751 4902 898 4971 columbe,

105 5001 135 5055 ct
145 4995 251 5061 volabo,
263 4997 291 5051 ct
300 4990 499 5065 requiescam?
513 4990 599 5056 (Ptol.
611 5005 664 5060 arv,
676 4991 716 5059 l.)
731 4987 770 5044 lhl
782 4989 901 5063 requiem

104 5083 208 5142 invonit
223 5087 382 5138 mansuetas
397 5087 423 5137 et
437 5077 563 5151 simplos,
578 5077 625 5133 ubi
639 5077 751 5134 dolosus
767 5079 900 5150 opprimi-

105 5181 160 5241 tui,
171 5170 213 5226 vel
224 5171 319 5237 datus,
334 5178 362 5225 at
374 5168 487 5243 cupidus
501 5167 589 5223 inanis
602 5166 708 5240 glorias.
724 5167 845 5223 Ecclesia
855 5181 902 5225 co·

104 5261 197 5318 lamba
216 5266 267 5328 est,
283 5265 310 5314 et
334 5257 397 5315 ideo
412 5255 567 5329 requiescit.
583 5255 723 5326 Columba,
740 5255 802 5328 quiu
821 5255 899 5314 inuo-

103 5360 181 5415 ceut,
193 5348 256 5421 qnia
269 5361 390 5419 gemens.
407 5344 552 5415 Columba,
567 5344 687 5418 inquam,
701 5345 766 5417 qnia
779 5345 805 5400 in
821 5361 902 5404 man-

104 5439 253 5498 suetudine
268 5437 380 5509 suscipit
398 5436 506 5492 iusitum
521 5437 643 5491 verbum.
660 5435 694 5490 Et
717 5435 859 5508 requiescit
873 5437 903 5492 in

106 5529 208 5592 Verbo,
221 5527 274 5583 boc
286 5533 327 5581 est
342 5525 368 5578 in
383 5533 476 5594 petra:
493 5539 553 5580 uam
571 5531 643 5595 petra
656 5528 698 5581 cst
711 5524 838 5582 Verbum.
854 5525 903 5582 Ec

105 5615 297 5691 clealaargoin
309 5611 586 5685 foraminibasprtrae,
598 5627 734 5684 perquam
745 5613 905 5686 introspicit,

956 4718 1059 4774 lumen.

990 4819 1016 4871 d.
1034 4813 1088 4870 Sed
1102 4812 1166 4886 quia
1180 4825 1235 4868 nau
1249 4829 1283 4868 ex
1303 4812 1377 4868 omni
1392 4810 1502 4868 interim
1523 4818 1599 4882 parte
1613 4811 1701 4867 adbuc
1715 4811 1750 4867 ad

955 4915 1061 4977 petram
1090 4902 1231 4958 iocundam
1247 4900 1369 4958 Ecclesia
1394 4900 1524 4957 accedere
1547 4907 1634 4972 potest
1648 4901 1751 4973 (neque

956 4993 1027 5050 enim
1046 4991 1168 5048 ornuium
1182 4991 1290 5062 esa-qui
1305 4990 1331 5045 in
1346 4989 1467 5046 Ecclesia
1493 4995 1751 5061 santpsaeraareuta

956 5080 1054 5138 divina}
1067 5079 1212 5137 voluntatis
1227 5078 1369 5151 inspicere,
1381 5085 1426 5133 aut
1436 5073 1638 5150 apprehendetis
1654 5093 1702 5150 per
1712 5093 1753 5132 ae·

958 5171 1090 5240 metipsos
1101 5170 1233 5240 ,arcturus
1247 5167 1309 5239 bei)
1321 5190 1330 5236 ,·
1344 5167 1405 5223 ideo
1421 5181 1475 5223 aaa
1489 5168 1575 5224 sainna
1587 5169 1619 5223 in
1628 5169 1750 5239 menmi-

960 5259 1045 5315 nibns
1062 5263 1152 5332 petrae
1172 5257 1220 5312 scd
1241 5261 1268 5311 et
1291 5257 1324 5312 in
1339 5256 1466 5313 cauernis
1479 5259 1611 5312 anuceria
1632 5255 1751 5310 babitare

958 5348 1117 5406 ostenditur.
1133 5349 1204 5422 Ergo
1230 5346 1258 5401 in
1273 5345 1398 5417 perlectis
1417 5346 1528 5417 quidem
1544 5344 1594 5417 qui
1615 5344 1706 5400 rimari
1721 5357 1752 5400 aa

957 5449 1102 5510 penetrare
1120 5448 1217 5494 arcuna
1231 5436 1372 5509 sapientise
1399 5445 1426 5491 at
1445 5433 1568 5508 puritate
1580 5434 1752 5490 consulentiae

960 5529 1070 5599 aulient,
1086 5533 1113 5584 et
1126 5526 1312 5598 intelligentiae
1326 5524 1450 5582 acumine
1464 5531 1589 5596 possunt,
1605 5525 1706 5580 lrabbat
1726 5524 1751 5577 in

962 5615 1140 5673 iorntrviuibus
1167 5623 1260 5690 petras.
1287 5617 1324 5671 Do
1344 5615 1446 5686 reliquo
1467 5613 1495 5668 iu
1510 5613 1633 5670 cavernis
1660 5616 1751 5670 ibane-

106 5713 135 5764 et
145 5705 222 5763 vidat
234 5703 348 5778 gloriam
362 5702 456 5777 sponsi
471 5701 530 5770 sui;
548 5713 597 5759 nec
611 5703 772 5776 opprimitur
788 5710 876 5760 tamen
892 5719 907 5760 a
960 5708 1007 5763 riae
1024 5725 1030 5761 :
1049 5717 1077 5764 nt
1091 5709 1135 5780 qui
1151 5708 1178 5762 in
1199 5719 1275 5780 qsetva
1292 5719 1339 5776 per
1354 5703 1512 5776 soractipsos
1533 5701 1626 5761 ludere
1638 5710 1685 5761 aut
1698 5710 1752 5758 non
