3996 6350
222 349 257 412 23
956 348 1138 423 numium.
1836 363 1873 422 ar

221 475 386 540 soribumm,
401 471 509 544 qnidam
522 470 656 528 Guerrico
672 471 828 544 igniacensi
842 473 944 540 abbati,
958 474 1074 546 quidam
1089 475 1201 533 Nicolao
1216 477 1438 534 Clare-Valleusi
1455 479 1617 538 tribuuntur.
1635 483 1746 538 Nicolao
1759 485 1875 556 quidem

222 571 288 629 tres,
303 562 338 620 de
351 559 448 633 quibus
461 559 588 631 superius
602 559 730 628 diximus,
745 577 845 633 nempe
862 569 965 628 sextus,
981 564 1129 635 septimus,
1146 578 1174 622 et
1188 565 1336 637 vigesimus
1358 564 1471 637 primus.
1496 567 1627 627 Guerrico
1641 586 1707 628 vero
1727 589 1876 630 sermones

221 667 280 717 sex,
295 649 399 706 scilicet
413 653 440 716 8,
457 651 501 718 28,
517 652 563 716 7l,
578 651 626 716 7³,
642 651 677 705 tu
692 656 721 706 ct
734 654 779 707 79.
804 651 904 707 Verum
924 667 985 707 cum
1011 651 1036 706 hi
1059 668 1201 710 sermones
1226 654 1255 710 in
1278 653 1372 711 codice
1395 645 1561 724 Coloniensi,
1585 664 1657 715 teste
1679 660 1799 731 Horstio,
1815 675 1873 719 non

221 745 329 798 exuent
349 738 424 795 inter
446 737 569 795 Guerrici
594 753 746 806 sermones,
771 738 977 812 habeantnrque
1001 739 1030 796 in
1053 740 1191 815 plerisque
1208 742 1338 799 Bernardi
1353 743 1566 816 exemplaribus;
1582 762 1630 804 eos
1642 748 1716 805 inter
1729 766 1875 808 sermones

220 829 343 886 diversos
357 826 477 884 munere
491 826 578 884 visum
594 834 637 884 est
653 842 659 882 :
677 827 794 884 maxime
809 843 870 884 curn
891 845 925 885 ex
945 829 1078 886 bernardi
1099 829 1173 887 iente
1196 846 1291 886 omnes
1313 830 1357 886 isti
1382 831 1460 890 rivuli
1482 835 1672 909 profluxerint,
1686 837 1828 912 allegitur
1844 840 1876 895 in

220 916 276 974 line
290 915 392 974 codicis
413 915 483 990 regii
506 915 687 974 Nemorensis
712 917 820 992 collegii
839 917 912 989 apud
936 917 1066 985 Parisios,
1087 919 1218 976 Bernardi
1237 919 1385 977 Sermones
1399 921 1433 978 de
1450 929 1574 994 tempore
1588 933 1615 981 et
1629 927 1664 981 de
1677 926 1780 984 sanctis
1795 929 1877 984 erlri-

221 1005 322 1073 bentis,
336 1006 365 1062 in
378 1005 456 1077 cujus
469 1005 543 1062 ealce
557 1005 616 1062 haec
629 1006 748 1064 clausula
764 1005 873 1080 legitur.
890 1027 903 1059 s
919 1005 1016 1063 Postea
1031 1007 1151 1080 seqnitur
1165 1023 1255 1064 sermo
1269 1009 1304 1065 de
1319 1012 1498 1068 conversione
1514 1013 1548 1067 ad
1572 1013 1695 1080 elericos,
1718 1017 1765 1087 qui
1789 1019 1877 1072 habet
1987 1009 1988 1012 ’

221 1099 251 1154 Sl
270 1109 384 1153 numero
398 1095 546 1152 sectiones.
569 1095 649 1152 Hunc
670 1094 769 1151 librum
793 1105 944 1169 sequuntur
967 1097 1091 1167 quasdam
1113 1096 1294 1166 Excepticnes
1318 1099 1483 1158 abbreviatas
1508 1101 1670 1159 exdiversis
1683 1103 1769 1175 ipsius
1783 1107 1876 1161 sancti

221 1183 407 1251 sermonibus,
422 1199 491 1257 quos
504 1183 563 1258 ipse
577 1183 644 1242 iecit
656 1184 771 1244 diversis
784 1183 852 1242 locis
865 1201 898 1241 ac
911 1184 1084 1256 temporibus,
1101 1185 1222 1242 collectae
1236 1186 1356 1248 breviter
1371 1195 1400 1243 et
1414 1188 1518 1244 utiliter
1531 1190 1565 1244 ab
1578 1189 1628 1258 eis,
1642 1192 1690 1263 qui
1713 1195 1772 1264 ejus
1791 1194 1876 1250 lateri
1987 1173 1988 1210 ἢ

221 1281 302 1332 nocte
316 1280 345 1330 et
358 1273 404 1330 die
415 1272 634 1346 inseparabiliter
647 1273 833 1330 adhaerebant.
850 1273 1024 1330 Postmodum
1037 1279 1127 1330 antem
1142 1273 1266 1348 sequitur
1281 1281 1412 1334 tractatus
1426 1278 1519 1334 domni
1533 1277 1659 1335 Gauiridi
1669 1281 1776 1348 notarii,
1789 1299 1876 1354 quem

222 1361 373 1435 composuit
386 1369 415 1419 et
428 1362 580 1420 transmisit
593 1361 629 1420 ad
642 1363 675 1419 D.
701 1362 846 1419 ilenricum
866 1359 1024 1436 episcopum
1047 1371 1074 1420 et
1094 1362 1260 1420 cardinalem
1281 1380 1363 1438 supra
1380 1367 1460 1422 binii
1475 1367 1573 1425 Simon
1591 1370 1692 1426 Petrus
1710 1371 1746 1426 od
1761 1373 1875 1430 lesum.

223 1451 322 1514 Ultinm
336 1458 488 1525 sequuntur
501 1451 623 1524 epistolae
640 1471 653 1504 a
670 1451 757 1508 sancti
770 1450 913 1522 bernardi,
928 1467 998 1524 quos
1011 1452 1119 1526 scripsit
1141 1453 1176 1509 ad
1198 1453 1322 1510 diversas
1339 1470 1482 1527 personas.
1507 1456 1571 1513 llaec
1585 1465 1677 1514 antem
1692 1459 1803 1531 scripta,
1820 1459 1885 1520 etsi¹

222 1553 273 1613 per
285 1539 366 1596 aliam
381 1554 586 1612 menumquam
602 1556 653 1613 per
666 1540 755 1610 ipsum
770 1540 881 1607 tradita,
894 1541 929 1596 de
952 1542 1014 1612 ejas
1034 1541 1134 1615 (fonte)
1155 1557 1253 1599 omnes
1276 1542 1322 1598 isti
1345 1542 1424 1600 rivuli
1439 1544 1637 1616 profluxerunt.
1657 1565 1670 1598 s
1687 1548 1877 1620 Exceptiones

221 1629 275 1688 illse
288 1636 351 1686 sunt
366 1635 507 1686 sermones
519 1630 553 1687 de
567 1629 691 1700 diversis,
707 1644 822 1702 quorum
840 1629 933 1700 plures
947 1629 1058 1702 quidem
1080 1646 1237 1688 sermonum
1261 1632 1351 1703 potins
1376 1632 1539 1704 compendia
1553 1642 1615 1690 sunt
1630 1650 1712 1708 quam
1726 1635 1791 1707 jisui
1806 1651 1876 1692 ser-

222 1733 329 1776 mones.

256 1807 347 1866 XXX.
361 1808 403 1864 Ex
417 1807 555 1865 Parabolis
569 1808 689 1880 quinque
702 1807 841 1864 bernardo
855 1806 988 1879 ascriptis,
1005 1823 1065 1880 quae
1082 1815 1188 1866 exstant
1209 1818 1270 1882 post
1285 1823 1427 1868 sermones
1441 1811 1478 1867 de
1491 1810 1618 1878 diversis,
1639 1806 1728 1883 prima
1750 1814 1876 1885 genuina

222 1905 280 1966 est3
293 1898 413 1954 secunda
427 1905 455 1955 et
469 1896 550 1954 tertia
570 1898 605 1951 ad
626 1896 720 1968 primae
741 1894 919 1954 irritationem
944 1895 1068 1955 confictae
1091 1897 1218 1956 videntur
1232 1918 1242 1957 -:
1268 1907 1364 1971 quarta
1378 1906 1406 1955 et
1424 1891 1519 1972 quinta
1530 1899 1559 1955 in
1574 1899 1694 1974 antiquis
1708 1901 1876 1959 editionibus

223 1985 296 2045 inter
308 1987 401 2060 spuria
415 2001 500 2059 opera
512 1987 601 2044 locum
615 1987 729 2044 habent.
744 1986 862 2044 Carmen
875 1986 1069 2058 paraeneticum
1084 1988 1117 2042 ad
1133 1987 1293 2044 lleinaldum
1307 1989 1446 2046 bernardo
1461 2003 1573 2062 prorsus
1594 1988 1736 2063 indignum
1751 1991 1873 2050 videtur.

224 2075 334 2149 angsti
355 2075 436 2133 etiarn
459 2075 575 2148 rhythmi
598 2075 633 2132 de
655 2074 768 2132 nomine
791 2075 867 2149 Jcsu,
893 2075 992 2150 aliique
1012 2076 1102 2134 eidem
1117 2076 1303 2148 abiudicandi,
1318 2078 1355 2134 ob
1370 2076 1490 2136 rationes
1504 2079 1612 2152 quasin
1626 2078 1681 2136 line
1695 2079 1762 2137 man
1774 2079 1874 2153 quinti,

223 2163 270 2223 ubi
284 2165 363 2224 modo
377 2164 521 2234 habentur,
536 2164 661 2238 exposui.
1014 2177 1016 2183 ·

258 2254 362 2313 XXXI.
377 2253 492 2325 Quande
506 2253 592 2312 sancti
609 2253 694 2312 Patris
707 2255 880 2314 sermonibus
895 2254 1023 2322 diximus,
1038 2255 1226 2312 auctoritatem
1242 2256 1324 2312 etiarn
1339 2255 1443 2312 habent
1455 2263 1513 2314 tum
1528 2271 1561 2313 ex
1576 2256 1651 2314 libris
1665 2257 1785 2324 riorum,
1802 2275 1873 2331 qnos

224 2343 376 2402 Willelnrus
389 2343 568 2402 Tomacensis
582 2343 791 2402 Sancti-blartini
813 2345 964 2400 monachus
984 2350 1048 2400 ante
1066 2351 1153 2401 annos
1167 2343 1227 2400 lere
1242 2344 1408 2421 quingentos
1424 2345 1585 2417 composuit,
1600 2354 1681 2420 atque
1699 2369 1710 2397 ι
1726 2348 1874 2404 Bernardi-

223 2446 287 2488 num
304 2455 314 2482 ι
330 2430 477 2505 inscripsit,
492 2439 522 2490 ut
544 2435 572 2490 in
596 2431 675 2505 primi
699 2431 764 2489 tomi
786 2432 948 2504 prelatione
971 2430 1073 2488 dictum
1089 2443 1132 2489 est
1149 2449 1155 2488 :
1171 2441 1228 2488 tum
1243 2449 1276 2488 ex
1292 2433 1386 2490 rodim
1401 2432 1516 2501 Gallico,
1531 2451 1614 2507 quem
1628 2433 1756 2492 Nicolaus
1771 2436 1871 2502 Faber,

221 2519 349 2580 Ludcvici
373 2521 442 2578 Justi
464 2527 628 2594 praeceptor,
654 2520 815 2578 reverendis
836 2521 964 2577 Patribus
988 2520 1157 2577 Fuliensibus
1182 2530 1335 2579 conventus
1358 2523 1599 2580 Sancti-bernardi
1620 2523 1780 2581 Parisiensis
1807 2541 1873 2581 con-

222 2609 315 2668 cessit.
337 2609 444 2684 Quippe
467 2609 496 2667 in
518 2609 685 2668 bernardino
709 2617 892 2667 memorantur
915 2611 1065 2666 Sermones
1086 2609 1121 2665 de
1142 2616 1266 2681 tempore
1288 2619 1317 2668 et
1342 2610 1378 2666 de
1400 2611 1503 2668 sanctis
1524 2611 1583 2668 lere
1613 2628 1718 2682 omnes,
1749 2613 1873 2686 plerique

222 2715 255 2755 ex
282 2697 398 2756 diversis
424 2704 454 2756 et
479 2698 581 2772 parvis,
611 2713 680 2772 quos
709 2698 764 2754 suis
791 2697 858 2754 locls
885 2697 1099 2772 designabimus.
1139 2697 1169 2752 In
1208 2698 1293 2756 Goena
1328 2698 1440 2755 Domini
1476 2701 1573 2757 unicus
1610 2700 1735 2758 laudatur
1770 2717 1872 2770 sermo,

221 2787 321 2846 unicus
347 2787 413 2844 item
443 2788 479 2844 de
506 2787 636 2844 Passiona
668 2785 776 2844 Domini
800 2801 852 2859 pro
879 2785 947 2842 laria
972 2793 1084 2859 quarta,
1118 2786 1202 2843 iidem
1236 2785 1353 2859 scilicet,
1386 2803 1456 2861 quos
1487 2789 1620 2863 genuinos
1651 2805 1712 2848 esse
1744 2799 1872 2858 conatam

222 2891 277 2934 non
300 2875 346 2932 alii
372 2877 437 2943 dno,
466 2891 535 2948 quos
563 2875 717 2946 rejecimus.
746 2875 787 2931 be
809 2875 990 2932 conversione
1019 2874 1107 2932 sanni
1134 2874 1208 2932 Pauli
1235 2875 1320 2932 semel
1352 2884 1381 2933 et
1410 2876 1510 2933 iterum
1537 2876 1695 2953 fragmenta
1720 2879 1876 2938 referuntur

224 2982 258 3024 ex
288 2981 414 3023 sennone
440 2964 551 3039 primo:
581 2979 643 3039 quae
670 2963 748 3038 primi
781 2962 933 3039 designatio
966 2963 1114 3023 secundum
1148 2963 1312 3033 subindicat,
1343 2965 1452 3023 wnetsi
1486 2965 1560 3023 nulla
1592 2965 1744 3048 fragmenta
1770 2983 1805 3026 ex
1836 2985 1872 3028 eo

224 3055 406 3116 adducuntur.
1443 3061 1448 3071 '

260 3145 379 3202 XXXll.
395 3145 524 3201 Attamen
537 3143 565 3200 in
580 3141 673 3200 codice
687 3141 805 3199 Fuliensi
819 3142 915 3198 unicus
936 3107 1053 3200 habetur
1075 3157 1165 3200 sermo
1189 3107 1224 3200 de
1240 3143 1298 3214 ipsa
1312 3143 1502 3212 conversione,
1520 3143 1624 3202 scilicet
1639 3145 1750 3215 primus.
1767 3146 1871 3206 Omnes

225 3235 253 3290 in
268 3249 303 3292 eu
315 3232 437 3294 contenti
452 3248 565 3292 numero
580 3236 626 3300 tt,
651 3247 720 3304 quos
743 3231 788 3289 hic
810 3247 956 3288 recensere
978 3232 1055 3302 juvat
1076 3239 1187 3303 propter
1208 3231 1311 3288 codicis
1325 3230 1541 3304 singularitatem
1557 3241 1585 3289 et
1599 3234 1799 3308 antiquitatem,
1814 3253 1875 3310 quse
1987 3281 1988 3296 ,

225 3322 356 3380 bernardi
368 3330 475 3394 tempus
487 3321 607 3395 attingit.
623 3321 694 3378 Sunt
705 3326 797 3378 autem
811 3336 860 3376 sex
883 3320 918 3376 de
940 3320 1077 3388 Adventu,
1103 3320 1218 3378 totidem
1237 3321 1273 3376 de
1291 3319 1391 3392 vigilia
1404 3321 1560 3378 Nativitatis
1574 3322 1690 3388 Donrini,
1705 3323 1826 3397 quinque
1839 3327 1875 3383 de

225 3412 285 3485 ipm
314 3410 471 3480 Natiuitale,
500 3426 572 3468 unus
605 3411 641 3469 de
673 3410 774 3468 sanctis
806 3409 955 3482 Stephano,
983 3411 1101 3480 icauna,
1135 3418 1163 3466 et
1196 3409 1407 3478 Innocentibus;
1436 3417 1493 3466 tres
1524 3411 1559 3467 de
1591 3411 1812 3483 Circumcisione,
1840 3417 1876 3472 de

225 3501 375 3576 Epiphania
407 3508 475 3574 tres,
504 3515 576 3558 unus
609 3500 644 3558 de
675 3499 787 3568 Octava,
813 3499 868 3556 duo
894 3513 947 3571 pro
974 3497 1114 3555 Dominioa
1141 3505 1204 3572 post
1232 3498 1374 3571 Octavam,
1404 3515 1475 3554 unus
1506 3498 1542 3556 de
1574 3500 1758 3559 Conuersione
1787 3505 1876 3560 misen
1987 3497 1988 3500 ’

226 3590 312 3662 Pauli,
342 3599 398 3648 tres
425 3591 461 3647 de
488 3589 689 3656 Purificatione,
716 3589 752 3645 de
782 3587 992 3664 Septuagesima
1019 3587 1088 3658 dno,
1117 3587 1152 3644 de
1178 3587 1396 3660 Quadragesima
1423 3604 1482 3659 sex,
1511 3602 1627 3659 qnorum
1652 3595 1769 3661 quatuor
1795 3593 1876 3663 primi

227 3679 325 3738 eodem
353 3677 468 3748 ordine,
498 3694 552 3752 qno
587 3677 616 3734 in
653 3676 748 3746 editis,
778 3677 890 3750 quintus
921 3677 957 3733 de
990 3677 1155 3753 Peregrina,
1181 3684 1290 3734 mortuo
1323 3685 1352 3732 et
1382 3677 1519 3736 crucifixo.
1549 3678 1614 3734 Post
1645 3679 1717 3734 hunc
1748 3679 1878 3738 inseritur
1987 3687 1988 3742 l

228 3783 319 3826 sermo
346 3767 383 3826 de
410 3773 506 3826 saneto
532 3766 696 3836 benedicto,
726 3774 754 3824 et
783 3774 846 3840 post
877 3781 940 3823 curu
972 3772 1066 3822 sertus
1097 3765 1132 3821 dc
1164 3764 1388 3838 Quadragesima,
1417 3765 1451 3821 de
1480 3765 1578 3837 triplici
1599 3766 1738 3833 »oratione
1768 3769 1879 3841 quintus
1987 3803 1988 3806 =

227 3859 257 3916 in
282 3857 388 3929 editis,
416 3856 518 3915 omisso
554 3872 681 3914 sermone
715 3855 749 3913 de
775 3853 897 3912 oratione
931 3853 1099 3922 Dominica,
1128 3854 1174 3926 qui
1209 3861 1301 3910 sextus
1329 3863 1372 3910 est
1400 3853 1427 3910 in
1455 3855 1582 3926 vulgatis.
1616 3854 1722 3912 Deinde
1754 3859 1879 3930 sequitur
1987 3889 1988 3902 ,

228 3962 319 4006 sernro
351 3961 440 4014 nnus,
471 3947 518 4021 qui
552 3945 652 4003 dicitur
684 3944 857 4012 Communis,
887 3944 933 4017 qni
965 3950 1007 4000 est
1038 3957 1129 4000 sermo
1161 3947 1197 3999 35
1228 3942 1263 3998 de
1296 3942 1428 4009 diversis,
1462 3943 1496 3998 ad
1530 3944 1652 4000 abbates.
1685 3946 1754 4000 llam
1787 3951 1879 4002 sermo

227 4035 384 4096 cammarus
415 4051 507 4108 unns,
536 4035 584 4108 qui
616 4041 659 4090 est
692 4031 814 4106 praelatio
848 4031 1024 4104 expositionis
1054 4031 1083 4088 in
1115 4032 1248 4104 psalmum
1281 4046 1338 4099 xa,
1367 4047 1399 4088 ac
1430 4031 1549 4104 denique
1582 4049 1723 4089 sermones
1756 4039 1811 4090 tres
1842 4034 1879 4090 de

227 4123 450 4184 Annuntiatione.
1039 4159 1042 4163 -

263 4213 390 4271 XXXlll.
406 4214 464 4270 lios
478 4226 577 4269 omnes
592 4211 714 4284 abosqne
729 4210 802 4268 tertii
815 4210 881 4269 torni
895 4223 1048 4280 sermones,
1064 4209 1171 4266 duobus
1185 4209 1367 4266 voluminibus
1381 4217 1536 4277 contentos,
1553 4211 1587 4265 ad
1600 4210 1709 4266 Petrum
1724 4209 1878 4267 cellensem
1987 4261 1988 4296 ἦ

228 4301 379 4362 transmisit
393 4301 522 4358 Nicolaus
536 4299 775 4364 arusianensis,
792 4305 910 4356 testante
921 4299 981 4369 ejus
995 4297 1111 4372 epistola
1125 4301 1160 4355 at
1177 4317 1182 4356 :
1202 4318 1215 4350 a
1234 4298 1292 4371 ligo
1307 4298 1353 4372 qui
1368 4299 1466 4371 stylum
1482 4299 1683 4372 abjuraveram,
1699 4299 1797 4373 dignus
1810 4299 1880 4356 late-
1987 4303 1988 4326 ¹

228 4390 287 4448 bris
301 4398 329 4447 et
341 4391 497 4458 solitudine,
513 4399 660 4464 postquam
672 4388 828 4446 ariditatem
842 4395 960 4446 vestram
977 4387 1109 4459 praesensi
1123 4394 1151 4443 et
1164 4389 1299 4460 persensi,
1315 4403 1396 4461 quam
1411 4387 1517 4444 habetis
1532 4387 1567 4444 de
1582 4388 1674 4444 verbis
1689 4393 1779 4457 et'pro
1788 4387 1882 4443 verbis

228 4479 349 4539 bominis
362 4479 444 4549 illins,
460 4482 539 4552 enjus
553 4477 713 4553 eloquentia
729 4489 758 4534 et
770 4478 911 4550 sapientia,
927 4478 982 4533 vita
997 4484 1025 4533 et
1038 4475 1108 4531 lama
1122 4491 1176 4533 non
1191 4475 1326 4533 immerito
1341 4492 1391 4548 par
1415 4481 1498 4532 totam
1521 4475 1693 4533 Latinitatem
1708 4476 1878 4544 decucurrit;

229 4569 324 4642 accepi
339 4569 454 4637 tabulas,
472 4577 498 4626 et
513 4570 586 4642 qnod
610 4567 693 4646 habui
714 4575 742 4624 et
765 4566 826 4625 leci.
844 4587 857 4622 a
872 4566 977 4648 Eadem
999 4566 1084 4623 verba
1104 4565 1232 4639 leguntur
1254 4565 1326 4637 apud
1349 4565 1475 4622 eumdem
1498 4565 1640 4623 Nicolaum
1661 4565 1690 4621 in
1702 4579 1829 4621 sermone
1844 4565 1879 4622 de

229 4658 374 4718 Natiritutc
387 4658 507 4717 Domini.

265 4748 394 4806 XXXIV.
409 4747 609 4808 observatione
624 4749 708 4823 digna
722 4755 785 4807 sunt
794 4748 880 4805 verba
893 4761 954 4819 quae
968 4751 1118 4817 sequuntur
1131 4743 1159 4799 in
1173 4742 1308 4815 superiori
1322 4742 1446 4815 epistola.
1465 4766 1477 4795 ι
1493 4745 1529 4800 m
1543 4743 1631 4800 dicitis
1645 4744 1732 4802 :uec
1745 4742 1836 4799 omnia
1850 4742 1878 4796 in

230 4835 348 4904 silendo,
376 4843 404 4894 et
426 4837 512 4913 magis
537 4854 599 4895 eum
620 4838 729 4896 silentio
753 4838 861 4911 operari
885 4833 1018 4907 potuistis.
1043 4832 1138 4888 Mirum
1157 4832 1180 4887 si
1204 4833 1256 4887 boc
1270 4848 1303 4888 ex
1318 4832 1455 4888 sententia
1469 4831 1569 4888 dicitis.
1583 4833 1648 4903 Quis
1661 4831 1837 4904 enim—magis
1851 4830 1879 4885 in

230 4927 312 4986 turba
334 4932 387 4997 est,
408 4941 489 5000 quam
513 4926 558 4984 ille
581 4927 628 5002 qni
652 4926 782 4984 iaciendis
801 4921 992 4982 dictaminibus
1014 4920 1186 4993 implicatur?
1207 4921 1382 4991 Perstrepunt
1404 4919 1488 4991 enim,
1513 4927 1544 4976 nt
1564 4920 1645 4994 digne
1665 4920 1779 4978 inveniri
1792 4920 1880 4992 possit
1987 4921 1988 4930 ’

229 5031 362 5075 sensnum
385 5015 496 5083 veritas,
518 5017 666 5076 verborum
690 5016 818 5085 verietas3
843 5012 908 5086 quid
932 5010 1029 5067 melius
1051 5011 1086 5066 ed
1111 5009 1354 5082 consequentiam,
1379 5008 1498 5081 denique
1525 5010 1600 5083 quid,
1627 5011 1748 5083 quando,
1777 5009 1823 5065 ubi
1852 5017 1880 5064 et

231 5105 370 5184 montedo
381 5103 499 5180 prolerri
513 5113 649 5180 oporteat.
666 5106 724 5163 lloc
737 5119 805 5178 ergo
819 5118 868 5159 vos
881 5098 1035 5172 iudicabitis
1049 5099 1184 5156 silentium
1200 5107 1227 5154 et
1240 5098 1371 5171 quietem,
1393 5098 1509 5155 maxime
1524 5097 1627 5156 homini
1640 5099 1779 5171 imperito,
1794 5097 1838 5154 cui
1852 5105 1880 5153 et

233 5211 331 5255 senms
344 5193 434 5252 nullus
448 5197 538 5264 adest,
552 5197 597 5254 vel
612 5211 704 5252 sermo
719 5209 775 5250 non
791 5201 834 5250 est
845 5196 977 5248 venustus
990 5197 1018 5245 et
1032 5187 1118 5244 laoilis
1131 5189 1165 5243 ad
1180 5187 1332 5244 sententias
1351 5187 1525 5244 vestiendas?
1543 5209 1555 5239 v
1579 5188 1708 5245 Nicolaus
1730 5186 1772 5242 liis
1790 5187 1881 5244 verbis

232 5299 289 5344 nen
302 5284 418 5342 obscure
443 5283 564 5342 indicare
588 5284 707 5354 videtur,
723 5298 753 5339 se
775 5280 889 5337 multum
911 5279 1015 5335 locasse
1037 5291 1130 5349 operae
1154 5277 1182 5332 in
1203 5276 1343 5348 dictando,
1358 5276 1428 5349 stylo
1450 5275 1833 5350 componendo,argumentis
1846 5291 1880 5332 ex

231 5373 328 5430 ordine
341 5371 499 5448 digerendis
514 5388 608 5430 eorum
623 5387 788 5440 sermonum,
808 5385 876 5444 quos
889 5367 1053 5425 transmittit.
1069 5367 1104 5422 m
1118 5381 1187 5439 quos
1208 5380 1352 5424 sermones
1377 5365 1551 5422 transmittit?
1566 5365 1664 5438 Utique
1679 5363 1828 5431 Bernardi;
1844 5363 1881 5418 ita

234 5462 307 5520 enim
316 5463 412 5540 subdit
424 5468 487 5537 post
499 5477 587 5536 pauca
603 5479 611 5520 ε
628 5481 640 5514 ι
657 5460 741 5536 coegi
754 5469 845 5516 tamen
855 5475 899 5516 me
913 5472 1009 5515 contra
1022 5472 1077 5525 me,
1091 5453 1328 5528 etduovolnmina
1341 5470 1498 5513 sermonum
1511 5455 1629 5513 hominis
1638 5455 1686 5510 Dei
1700 5452 1778 5508 mitto
1791 5452 1881 5520 vobis,

234 5551 264 5612 in
278 5565 458 5628 nnoqnornm
472 5567 526 5629 ego
539 5550 651 5619 dicturi,
673 5549 747 5622 quod
769 5549 807 5604 ita
829 5546 923 5619 incipit
951 5545 1046 5602 :Solet
1074 5543 1213 5615 apostolus
1229 5543 1324 5601 Paulus
1334 5545 1362 5600 in
1376 5543 1468 5601 verbis
1492 5559 1554 5600 esse
1577 5544 1679 5612 brevis,
1695 5541 1723 5597 in
1739 5541 1883 5598 sententiis

235 5639 347 5698 densus.
363 5639 443 5699 nunu
453 5655 519 5700 vero
530 5640 658 5699 volumen
670 5640 726 5711 jam
740 5636 847 5711 pridem
858 5635 986 5694 dictatum
1001 5639 1054 5707 est,
1078 5639 1106 5690 et
1119 5646 1220 5704 rosum,
1237 5640 1265 5691 et
1279 5646 1381 5691 rasum.
1397 5631 1451 5689 Sed
1476 5630 1595 5704 'querite
1620 5633 1680 5704 quis
1694 5631 1841 5702 diligenter
1855 5637 1883 5686 et
