4118 6346
303 411 356 464 323
763 399 792 452 S.
809 395 988 455 atterant
1001 396 1488 456 tuntmtcttttmvtttttrtsts
1909 401 1963 454 att

303 527 436 595 oratione,
451 529 480 581 ιιι
493 538 545 579 sua
555 538 606 580 nos
622 521 786 590 visitatione,
803 535 852 578 sua
870 518 1054 576 consolatione
1068 528 1095 576 et
1111 536 1134 613 Α
1150 528 1177 578 ει
1191 538 1275 577 unum
1299 528 1355 576 tres
1377 535 1438 576 esse
1462 519 1604 576 verissime
1623 534 1734 590 prorsus
1748 527 1779 576 et
1794 517 1961 575 fidelissime

303 613 505 672 confirmatione
528 611 658 684 dignetur
677 609 794 680 Spiritus
818 606 863 663 ille
878 607 1023 680 benignus,
1038 609 1093 679 spi·
1150 609 1283 666 catholica
1296 608 1417 666 Ecclesia
1433 607 1557 677 fateatur,
1572 623 1588 661 a
1607 607 1685 664 Patre
1699 608 1846 680 adoptata,
1865 621 1883 658 a
1896 607 1959 662 Filia

301 705 368 760 ritus
381 700 476 769 dulcis,
493 699 604 771 spiritus
619 696 707 766 tortis,
724 697 830 752 infirma
846 697 987 765 roborans,
1001 711 1096 768 aspera
1151 699 1324 770 desponsata,
1341 713 1356 751 a
1371 697 1472 768 Spiritu
1485 703 1578 752 sancto
1606 695 1780 766 confirmata,
1809 695 1919 767 quibus
1937 713 1959 762 n

300 792 424 864 planans,
449 773 531 846 corda
556 787 719 860 purificans:
740 785 787 859 qui
810 801 873 842 cum
896 787 974 844 Patra
988 793 1015 843 et
1029 785 1096 842 Filio
1151 800 1205 840 una
1234 783 1393 852 substantia,
1409 783 1448 838 sic
1461 791 1489 838 et
1504 783 1598 838 eadem
1619 782 1797 840 nibilominus
1827 780 1924 853 gloria
1937 783 1958 836 in

300 880 428 951 idipsum,
445 876 496 934 sed
520 891 576 932 non
590 876 613 930 is
627 875 686 947 ipse
703 882 745 930 est
760 893 767 929 ε
782 871 872 930 998
887 883 917 929 ιιι
932 881 987 932 tres
1001 890 1095 943 unum,
1151 871 1249 930 saecula
1263 873 1436 928 seculorum.
1465 873 1563 926 Amen.

881 1232 919 1295 ιιι
940 1229 1065 1294 rusve
1086 1183 1365 1294 rauracosrus

621 1390 738 1446 SERllO
754 1391 774 1445 l.
1151 1389 1250 1458 linguae
1263 1388 1396 1460 gentium,
1408 1367 1460 1442 uisi
1472 1386 1505 1442 ad
1515 1385 1723 1444 conversionem
1734 1385 1894 1461 gentium?
1904 1386 1954 1440 Fnit

305 1479 442 1548 Quomodo
467 1481 589 1552 Spiritus
612 1484 730 1536 sanctos
744 1481 802 1536 trio
817 1483 952 1551 operator
966 1477 1094 1535 innotis.
1151 1475 1177 1530 in
1193 1475 1233 1531 eis
1246 1475 1297 1531 alia
1308 1475 1432 1547 quaedam
1446 1473 1630 1531 manifestatio
1644 1474 1732 1545 magis
1749 1475 1785 1529 nd
1805 1489 1860 1530 eos
1876 1477 1953 1544 peni·

337 1571 362 1622 t.
379 1566 566 1632 Celebramus,
590 1566 768 1637 dilectissimi,
782 1565 865 1622 bodie
880 1565 996 1636 Spiritus
1011 1565 1096 1620 saneti
1150 1580 1218 1620 nens
1233 1585 1240 1623 ε
1262 1573 1288 1620 ει
1302 1565 1359 1619 haec
1373 1579 1460 1636 usque
1479 1563 1560 1619 bodie
1579 1561 1609 1618 fit
1622 1563 1650 1618 in
1665 1561 1754 1618 nobis.
1771 1562 1951 1618 Manifestum

300 1653 510 1726 solemnitatem,
528 1662 584 1711 tota
607 1672 669 1711 cum
694 1654 863 1724 jucunditate
891 1651 1093 1720 celebrandam,
1151 1653 1224 1708 enim
1240 1652 1289 1708 init
1303 1653 1411 1708 indutos
1435 1667 1496 1708 csse
1515 1651 1614 1709 virtute
1629 1667 1663 1707 ex
1677 1651 1741 1720 alto,
1759 1651 1813 1724 qui
1834 1651 1872 1706 de
1889 1661 1951 1705 muta

298 1742 411 1815 dignam
426 1736 499 1800 omni
513 1743 669 1800 devotione.
681 1741 875 1798 Dulcissimum
885 1741 958 1796 enim
967 1738 1094 1811 quiddam
1149 1741 1369 1811 pusillanimitate
1384 1741 1495 1813 spiritus
1508 1739 1543 1795 ad
1554 1741 1813 1796 tantam'deveuerc
1829 1748 1951 1795 constas

299 1829 326 1886 in
340 1831 398 1887 Dec
412 1831 528 1903 Spiritus
543 1839 652 1886 sanctus
662 1837 715 1900 εει,
732 1829 886 1902 benignitas
903 1828 963 1898 Dei,
981 1834 1007 1884 ει
1021 1826 1093 1883 idem
1111 1806 1134 1883 Β
1149 1829 1223 1886 tiam.
1241 1829 1301 1885 Non
1316 1831 1427 1899 estjam
1442 1829 1548 1902 fugere,
1565 1844 1620 1885 non
1635 1837 1676 1884 est
1689 1827 1830 1886 abscondi
1845 1836 1949 1899 propter

298 1919 373 1990 ipsus
386 1917 596 1974 DeusProinde
609 1918 632 1972 si
646 1918 818 1974 celebramus
831 1923 986 1972 sanctorum
999 1915 1095 1971 solem·
1149 1925 1252 1976 metum
1280 1918 1450 1989 Judaeorum3
1479 1917 1646 1974 constantius
1670 1916 1753 1972 modo
1783 1916 1944 1986 praedleant

298 2005 353 2073 nia,
379 2013 480 2077 quanto
503 2005 591 2076 magis
604 2007 674 2076 ejus,
691 2022 707 2060 a
726 2021 780 2076 quo
798 2006 952 2061 babuerunt
966 2010 995 2058 ut
1009 2003 1093 2058 sancti
1148 2021 1230 2077 quam
1244 2005 1437 2062 delitescerent
1451 2014 1514 2062 ante
1528 2005 1657 2061 timidius.
1673 2003 1803 2076 Denique
1820 2004 1944 2060 mutatio

299 2101 392 2149 essent
408 2099 542 2168 quotquot
556 2091 634 2151 luere
648 2093 754 2178 sancti?
766 2093 795 2150 Si
813 2109 977 2150 veneramur
990 2091 1091 2148 sancti·
1147 2111 1211 2150 nem
1225 2094 1298 2150 illam
1317 2094 1438 2151 dexterae
1450 2094 1558 2151 Excelsi
1574 2091 1717 2150 manifeste
1730 2093 1862 2149 declarat
1879 2095 1944 2165 pn'n

299 2183 402 2252 licatos,
419 2189 521 2254 quanto
542 2182 630 2254 magis
644 2182 733 2254 ipsum
747 2182 974 2238 sanctificatorem
994 2196 1094 2238 conve·
1147 2182 1214 2254 cipis
1238 2183 1423 2254 apostolorum
1437 2184 1513 2255 prius
1526 2183 1637 2258 quidem
1651 2182 1722 2238 inter
1735 2181 1850 2238 ancillae
1870 2185 1942 2238 verba

298 2271 337 2324 nit
354 2268 503 2326 honorari?
531 2267 617 2324 lludie
644 2268 736 2341 itaque
764 2268 895 2325 festivitas
914 2275 957 2324 εει
978 2266 1092 2339 Spiritus
1147 2271 1272 2339 formido,
1288 2273 1461 2342 postmodum
1481 2272 1552 2329 inter
1575 2271 1728 2344 principum
1748 2270 1875 2327 verbera
1898 2270 1942 2327 lor·
1987 2281 1988 2332 ζ

297 2357 393 2426 εειιειι,
408 2373 462 2430 qua
476 2355 618 2412 visibiliter
645 2357 769 2430 apparuit
792 2355 957 2414 invisibilis:
983 2356 1051 2412 sicut
1065 2364 1093 2412 et
1146 2359 1242 2430 titudo,
1265 2361 1355 2429 ibent,
1377 2360 1414 2416 ait
1428 2359 1575 2433 Scriptura,
1595 2361 1747 2433 ponderatas
1759 2378 1779 2416 a
1792 2369 1940 2432 conspectu

297 2445 387 2514 Filius,
419 2462 480 2502 cum
508 2445 543 2500 sit
565 2445 741 2503 nibilominus
765 2443 907 2502 invisibilis
933 2445 961 2500 iu
990 2443 1090 2516 seipso,
1145 2447 1266 2515 concilii,
1282 2447 1939 2522 quoniumdipeiltcbitisuutpronominclcra

297 2531 423 2606 dignatus
437 2543 479 2590 εει
503 2532 635 2590 exhibere
646 2550 676 2590 se
691 2533 720 2590 in
739 2548 820 2590 carne
836 2532 978 2612 visibilem.
1004 2533 1091 2588 Hodie
1145 2539 1351 2595 contumeliam
1365 2539 1428 2611 pati
1441 2538 1515 2610 (Act.
1534 2553 1563 2606 v,
1579 2535 1648 2608 lll:
1672 2550 1755 2607 quem
1778 2551 1853 2590 sane
1868 2535 1934 2606 prim
1987 2585 1988 2610 ,

296 2621 411 2694 Spiritus
439 2629 548 2679 sauctus
575 2621 680 2680 revelat
706 2621 786 2679 nobis
809 2621 910 2693 aliquid
930 2621 966 2677 de
989 2620 1090 2692 seipso,
1145 2640 1207 2680 curn
1221 2624 1367 2681 duceretur
1380 2625 1414 2679 ad
1433 2624 1586 2694 concilium,
1607 2623 1695 2679 solum
1718 2622 1939 2695 reliquerantlu·

297 2710 366 2766 sicut
394 2720 456 2767 ante
470 2710 505 2767 de
526 2709 610 2767 Patre
634 2717 662 2766 et
685 2709 751 2767 Filio
777 2708 879 2782 aliquid
907 2725 1088 2767 noveramus:
1145 2711 1261 2786 gieutcs.
1287 2709 1352 2779 Quis
1367 2713 1473 2768 dubitet
1496 2712 1638 2768 advenisse
1652 2709 1785 2786 Spiritum
1798 2711 1939 2767 vehemus
1987 2701 1988 2722 ³

296 2816 363 2856 nam
386 2799 508 2874 perlecta
530 2799 669 2855 Trinitatis
686 2799 817 2871 cognitio,
841 2798 896 2856 rita
916 2807 1018 2856 aeterna
1036 2805 1088 2854 est.
1145 2806 1211 2870 tem,
1237 2799 1284 2873 qui
1297 2807 1405 2855 mentes
1420 2817 1515 2856 eorum
1538 2799 1666 2857 invisibili
1679 2799 1834 2856 illustraret
1854 2809 1938 2872 poten·

295 2889 373 2944 Nunc
389 2896 480 2944 autem
493 2905 527 2944 ex
541 2897 620 2959 parte
649 2888 850 2961 cognoscimus,
879 2889 983 2961 reliqua
1002 2887 1090 2944 credi·
1144 2887 1198 2944 tia?
1213 2889 1327 2945 lubunc
1341 2888 1453 2964 modum
1468 2889 1550 2945 etiam
1574 2888 1655 2944 modo
1669 2903 1730 2960 qnae
1744 2887 1873 2960 Spiritus
1887 2904 1939 2960 ope

296 2993 367 3046 mus,
382 2991 444 3049 quae
458 2976 570 3032 minime
584 2974 734 3033 sufficimus
749 2978 992 3050 comprehendere.
1008 2977 1042 3033 Et
1055 2977 1090 3034 dc
1144 2985 1219 3032 ratur
1240 2977 1267 3032 in
1282 2976 1372 3047 nobis,
1388 2977 1574 3034 testimonium
1596 2977 1742 3048 perbibent
1761 2974 1856 3049 [atius
1869 2977 1937 3033 udd'e

297 3065 377 3122 Patre
392 3065 503 3136 quidem
518 3065 582 3123 novi
601 3063 777 3132 creationem,
794 3063 972 3122 clamantibus
984 3071 1090 3122 creatu·
1146 3070 1203 3138 tur,
1232 3065 1259 3121 in
1270 3067 1360 3140 nobis]
1374 3066 1408 3122 de
1428 3082 1471 3126 co.

293 3149 353 3208 ris:
370 3155 430 3228 lpse
442 3157 511 3228 fecit
524 3171 584 3223 raas,
601 3161 628 3214 et
642 3171 700 3213 nora
714 3155 771 3228 ipsi
784 3171 834 3213 noa
850 3153 935 3227 (Paul.
956 3169 1034 3224 xcix,
1050 3155 1087 3226 3).
1104 3109 1127 3188 c
1181 3157 1208 3208 3.
1224 3153 1293 3224 Quia
1308 3155 1393 3227 igitur
1407 3154 1564 3210 mandatum
1579 3153 1744 3226 accepimus,
1760 3157 1795 3208 ιιι
1809 3153 1939 3210 declinare
1987 3193 1988 3198 ι

296 3243 439 3301 lovisiblio
454 3246 530 3302 enim
539 3245 601 3311 Dei,
617 3263 635 3302 a
650 3243 907 3309 creatercmorrdr',
922 3260 973 3316 per
987 3259 1020 3298 ec
1030 3259 1092 3317 qcoe
1143 3250 1184 3299 tes
1198 3257 1213 3296 a
1226 3242 1309 3313 malo,
1321 3241 1452 3300 iaciamus
1470 3243 1543 3315 quod
1557 3243 1659 3299 boumn
1674 3249 1715 3297 est
1731 3243 1825 3310 (Paul.
1842 3259 1938 3312 xum,

294 3333 374 3404 suctu
389 3335 469 3399 corat,
497 3334 649 3391 intellecto
663 3333 881 3407 conspiciuntur
896 3329 986 3402 (Rom.
1001 3347 1021 3402 t,
1031 3331 1090 3401 20).
1145 3331 1209 3403 13),
1227 3329 1288 3387 vide
1303 3331 1535 3402 quemadmodum
1544 3327 1634 3388 999
1649 3328 1766 3400 Spiritus
1782 3330 1813 3384 in
1831 3337 1939 3403 utroque

296 3422 331 3475 Αι
345 3435 410 3478 vero
425 3419 607 3478 aeternitatem
618 3427 645 3478 et
657 3419 906 3477 immutabilitatem
921 3419 1004 3491 ipsius
1017 3435 1091 3474 com·
1144 3417 1256 3489 adjuvat
1270 3417 1454 3476 infirmitatem
1470 3425 1608 3477 nostram:
1634 3433 1697 3472 nam
1710 3417 1870 3474 divisiones
1883 3433 1938 3488 gra·

295 3507 467 3580 prehendere
482 3507 597 3565 multum
612 3517 655 3565 est
674 3524 748 3564 ame
764 3528 770 3566 :
786 3509 874 3565 lucem
893 3507 997 3563 habitat
1014 3507 1090 3564 inac-
1143 3506 1244 3563 tiarum
1267 3517 1339 3578 suut,
1368 3507 1441 3564 idem
1466 3516 1559 3565 autem
1582 3509 1698 3582 Spiritus
1712 3512 1739 3580 (l
1753 3512 1821 3568 Gor.
1838 3526 1893 3580 xri,
1908 3513 1936 3578 lj=.

296 3595 462 3651 cessibilern.
489 3593 530 3651 De
543 3594 611 3652 Filio
627 3602 719 3652 autern
744 3612 874 3672 magnum
903 3593 1003 3666 aliquid
1017 3583 1089 3663 novi',
1144 3597 1292 3668 Propterea
1307 3595 1341 3652 ad
1360 3595 1551 3654 declinandum
1565 3613 1581 3652 a
1595 3597 1665 3654 malo
1693 3597 1745 3652 tria
1769 3599 1939 3670 operaturin

296 3684 358 3753 ejus
371 3683 469 3755 gratia,
485 3683 588 3739 scilicet
601 3683 831 3740 lucarnationem.
850 3683 920 3740 Nam
934 3683 1089 3759 generatio·
1144 3685 1237 3758 nobis3
1254 3685 1503 3758 compunctionem,
1533 3685 1768 3758 supplicationem,
1802 3687 1938 3743 remissie

296 3785 363 3828 nem
373 3773 434 3843 ejus
457 3771 517 3844 quis
531 3771 669 3829 enarrabit
685 3771 777 3846 i(lso.
803 3788 860 3842 ιιιι,
877 3771 916 3845 8.)
930 3771 997 3842 Quis
1014 3787 1089 3830 oom-
1143 3790 1217 3832 nem.
1239 3773 1346 3830 Initium
1361 3774 1434 3830 enim
1456 3774 1612 3831 revertendi
1626 3774 1660 3830 ad
1671 3776 1760 3830 Deum
1780 3776 1939 3847 paenitentia

297 3861 450 3932 prehendat
478 3861 611 3936 aeqnalem
625 3862 749 3935 genitum
775 3861 915 3936 genitori?
935 3863 995 3918 lam
1014 3869 1042 3920 et
1055 3862 1090 3918 de
1145 3868 1196 3932 εει,
1215 3876 1297 3934 quarn
1311 3861 1369 3919 siue
1383 3862 1466 3919 dubio
1487 3861 1597 3935 spiritus
1611 3870 1748 3935 operatur,
1764 3879 1827 3919 non
1842 3875 1937 3932 ιιοειει,

299 3949 399 4022 Spiritu
422 3959 528 4022 sancto,
544 3952 567 4008 si
582 3969 637 4010 non
660 3951 873 4025 processionem,
895 3967 949 4025 quo
964 3967 997 4008 ex
1010 3951 1090 4006 Patre
1143 3949 1194 4004 sed
1207 3949 1281 4006 Dei:
1310 3949 1391 4023 idque
1419 3957 1446 4005 et
1461 3957 1535 4007 certa
1558 3950 1626 4006 ratio
1653 3951 1735 4008 docet
1756 3961 1785 4008 et
1801 3951 1937 4008 coufirmat

295 4037 416 4112 Filioque
432 4041 554 4114 procedit
569 4039 626 4115 (illa
639 4041 712 4098 enim
721 4041 853 4098 mirabilis
866 4039 935 4097 laeta
945 4046 987 4096 est
1001 4040 1090 4096 scien·
1144 4039 1301 4097 auctoritas.
1320 4039 1385 4110 Quis
1398 4041 1471 4097 enim
1485 4057 1547 4096 cum
1557 4039 1590 4095 ad
1604 4041 1696 4114 ignem
1710 4041 1828 4097 venerit
1840 4043 1936 4118 algens

296 4127 332 4183 tia
347 4143 382 4188 ex
396 4143 457 4196 me;
486 4128 638 4185 confortata
665 4136 717 4198 est,
734 4137 762 4184 et
774 4143 829 4185 nou
853 4135 948 4200 potero
967 4128 1002 4184 ad
1016 4127 1089 4200 eam)
1142 4132 1171 4181 et
1184 4125 1265 4183 luerit
1283 4125 1439 4198 calefactus,
1456 4127 1592 4184 dubitabit
1606 4127 1631 4183 ei
1644 4129 1679 4184 ab
1693 4127 1759 4200 igne
1773 4129 1889 4186 venisse
1902 4145 1937 4184 ct·

296 4215 388 4286 (Paul.
412 4229 551 4284 cxxxvru,
571 4215 610 4288 t),
630 4216 692 4273 novi
718 4223 811 4272 tamen
834 4215 945 4289 aliquid,
964 4215 1091 4278 videlicet
1142 4213 1241 4286 lorem,
1258 4231 1340 4288 quem
1353 4216 1456 4272 babere
1469 4231 1525 4272 uon
1538 4223 1645 4288 poterat
1658 4216 1717 4272 siue
1732 4214 1806 4272 illo?
1820 4217 1868 4273 Sic
1878 4233 1936 4290 ergo

295 4301 511 4376 inspirationem.
536 4304 596 4359 Duo
611 4303 684 4360 enirn
712 4309 784 4375 sunt,
813 4305 884 4360 unde
902 4305 1040 4376 procedat,
1060 4311 1089 4362 et
1143 4304 1190 4376 qui
1218 4304 1294 4376 prius
1316 4305 1459 4377 iniquitate
1488 4313 1547 4361 erat
1570 4304 1693 4380 frigidus,
1717 4305 1741 4360 si
1762 4306 1936 4376 postmodun

295 4404 359 4464 quo.
378 4390 548 4448 Processioa
566 4390 644 4448 Patre
660 4398 687 4448 et
700 4391 767 4448 Filio
789 4392 879 4464 posuit
906 4391 1032 4448 tenebras
1046 4393 1087 4448 la·
1103 4415 1126 4492 n
1144 4391 1251 4450 fervore
1265 4393 1383 4466 quodam
1411 4393 1578 4464 penitentia
1597 4394 1771 4464 accendatur,
1789 4395 1881 4450 abum
1894 4395 1936 4450 sib

303 4477 416 4536 tibulum
432 4495 526 4553 suum;
544 4479 594 4536 scd
607 4481 745 4552 processio
759 4481 926 4538 adbomines
938 4479 1019 4537 bodie
1029 4497 1087 4538 cm·
1142 4482 1279 4556 spiritum,
1296 4484 1342 4555 qui
1355 4500 1434 4539 sunm
1448 4484 1537 4555 arguit
1552 4490 1578 4538 et
1595 4482 1736 4553 dijudicat,
1762 4499 1823 4540 non
1839 4485 1935 4541 dubitet

293 4567 334 4640 pit
349 4568 534 4640 innotescere,
550 4577 578 4627 et
592 4576 634 4626 est
646 4569 703 4640 jam
718 4568 843 4626 fidelibus
862 4569 1015 4626 manifesta.
1142 4571 1295 4630 advenisse.
1311 4573 1402 4630 Habes
1420 4573 1472 4629 lroc
1487 4581 1513 4628 et
1532 4572 1560 4628 in
1576 4572 1735 4647 Evangelio,
1760 4572 1810 4627 ubi
1827 4591 1891 4630 cum
1904 4575 1936 4629 lo

301 4711 304 4718 .
327 4661 352 4716 ι.
365 4659 401 4715 Ει
414 4656 491 4732 prius
504 4657 635 4732 equidem
649 4657 793 4732 (quoniam
808 4657 846 4714 sic
859 4658 1015 4731 oportebat)
1032 4657 1088 4734 sig-
1140 4669 1271 4732 queretur
1283 4662 1318 4718 de
1336 4660 1438 4732 Spiritu
1454 4677 1535 4734 quem
1549 4661 1688 4734 accepturi
1702 4669 1780 4718 erant
1790 4663 1935 4720 credentes

293 4746 335 4803 rtis
348 4745 503 4805 visibilibus
531 4745 673 4806 invisibilis
701 4745 815 4820 Spiritus
838 4762 916 4803 suum
931 4743 1088 4813 declarabat
1139 4749 1268 4806 ineam:
1290 4751 1352 4816 lile.
1373 4749 1470 4822 inquit,
1489 4755 1589 4824 crpuet
1612 4751 1753 4807 mundum
1775 4751 1811 4807 de
1829 4760 1935 4825 peecata

291 4829 437 4892 adventum
460 4853 466 4893 :
484 4853 557 4893 nunc
572 4839 634 4909 ejus
657 4838 734 4910 signa
750 4851 804 4912 quo
818 4835 998 4910 spiritualiora
1012 4843 1084 4902 sunt,
1140 4837 1232 4907 (dcun.
1247 4854 1306 4911 xvr,
1318 4839 1356 4908 8).

291 4937 324 4980 eo
342 4925 428 5000 magis
443 4940 577 4999 congrua,
592 4941 625 4982 eo
639 4925 728 4998 magis
740 4925 868 4982 videntur
880 4924 982 4996 Spiritu
991 4931 1086 4981 sancto
1174 4929 1200 4982 t.
1222 4925 1277 4983 Sed
1302 4927 1367 4999 quid
1390 4927 1487 4999 prodet
1509 4925 1646 4999 poenitere
1670 4926 1704 4980 de
1727 4925 1818 4998 culpa,
1839 4937 1869 4986 ει
1886 4945 1934 4986 non

290 5011 381 5088 digna.
401 5013 484 5072 Venit
503 5021 568 5071 tuuc
577 5030 660 5085 super
673 5012 821 5088 discipulos
831 5012 858 5068 in
873 5013 974 5085 linguis
984 5011 1083 5084 igneis,
1137 5012 1293 5085 supplicare
1308 5031 1357 5085 pro
1368 5015 1468 5072 venia?
1483 5013 1602 5071 Necesse
1617 5021 1660 5070 est
1673 5021 1702 5069 ut
1715 5013 1799 5070 etiam
1812 5017 1868 5074 boc
1882 5017 1934 5089 Spi·

287 5107 317 5155 ιιι
329 5098 428 5174 linguis
442 5101 566 5159 omnium
574 5101 696 5175 gentium
710 5103 795 5159 verba
805 5099 887 5172 ignea
895 5100 1082 5172 loquerentur,
1137 5101 1205 5158 ritus
1223 5111 1362 5174 operetur,
1383 5102 1526 5159 dulcedine
1543 5101 1660 5174 quadam
1675 5101 1733 5174 spei
1758 5103 1876 5176 replens
1889 5107 1934 5162 ani

287 5187 417 5264 allegem
432 5190 543 5264 igneam
570 5191 670 5264 linguae
688 5190 760 5263 ignee
777 5189 969 5261 praedicarent.
995 5189 1084 5245 Nemo
1138 5207 1224 5261 mum,
1240 5206 1385 5263 perquam
1399 5189 1561 5248 fiducialiter
1575 5190 1697 5262 postules
1711 5190 1779 5248 nibil
1795 5194 1933 5252 baesitans

289 5287 469 5350 conqueratur
499 5279 574 5355 quod
605 5278 719 5336 minime
741 5277 821 5336 nobis
842 5277 886 5334 illa
901 5275 1083 5335 manifestatio
1137 5279 1222 5338 Visne
1249 5279 1391 5336 ostendam
1405 5279 1454 5335 tibi
1473 5279 1555 5336 etiam
1574 5278 1625 5335 lroc
1644 5295 1713 5351 opus
1737 5294 1799 5337 esse
1822 5283 1934 5355 Spiritu

290 5363 404 5436 Spiritus
432 5365 501 5422 siat:
524 5368 669 5444 unicuique
695 5368 768 5424 enim
796 5369 875 5424 datur·
902 5365 1083 5424 manifestatio
1136 5367 1243 5425 sanctii
1263 5365 1361 5439 Utique
1381 5367 1445 5422 dum
1468 5367 1546 5424 abest
1574 5364 1630 5436 ille,
1650 5366 1702 5422 tale
1729 5365 1837 5439 aliquid
1852 5369 1881 5426 ιιι
1896 5383 1934 5426 tun

288 5450 407 5524 Spiritus
426 5453 460 5509 ad
474 5451 617 5514 utilitatem
644 5457 672 5530 (l
687 5459 747 5517 dor.
776 5473 829 5527 xrr,
850 5457 891 5526 l).
916 5453 1041 5528 Denique
1060 5453 1084 5510 si
1137 5455 1231 5528 spiritu
1248 5470 1303 5511 nou
1316 5453 1651 5528 invenies.bentqueipse
1665 5454 1694 5510 iu
1705 5456 1934 5528 quoclarnamns:

290 5537 384 5595 dicere
398 5547 530 5615 opusest,
544 5546 623 5602 nobis
637 5547 688 5603 ista
702 5545 884 5603 manifestatio
898 5545 1083 5618 potiusquam
1137 5545 1224 5614 Abba,
1240 5546 1337 5601 Pater:
1353 5544 1412 5618 ipse
1435 5543 1481 5618 qui
1495 5543 1613 5616 pustulat
1634 5559 1685 5616 pro
1707 5545 1811 5603 sanctis
1828 5549 1934 5622 gemiti-

292 5628 423 5708 apostolis
448 5630 519 5690 lacta
533 5639 584 5690 cst.
606 5635 649 5690 ad
671 5635 735 5710 quid
759 5635 833 5694 cuim
857 5633 909 5691 illis
922 5632 1084 5693 necessarie
1138 5633 1189 5689 bus
1221 5632 1448 5692 inenarrabilibus
1480 5633 1569 5707 (liora.
1599 5645 1660 5703 vm,
1684 5635 1730 5705 lb,
1753 5636 1811 5709 26).
1831 5637 1870 5695 Et
1883 5639 1935 5692 bec
