4150 6348
180 317 246 378 aas.
675 310 1323 386 ,vvnnovcsrlovnamenissimum.
1776 323 1829 384 ιιι

216 446 244 500 3.
258 439 302 498 Sic
316 452 385 518 erqo
403 436 507 496 munita
529 445 569 495 cst
590 435 670 494 castri
688 436 822 496 Dominiei
839 437 978 512 tortitudo,
994 452 1018 532 st
1033 454 1117 512 gnum
1138 445 1189 506 eat,
1215 438 1310 498 aalnlia
1334 443 1479 514 plurimum
1501 442 1617 518 cupidis,
1643 429 1831 506 dlrersis'mo·

180 538 209 586 ιιι
233 527 300 584 nibil
314 529 370 601 jam
390 527 484 584 timere
507 535 640 599 oporteat,
667 528 691 582 si
712 534 802 584 lamen
824 527 937 584 tideliter
952 536 979 582 et
1035 545 1094 584 rum
1109 525 1310 586 infirmitatibus
1323 532 1444 588 remedia
1466 533 1572 592 diversa
1594 537 1737 609 conquiro.
1760 536 1831 608 Quid

180 619 293 678 viriliter
315 633 397 694 agere
415 617 594 687 voluerimus;
619 625 649 672 nt
672 616 794 674 videlicet
815 631 865 674 nec
886 617 981 692 prodi·
1036 615 1155 686 prodest,
1180 615 1203 672 si
1226 631 1277 672 nec
1305 619 1420 688 prodere
1449 627 1577 690 castrum,
1605 639 1656 682 nec
1680 625 1832 702 relinquere

181 718 266 776 tores,
290 724 343 766 nec
366 705 465 778 pavidi,
495 720 545 762 nec
566 704 674 762 desides
710 704 886 765 inveniamur.
913 706 981 762 Nam
1036 704 1113 776 volis,
1137 704 1185 760 sed
1205 705 1299 778 segnis
1324 714 1351 762 et
1374 707 1526 766 desidiosus
1544 710 1576 766 in
1594 727 1626 770 eo
1649 716 1833 785 permaneas?

180 781 338 873 proditores
351 795 461 870 quidem
484 793 562 860 liunt,
582 795 736 868 quicunque
757 793 786 852 in
800 795 852 852 boc
873 794 982 852 Domini
1034 792 1103 850 loto
1118 793 1231 865 proinde
1245 794 1346 863 animo,
1364 802 1418 852 tots
1433 795 1541 868 virtute,
1557 799 1735 870 dilectissimi,
1757 819 1833 862 corn·

181 894 301 945 castrum
310 882 436 942 inimicos
445 884 506 952 ejus
515 879 624 939 1015
639 882 809 940 introducere
822 881 980 947 moliuntur,
1036 883 1146 960 vnissum
1160 883 1238 940 nobis
1252 891 1368 942 castrum
1382 883 1491 942 Domini
1511 893 1537 942 el
1550 885 1635 960 Regis
1652 893 1737 948 nostri
1752 909 1833 950 maun

182 976 277 1048 quales
296 979 359 1031 sunt
385 970 480 1044 utique
499 971 676 1038 detractores,
704 971 764 1029 Deo
788 970 917 1042 odibiles,
935 969 982 1044 qui
1037 980 1127 1030 tenere
1160 971 1327 1041 laboremus,
1356 972 1463 1030 solliciti
1491 983 1583 1034 contra
1610 991 1705 1036 ornnes
1730 979 1835 1039 inimici

182 1063 334 1122 discordias
352 1060 498 1128 seminant,
520 1067 546 1116 et
565 1060 689 1118 nutriunt
704 1061 830 1118 scandala
844 1061 913 1120 inter
926 1061 982 1118 lra·
1036 1061 1179 1133 versutias,
1200 1070 1228 1120 et
1250 1063 1380 1120 adversus
1412 1062 1502 1120 omnis
1531 1063 1591 1132 ejus
1618 1065 1834 1126 machinamenta

183 1151 341 1211 massicus
365 1149 439 1208 enim
459 1147 487 1206 iu
507 1165 574 1222 pace
597 1149 684 1208 lactus
698 1157 740 1208 est
758 1151 834 1208 locus
858 1150 981 1222 Domini;
1037 1150 1134 1220 parati,
1145 1149 1355 1223 sicutscriptum
1363 1153 1562 1222 esl;llesistile
1572 1152 1688 1226 diodoto,
1700 1159 1729 1214 et
1741 1158 1835 1229 sapiet

181 1241 220 1296 sie
233 1238 261 1295 in
275 1237 411 1297 discordia
425 1236 514 1296 locum
539 1239 648 1296 diabolo
661 1239 719 1297 lieri
735 1239 906 1295 manifestum
929 1247 982 1296 est.
1037 1238 1142 1297 euobis
1155 1239 1224 1312 (loc.
1236 1257 1273 1308 tv,
1288 1241 1327 1312 Ἰ).
1343 1239 1517 1313 Atquoninrn
1526 1240 1628 1298 scimm
1638 1257 1718 1317 aquo
1733 1243 1834 1302 dictum

181 1329 241 1388 Non
261 1327 409 1398 miremini,
424 1326 534 1396 iratres,
549 1327 571 1384 si
591 1329 687 1386 durius
705 1327 779 1402 loqui
797 1329 906 1400 videor;
920 1328 984 1402 qnia
1037 1325 1085 1386 sit:
1103 1329 1164 1386 Nisi
1177 1331 1312 1387 Dominus
1326 1328 1492 1386 custodierit
1505 1330 1662 1399 ciuitatem,
1674 1333 1788 1404 frustra
1798 1337 1836 1393 vi·

182 1416 280 1476 veritas
303 1415 439 1474 neminem
460 1417 562 1489 palpat.
590 1416 708 1474 Omnino
728 1416 893 1488 proditorem
922 1432 984 1476 sose
1037 1417 1110 1488 pilot
1129 1418 1179 1490 qui
1188 1419 1312 1476 custodit
1322 1435 1384 1476 eum
1394 1418 1482 1490 (Psoi.
1492 1434 1590 1492 cxxvi,
1606 1419 1648 1494 l);
1665 1422 1837 1480 humiliemur

183 1506 297 1576 noverit,
312 1506 336 1562 si
354 1507 416 1579 quis
437 1505 518 1572 torte,
534 1505 608 1578 quod
631 1505 715 1562 absitl
732 1505 797 1562 vitia
813 1505 942 1579 quaelibet
956 1507 984 1562 in
1038 1504 1090 1559 sub
1105 1504 1206 1575 potenti
1220 1520 1302 1562 manu
1315 1503 1455 1572 ditissimi,
1471 1513 1497 1563 et
1512 1521 1571 1576 nos,
1590 1517 1618 1565 et
1632 1507 1742 1566 domum
1757 1510 1836 1568 istsrn

182 1596 251 1652 bane
276 1595 386 1651 domum
418 1601 531 1652 conatur
553 1593 693 1665 inducere,
718 1600 745 1652 et
778 1593 909 1666 templum
935 1593 984 1650 Dei
1038 1598 1094 1650 tots
1116 1591 1260 1652 devotione
1283 1595 1344 1664 ejus
1366 1594 1560 1652 misericordia
1582 1600 1788 1668 committentes,
1807 1615 1839 1662 ut

183 1683 343 1758 speluncam
366 1681 456 1740 lacere
481 1681 688 1740 daemoniorum.
711 1681 817 1740 Gratias
839 1682 907 1750 Deo,
930 1697 983 1739 nou
1037 1679 1096 1752 ipse
1119 1696 1169 1738 nos
1188 1681 1320 1738 crrsmdiat
1333 1683 1367 1736 ab
1391 1682 1518 1740 omuibus
1540 1683 1645 1744 insidiis
1665 1687 1836 1746 inimicorum

181 1774 284 1830 multos
301 1772 346 1829 bie
363 1770 514 1828 invenimus
529 1770 697 1842 hujusmodi.
714 1770 770 1828 Sed
781 1781 870 1828 tamen
884 1770 983 1844 depra-
1000 1737 1022 1816 Β
1039 1768 1171 1838 omnium,
1189 1768 1224 1826 sd
1246 1769 1354 1826 laudern
1373 1777 1400 1826 et
1413 1771 1530 1844 gloriam
1553 1773 1670 1833 nondnis
1688 1777 1741 1846 sui,
1763 1778 1837 1852 qnod

183 1861 329 1918 hendimus
344 1859 478 1917 interdum
502 1859 572 1916 torte
589 1857 746 1936 nonnullos,
766 1860 812 1934 qui
826 1859 984 1931 colloquan-
1037 1868 1078 1916 esl
1091 1859 1262 1916 benedictum
1277 1858 1303 1915 in
1319 1860 1427 1917 sucula.
1443 1862 1538 1922 Anien.

184 1955 228 2004 tur
251 1947 385 2020 bostibus,
404 1954 431 2004 et
445 1947 617 2021 paciscantur
630 1948 720 2006 loedna
735 1963 797 2006 curn
817 1959 912 2017 morto,
933 1950 984 2006 boc
1350 1946 1465 2006 sanato
1483 1949 1516 2006 tv

183 2042 234 2104 est,
253 2036 409 2105 moliantur,
434 2037 505 2110 qnod
524 2038 551 2094 in
570 2037 609 2094 eis
631 2048 683 2106 est,
703 2036 864 2116 imminuere
882 2037 985 2095 ordinis
1269 2037 1309 2094 De
1323 2035 1419 2110 triplici
1433 2035 1582 2098 mansione.

183 2125 365 2196 disciplinam,
388 2125 554 2200 intepescere
578 2127 722 2199 terrorem,
747 2127 855 2186 turbare
878 2143 984 2200 paoem,
1074 2128 1101 2184 l.
1119 2124 1224 2184 votivis
1250 2124 1376 2182 laudibus
1403 2126 1573 2186 celebramus
1600 2129 1669 2188 bane
1696 2130 1780 2200 diem,
1809 2143 1837 2190 et

183 2211 282 2270 ledere
307 2213 474 2270 charitatem.
501 2214 602 2271 Verum
628 2231 680 2273 nos
708 2217 818 2288 quidem
845 2230 986 2272 caveamus
1038 2211 1142 2272 festivis
1164 2229 1225 2272 eam
1244 2214 1353 2287 gaudiis
1372 2215 1545 2276 honoramus.
1570 2215 1649 2287 Quod
1670 2219 1694 2276 si
1714 2236 1765 2279 nec
1777 2222 1837 2280 reli·

183 2301 218 2356 ab
241 2301 293 2373 eis,
315 2310 445 2375 quantum
470 2319 633 2376 possumus3
655 2304 725 2362 sieut
742 2305 873 2378 scriptum
891 2313 933 2361 est
952 2304 986 2362 de
1039 2301 1122 2376 qiusis
1144 2303 1283 2375 competit,
1308 2318 1361 2360 nee
1374 2303 1511 2376 sapientes
1529 2306 1609 2362 decet
1631 2306 1757 2381 ignorare
1772 2311 1838 2384 quid

184 2391 362 2461 quibusdam:
380 2393 570 2451 desecantem
584 2408 643 2451 nort
656 2394 785 2452 credebat
800 2411 829 2452 se
842 2392 985 2466 etatloua.
1040 2396 1213 2460 venerentur,
1236 2399 1283 2447 aut
1304 2391 1440 2450 celebrare
1462 2393 1535 2465 qnod
1560 2394 1693 2470 nesciant;
1709 2414 1837 2471 quaereu-

184 2497 215 2550 rr,
232 2483 288 2556 24).
303 2482 371 2541 Dico
386 2490 475 2540 autem
487 2484 566 2540 vobis
579 2484 653 2557 qnia,
668 2484 985 2556 licetporteuturmodo,
1040 2477 1104 2536 dum
1126 2475 1243 2536 1076
1263 2478 1343 2536 uobis
1367 2488 1418 2547 est,
1433 2480 1461 2534 in
1483 2480 1563 2550 eujus
1586 2481 1614 2540 id
1637 2484 1727 2556 agitur
1748 2487 1791 2544 vel
1811 2488 1837 2544 iu

182 2570 232 2625 scd
259 2573 405 2644 portabunt
429 2574 483 2628 cito
506 2588 588 2648 grave
607 2572 749 2642 judicium,
779 2572 884 2630 nisiae
908 2572 987 2630 citius
1040 2582 1155 2642 quorum
1178 2565 1431 2624 commemoratione
1453 2578 1620 2628 momorum·
1644 2572 1700 2630 Nec
1727 2576 1838 2632 veroid

183 2657 396 2727 emendaverint,
423 2661 492 2716 sicut
509 2675 591 2730 grave
613 2660 743 2716 damnum
768 2662 917 2718 moliuntur
942 2660 986 2716 in·
1039 2657 1105 2712 mibi
1119 2671 1153 2714 ex
1167 2671 1212 2712 me
1226 2655 1343 2713 arbitror
1356 2656 1578 2728 praesomendum
1599 2675 1606 2718 :
1623 2659 1699 2730 prior
1712 2661 1839 2736 loquatur

182 2745 267 2805 terre.
291 2746 364 2816 Quid
392 2747 475 2818 enim,
501 2747 603 2806 lrsterl
625 2747 747 2817 vanitati,
772 2760 817 2806 aut
846 2748 986 2822 tepiditati,
1041 2749 1118 2812 alter,
1141 2744 1220 2814 cnjus
1242 2742 1426 2801 testimouium
1450 2747 1538 2815 majus
1561 2745 1606 2816 sit,
1631 2759 1658 2806 et
1684 2751 1840 2810 credibilius

184 2852 234 2891 seu
259 2835 371 2894 cuilibet
392 2836 466 2892 alteri
489 2835 555 2893 vilio
578 2835 660 2894 fidem
683 2854 774 2895 servas
802 2838 940 2910 operibns,
961 2845 988 2894 el
1040 2835 1173 2890 rideatur.
1210 2831 1344 2890 bliramini
1382 2833 1451 2890 lorte
1481 2849 1531 2892 cur
1557 2834 1610 2893 isla
1637 2841 1839 2913 praeloquimur,

186 2925 245 2980 Deo
259 2940 308 2995 per
322 2932 459 2980 tonsuram
469 2925 616 2984 mentiris't
632 2925 770 2996 Optimum
785 2937 857 2984 carte
872 2937 986 2984 castrum
1041 2939 1104 2980 curn
1122 2920 1219 2982 vestris
1236 2937 1297 2979 esse
1317 2919 1457 2978 obtutibus
1476 2921 1593 2981 ecclesis
1614 2941 1736 2999 praesens
1749 2931 1841 2986 mani-

187 3013 270 3070 tulisti
295 3011 412 3084 Christo,
437 3013 461 3068 si
479 3011 594 3070 inimicis
617 3015 678 3085 ejus
703 3015 845 3072 tradideris
866 3015 984 3072 Claroru-¹
1001 3019 1024 3098 c
1040 3011 1132 3070 festius
1155 3012 1269 3084 ingerat,
1299 3009 1379 3079 cnjus
1407 3009 1590 3070 anniversaria
1618 3013 1751 3077 dedicatio
1765 3019 1841 3076 eolr-

185 3101 303 3157 Vsllem.
318 3100 442 3173 Optimos
456 3101 521 3159 inde
536 3103 650 3174 singulis
663 3103 751 3174 annis,
768 3104 945 3176 etpretioscs
959 3103 988 3159 in
1042 3100 1143 3156 bratnr.
1181 3096 1251 3168 Quid
1278 3096 1350 3154 enirn
1378 3099 1497 3169 parietes
1526 3100 1586 3170 eins
1613 3112 1722 3162 saucms
1748 3106 1839 3166 dicare

188 3189 758 3264 oculissuisreditossecipitretpraedam
774 3193 989 3264 multam,quam
1042 3201 1192 3255 vereamur,
1219 3201 1288 3258 quos
1312 3200 1408 3242 manns
1434 3194 1548 3244 aemalae
1571 3189 1729 3260 pontificum
1763 3199 1843 3256 tantis

188 3277 313 3334 hostibus
327 3279 417 3348 cripit,
434 3279 461 3332 in
477 3277 549 3334 bunc
564 3278 722 3336 munitionis
740 3295 797 3335 suae
820 3279 909 3338 locum
923 3281 991 3336 solet
1043 3271 1243 3331 sanctificavere
1268 3273 1422 3344 mysteriis?
1442 3274 1548 3332 Extunc
1573 3292 1685 3352 qnoque
1712 3290 1739 3338 et
1761 3283 1843 3340 dein-

188 3366 331 3438 inducere,
351 3375 378 3424 et
403 3367 484 3423 babet
508 3365 635 3424 fiduciam
657 3368 770 3424 multam
787 3369 816 3426 iu
834 3367 992 3427 tortitudine
1043 3378 1108 3436 ceps
1127 3370 1282 3420 meorum
1306 3361 1373 3418 inibi
1393 3360 1539 3420 lectionum
1560 3365 1693 3424 resultare
1716 3367 1843 3444 trequen-

188 3455 261 3526 ejns.
276 3455 347 3512 Ecce
366 3455 439 3512 euim
457 3471 527 3529 quos
540 3455 655 3512 redemit
678 3457 711 3512 de
732 3471 813 3512 mauu
836 3455 948 3528 inimici,
965 3464 992 3514 et
1045 3453 1090 3522 tls,
1122 3457 1275 3508 sanctarum
1306 3447 1462 3506 orationum
1491 3450 1587 3510 devota
1615 3471 1784 3516 murmurare
1797 3477 1846 3518 sn-

189 3545 224 3600 de
246 3544 409 3618 regionibus
433 3542 608 3620 congregavit
618 3560 675 3614 eos,
696 3559 712 3600 a
733 3545 799 3602 solis
812 3553 874 3602 ortu
895 3553 922 3602 et
943 3559 991 3602 oc·
1045 3540 1142 3608 surriu,
1164 3545 1317 3597 sanctarum
1339 3538 1515 3610 reliquiarum
1532 3541 1659 3600 honorari
1677 3546 1753 3604 beata
1772 3565 1847 3622 pres·

189 3649 267 3704 casn,
287 3633 320 3689 ab
338 3632 464 3706 aquilone
479 3640 507 3689 et
522 3632 599 3690 mari.
620 3633 725 3702 Quibus
738 3648 804 3706 ergo
828 3632 992 3705 proditorem
1046 3627 1142 3698 sentis,
1175 3635 1330 3686 sanctornm
1369 3626 1512 3702 spirituum
1549 3628 1684 3690 indelessa
1723 3639 1847 3696 noscitur

189 3721 275 3780 castri
290 3723 381 3792 hujus,
401 3731 543 3795 postquam
559 3723 747 3794 deprehensus
765 3730 792 3780 et
810 3721 991 3792 eomprehen-
1046 3717 1165 3776 custodia
1191 3716 1316 3790 tibilim·
1350 3716 1431 3774 Diffi
1451 3715 1583 3776 s⁰l⁸it³⁰⁵
1608 3721 1711 3780 Coetofo
1733 3725 1845 3800 quidem

188 3827 237 3868 sus
261 3809 340 3867 luerit
363 3813 462 3881 tueque
490 3809 562 3866 enim
583 3809 667 3866 latere
693 3817 738 3865 aut
761 3810 856 3884 lugere
880 3812 991 3883 potest),
1047 3806 1179 3865 evidentia
1203 3814 1281 3871 sunta
1307 3805 1354 3864 sed
1373 3805 1437 3879 quis
1454 3805 1593 3881 angelicas
1612 3825 1673 3869 sese
1688 3813 1848 3874 vidisseer·

189 3898 298 3972 quibus,
316 3897 436 3970 inquam,
451 3903 533 3970 putas
547 3899 735 3970 exponendum
755 3914 815 3954 csse
835 3898 993 3972 suppliciis?
1048 3895 1143 3953 cubias
1164 3894 1313 3966 gloriatur?
1332 3893 1389 3950 Etsi
1404 3904 1432 3950 tn
1448 3895 1518 3953 torte
1532 3911 1587 3954 uon
1599 3899 1685 3968 vides,
1701 3913 1845 3964 esttamen

187 3989 251 4046 Non
269 3989 362 4060 utique
375 3987 511 4044 communi
525 3995 684 4044 caeterorum
706 3994 792 4045 morte
814 3985 993 4056 damnabitur,
1049 3986 1096 4057 qui
1110 3983 1190 4050 videl,
1213 3983 1271 4057 ipsc
1294 3985 1340 4056 qui
1364 3983 1456 4040 mittit.
1482 3982 1551 4054 Quis
1565 3986 1631 4044 ille?
1654 3990 1785 4050 Nimirum
1800 3995 1847 4066 qui

190 4077 240 4134 sed
263 4073 405 4150 exquisitis
426 4075 504 4132 illum
525 4090 635 4131 necesse
657 4083 698 4132 est
716 4074 827 4133 interire
845 4076 994 4135 tormentis.
1048 4073 1166 4146 loquitur
1180 4089 1228 4146 per
1241 4075 1419 4145 proplietam:
1433 4090 1519 4147 super
1531 4091 1628 4134 muros
1643 4081 1717 4148 tuos,
1731 4082 1847 4156 temus·

190 4165 246 4224 Sed
260 4179 314 4221 non
333 4163 416 4221 modo
432 4165 493 4236 plus
510 4163 638 4222 irnmoror
656 4163 726 4220 circa
741 4163 809 4222 ista:
826 4165 909 4222 credo
934 4179 994 4220 me·
1051 4164 1116 4234 tene,
1141 4162 1277 4222 constitut
1300 4163 1428 4221 custodes
1452 4163 1599 4234 (lactatur,
1624 4165 1713 4238 bibet
1736 4171 1846 4243 quidem

189 4255 244 4312 lina
254 4253 386 4327 deinceps
400 4252 434 4310 ab
449 4253 500 4310 bac
514 4260 568 4308 tem
582 4251 741 4310 exsecrabili
753 4253 906 4324 proditione
919 4265 996 4310 cave·
1049 4267 1156 4308 sursum
1179 4252 1338 4319 Jerusalem,
1363 4266 1423 4323 quae
1448 4260 1490 4308 ost
1512 4253 1605 4322 libera,
1632 4265 1716 4316 mater
1739 4269 1845 4321 nostra:

190 4343 294 4414 bimus,
316 4342 457 4400 studentes
470 4343 505 4398 de
518 4351 618 4400 caetero
631 4341 724 4411 majori
745 4341 924 4399 sollieitudine
939 4357 995 4398 non
1011 4305 1034 4386 n
1051 4341 1099 4398 sed
1119 4339 1231 4398 minimo
1259 4339 1418 4398 crediderim
1444 4357 1525 4413 snper
1547 4347 1720 4417 mordacius
1743 4351 1846 4408 consti-

192 4433 340 4504 altrabere,
365 4432 412 4489 sed
432 4431 566 4504 repellere
588 4430 663 4502 vitia,
683 4446 852 4504 quacunque
872 4430 1013 4508 illasint„
1052 4429 1122 4488 tulos
1136 4446 1196 4488 esse
1207 4431 1347 4499 custodes,
1361 4428 1389 4484 in
1405 4430 1483 4500 cujus
1498 4431 1625 4490 laudibus
1639 4435 1775 4507 Propheta
1794 4439 1846 4496 de-

192 4538 243 4578 seu
270 4519 396 4592 carnalia,
420 4537 469 4579 seu
492 4521 571 4578 etiam
595 4520 745 4588 saeeularia,
771 4536 806 4577 ue
827 4521 994 4592 proditorum
1048 4527 1150 4579 canmt:
1173 4520 1228 4588 Qut
1242 4521 1342 4592 posuit
1358 4519 1431 4588 fines
1449 4524 1512 4578 tuos
1526 4523 1723 4596 poeeraffsct.
1738 4541 1845 4600 enavit,

193 4622 289 4669 notam
302 4611 345 4668 vel
357 4627 467 4683 poenam
482 4608 618 4666 incurrere
632 4625 793 4666 mereamur.
1051 4609 1106 4678 ll).
1117 4608 1159 4666 Tu
1172 4622 1236 4663 vero
1251 4607 1275 4663 si
1289 4606 1315 4662 id
1329 4621 1423 4679 parum
1436 4606 1553 4676 iudicas,
1569 4625 1654 4684 perge
1665 4613 1758 4672 audire
1771 4621 1846 4689 quod

231 4703 259 4757 d.
283 4699 409 4757 Secundo
433 4701 494 4757 loco
512 4698 592 4756 eliam
613 4699 678 4755 illud
701 4699 860 4769 cavendum,
880 4699 995 4772 nequis
1049 4698 1170 4769 sequitur
1184 4696 1211 4750 in
1226 4693 1380 4751 testimonio
1395 4695 1576 4767 praecedeuti3
1597 4700 1662 4758 Toto
1675 4703 1731 4768 dle,
1746 4703 1844 4780 inquii,

195 4791 277 4860 sorte,
290 4788 510 4861 pusillanimitate
524 4790 657 4860 dejectus,
673 4787 946 4862 loqiatamunitione,
956 4789 994 4846 ibi
1049 4789 1078 4844 et
1090 4787 1150 4840 totu
1164 4785 1284 4842 noctoin
1292 4787 1461 4856 perpetuum
1472 4789 1673 4847 contacebunt
1685 4793 1763 4862 (isui.
1778 4811 1845 4870 uxta,

195 4882 333 4952 trepidans
347 4879 445 4938 timore
458 4877 506 4935 ubi
530 4886 638 4935 nonest
657 4879 750 4950 limor;
773 4878 820 4936 ubi
834 4895 900 4938 vero
918 4895 995 4935 sum·
1050 4874 1089 4946 6).
1103 4870 1243 4944 Siquidem
1257 4875 1401 4926 advertere
1422 4883 1463 4928 est
1485 4873 1529 4930 vel
1542 4874 1604 4942 boc,
1627 4895 1681 4936 uon
1705 4883 1774 4942 bane
1787 4901 1846 4944 csso

195 4985 272 5024 nrum
302 4968 450 5040 perieulum
484 4975 534 5038 est,
567 4967 662 5024 insana
689 4968 837 5026 temeritate
873 4984 994 5026 securus.
1048 4959 1196 5019 Jerusalem
1209 4959 1242 5015 de
1258 4975 1310 5046 qna
1324 4958 1429 5033 legisti:
1444 4962 1538 5020 Portae
1556 4967 1618 5037 ejus
1638 4972 1845 5032 uoueloudsrt-

195 5056 347 5114 Hostilibus
370 5056 442 5112 enim
462 5055 594 5124 manibus,
616 5057 759 5113 hostilibus
777 5057 875 5130 gladiis
893 5072 922 5112 se
947 5073 995 5114 ex·
1051 5057 1099 5108 tur
1110 5067 1160 5124 per
1173 5048 1265 5118 diem,
1279 5065 1338 5108 noc
1352 5049 1497 5106 entrance
1514 5056 1571 5110 erit
1584 5056 1658 5116 inec
1671 5057 1767 5132 (Apoc.
1784 5078 1843 5133 xxv,

195 5145 276 5220 ponit
304 5147 456 5219 quicunque
484 5153 526 5202 est
549 5147 592 5202 ille
614 5145 661 5218 qui
684 5146 763 5222 fugit,
789 5162 821 5204 ac
843 5148 866 5203 si
890 5145 997 5218 ignoret
1051 5139 1107 5214 25).
1121 5139 1248 5212 lilaergo
1271 5139 1419 5194 Jerusalem
1440 5155 1491 5196 nec
1511 5141 1712 5206 vicissitudines
1734 5152 1845 5222 potitur,

194 5233 327 5308 quoniam
353 5226 450 5291 hostes'
475 5233 513 5288 illi
542 5233 652 5292 omnino
679 5241 772 5290 carent
799 5233 996 5299 misericordis,
1051 5244 1102 5286 nee
1117 5227 1274 5284 custodibus
1289 5236 1369 5301 eget:
1385 5228 1485 5284 nostris
1500 5229 1589 5298 potius
1603 5238 1729 5294 custodes
1751 5254 1847 5298 neces-

194 5323 323 5381 crudeles
347 5322 456 5396 quidem
479 5322 507 5378 in
522 5323 636 5394 alienos,
657 5323 703 5379 sed
723 5323 809 5380 multo
828 5321 997 5381 crudeliores
1050 5333 1081 5375 so
1090 5327 1131 5375 est
1145 5325 1171 5372 et
1179 5316 1276 5371 diebus
1291 5325 1317 5374 et
1332 5316 1457 5372 noctibus
1479 5316 1617 5388 deputari.
1640 5325 1731 5399 Super
1750 5345 1847 5391 muro,

195 5416 226 5471 in
241 5429 317 5483 suos,
333 5414 433 5486 quippe
448 5412 631 5470 crudelissimi
644 5411 671 5468 in
692 5412 819 5484 seipsos.
1052 5411 1127 5477 tuos,
1141 5406 1311 5472 Jerusalem,
1326 5405 1464 5462 constitui
1477 5407 1614 5467 custodes.

235 5505 263 5560 b.
285 5503 346 5560 lam
361 5517 425 5562 vero
448 5502 556 5558 tertium
581 5517 689 5575 qnoque
708 5501 858 5573 periculum
881 5500 998 5558 brevitor
1088 5497 1115 5553 l.
1131 5493 1266 5564 Benignus
1285 5507 1325 5560 es,
1349 5493 1473 5564 Domine,
1495 5510 1545 5553 nec
1559 5509 1712 5560 nostrorum
1726 5505 1778 5566 bac
1791 5509 1847 5568 lra-

196 5591 272 5665 dico,
292 5593 425 5666 quiajam
448 5591 516 5650 bora
529 5592 671 5666 praeteriit,
694 5591 759 5650 dum
773 5599 881 5659 vestrae,
906 5599 936 5648 ut
953 5591 998 5647 di·
1052 5585 1101 5660 qili
1116 5581 1283 5668 protectione
1302 5596 1440 5640 murorum
1461 5591 1538 5654 Potes
1559 5601 1621 5644 esse
1638 5600 1790 5667 mumulus,
1802 5602 1848 5658 sed
