<?xml version="1.0" encoding="UTF-8"?>
<!DOCTYPE html PUBLIC "-//W3C//DTD XHTML 1.0 Transitional//EN"
    "http://www.w3.org/TR/xhtml1/DTD/xhtml1-transitional.dtd">
<html xmlns="http://www.w3.org/1999/xhtml" xml:lang="en" lang="en">
 <head>
  <title>
</title>
<meta http-equiv="Content-Type" content="text/html;charset=utf-8" />
  <meta name='ocr-system' content='tesseract 3.04.00' />
  <meta name='ocr-capabilities' content='ocr_page ocr_carea ocr_par ocr_line ocrx_word'/>
</head>
<body>
  <div class='ocr_page' id='page_1' title='image "./patrologiaecurs142unkngoog_0212.png"; bbox 0 0 4118 6346; ppageno 0'>
   <div class='ocr_carea' id='block_1_1' title="bbox 145 466 1798 533">
    <p class='ocr_par' dir='ltr' id='par_1_1' title="bbox 145 466 1798 533">
     <span class='ocr_line' id='line_1_1' title="bbox 145 466 1798 533; baseline 0.002 -7"><span class='ocrx_word' id='word_1_1' title='bbox 145 469 199 526; x_wconf 69' lang='lat' dir='ltr'><strong>ddb</strong></span> <span class='ocrx_word' id='word_1_2' title='bbox 615 469 652 528; x_wconf 80' lang='lat' dir='ltr'><strong>tlt</strong></span> <span class='ocrx_word' id='word_1_3' title='bbox 665 470 782 530; x_wconf 53' lang='lat' dir='ltr'><strong>‘tusto</strong></span> <span class='ocrx_word' id='word_1_4' title='bbox 801 470 1035 533; x_wconf 67' lang='lat' dir='ltr'><strong>saturatus</strong></span> <span class='ocrx_word' id='word_1_5' title='bbox 1054 468 1154 528; x_wconf 78' lang='lat' dir='ltr'>PAULI</span> <span class='ocrx_word' id='word_1_6' title='bbox 1173 466 1289 526; x_wconf 72' lang='lat' dir='ltr'><strong>suello</strong></span> <span class='ocrx_word' id='word_1_7' title='bbox 1307 469 1336 528; x_wconf 92' lang='lat' dir='ltr'><strong>l..</strong></span> <span class='ocrx_word' id='word_1_8' title='bbox 1745 473 1798 532; x_wconf 82' lang='lat' dir='ltr'><strong>tto</strong></span> 
     </span>
    </p>
   </div>
   <div class='ocr_carea' id='block_1_2' title="bbox 135 591 1801 3070">
    <p class='ocr_par' dir='ltr' id='par_1_2' title="bbox 135 591 1801 3070">
     <span class='ocr_line' id='line_1_2' title="bbox 145 591 1801 670; baseline 0.002 -21"><span class='ocrx_word' id='word_1_9' title='bbox 145 598 321 654; x_wconf 75' lang='lat' dir='ltr'><strong>conversatus</strong></span> <span class='ocrx_word' id='word_1_10' title='bbox 335 597 389 663; x_wconf 88' lang='lat' dir='ltr'><strong>est,</strong></span> <span class='ocrx_word' id='word_1_11' title='bbox 405 607 460 650; x_wconf 90' lang='lat' dir='ltr'><strong>non</strong></span> <span class='ocrx_word' id='word_1_12' title='bbox 473 592 616 652; x_wconf 76' lang='lat' dir='ltr'><strong>declinavit</strong></span> <span class='ocrx_word' id='word_1_13' title='bbox 632 595 667 650; x_wconf 91' lang='lat' dir='ltr'><strong>ad</strong></span> <span class='ocrx_word' id='word_1_14' title='bbox 681 597 832 666; x_wconf 78' lang='lat' dir='ltr'><strong>dexteram,</strong></span> <span class='ocrx_word' id='word_1_15' title='bbox 848 611 938 670; x_wconf 87' lang='lat' dir='ltr'><strong>neque</strong></span> <span class='ocrx_word' id='word_1_16' title='bbox 997 594 1115 652; x_wconf 77' lang='lat' dir='ltr'><strong>marbna</strong></span> <span class='ocrx_word' id='word_1_17' title='bbox 1133 601 1175 650; x_wconf 90' lang='lat' dir='ltr'><strong>est</strong></span> <span class='ocrx_word' id='word_1_18' title='bbox 1188 591 1321 650; x_wconf 85' lang='lat' dir='ltr'><strong>dolorum.</strong></span> <span class='ocrx_word' id='word_1_19' title='bbox 1340 593 1440 652; x_wconf 86' lang='lat' dir='ltr'><strong>llcmor</strong></span> <span class='ocrx_word' id='word_1_20' title='bbox 1454 595 1500 665; x_wconf 71' lang='lat' dir='ltr'><strong>fai</strong></span> <span class='ocrx_word' id='word_1_21' title='bbox 1513 597 1575 661; x_wconf 81' lang='lat' dir='ltr'><strong>Dei,</strong></span> <span class='ocrx_word' id='word_1_22' title='bbox 1586 595 1684 653; x_wconf 90' lang='lat' dir='ltr'><strong>clamat</strong></span> <span class='ocrx_word' id='word_1_23' title='bbox 1696 596 1801 667; x_wconf 80' lang='lat' dir='ltr'><strong>justus,</strong></span> 
     </span>
     <span class='ocr_line' id='line_1_3' title="bbox 142 680 1798 758; baseline 0.002 -21"><span class='ocrx_word' id='word_1_24' title='bbox 142 682 178 738; x_wconf 87' lang='lat' dir='ltr'><strong>ad</strong></span> <span class='ocrx_word' id='word_1_25' title='bbox 191 680 349 739; x_wconf 77' lang='lat' dir='ltr'><strong>sinistram:</strong></span> <span class='ocrx_word' id='word_1_26' title='bbox 366 683 416 739; x_wconf 92' lang='lat' dir='ltr'><strong>sed</strong></span> <span class='ocrx_word' id='word_1_27' title='bbox 430 681 500 740; x_wconf 88' lang='lat' dir='ltr'><strong>viam</strong></span> <span class='ocrx_word' id='word_1_28' title='bbox 523 683 625 756; x_wconf 88' lang='lat' dir='ltr'><strong>regiam</strong></span> <span class='ocrx_word' id='word_1_29' title='bbox 642 686 737 756; x_wconf 81' lang='lat' dir='ltr'><strong>tenuit,</strong></span> <span class='ocrx_word' id='word_1_30' title='bbox 758 687 847 744; x_wconf 92' lang='lat' dir='ltr'><strong>donec</strong></span> <span class='ocrx_word' id='word_1_31' title='bbox 859 686 939 746; x_wconf 91' lang='lat' dir='ltr'><strong>vani·</strong></span> <span class='ocrx_word' id='word_1_32' title='bbox 966 692 970 700; x_wconf 91' lang='lat'>&#39;</span> <span class='ocrx_word' id='word_1_33' title='bbox 996 691 1023 742; x_wconf 87' lang='lat' dir='ltr'><strong>et</strong></span> <span class='ocrx_word' id='word_1_34' title='bbox 1037 685 1195 743; x_wconf 69' lang='lat' dir='ltr'><strong>mactatas</strong></span> <span class='ocrx_word' id='word_1_35' title='bbox 1207 699 1291 740; x_wconf 85' lang='grc' dir='ltr'>ιιιιιιι</span> <span class='ocrx_word' id='word_1_36' title='bbox 1308 681 1356 738; x_wconf 90' lang='lat' dir='ltr'><strong>sed</strong></span> <span class='ocrx_word' id='word_1_37' title='bbox 1371 688 1398 736; x_wconf 91' lang='lat' dir='ltr'><strong>et</strong></span> <span class='ocrx_word' id='word_1_38' title='bbox 1412 681 1502 736; x_wconf 89' lang='lat' dir='ltr'><strong>stetim</strong></span> <span class='ocrx_word' id='word_1_39' title='bbox 1515 683 1666 758; x_wconf 86' lang='lat' dir='ltr'><strong>subjungit,</strong></span> <span class='ocrx_word' id='word_1_40' title='bbox 1688 686 1798 758; x_wconf 78' lang='lat' dir='ltr'><strong>Defecit</strong></span> 
     </span>
     <span class='ocr_line' id='line_1_4' title="bbox 142 770 1796 848; baseline 0.002 -20"><span class='ocrx_word' id='word_1_41' title='bbox 142 779 186 828; x_wconf 87' lang='lat' dir='ltr'><strong>ret</strong></span> <span class='ocrx_word' id='word_1_42' title='bbox 201 770 236 826; x_wconf 94' lang='lat' dir='ltr'><strong>ad</strong></span> <span class='ocrx_word' id='word_1_43' title='bbox 249 770 326 827; x_wconf 90' lang='lat' dir='ltr'><strong>illum</strong></span> <span class='ocrx_word' id='word_1_44' title='bbox 340 770 386 843; x_wconf 87' lang='lat' dir='ltr'><strong>qui</strong></span> <span class='ocrx_word' id='word_1_45' title='bbox 401 771 474 838; x_wconf 88' lang='lat' dir='ltr'><strong>dicit,</strong></span> <span class='ocrx_word' id='word_1_46' title='bbox 490 773 544 843; x_wconf 78' lang='lat' dir='ltr'><strong>Ego</strong></span> <span class='ocrx_word' id='word_1_47' title='bbox 569 788 633 829; x_wconf 82' lang='lat' dir='ltr'><strong>acm</strong></span> <span class='ocrx_word' id='word_1_48' title='bbox 649 775 706 843; x_wconf 84' lang='lat' dir='ltr'><strong>vic,</strong></span> <span class='ocrx_word' id='word_1_49' title='bbox 721 777 825 833; x_wconf 81' lang='lat' dir='ltr'><strong>veritae</strong></span> <span class='ocrx_word' id='word_1_50' title='bbox 839 778 868 830; x_wconf 86' lang='lat' dir='ltr'><strong>cf</strong></span> <span class='ocrx_word' id='word_1_51' title='bbox 882 775 942 832; x_wconf 85' lang='lat' dir='ltr'><strong>vito</strong></span> <span class='ocrx_word' id='word_1_52' title='bbox 995 776 1114 848; x_wconf 79' lang='lat' dir='ltr'><strong>spiritus</strong></span> <span class='ocrx_word' id='word_1_53' title='bbox 1128 787 1218 838; x_wconf 83' lang='lat' dir='ltr'><strong>meus,</strong></span> <span class='ocrx_word' id='word_1_54' title='bbox 1236 770 1458 839; x_wconf 73' lang='lat' dir='ltr'><strong>tarnatensem,</strong></span> <span class='ocrx_word' id='word_1_55' title='bbox 1473 775 1570 829; x_wconf 82' lang='lat' dir='ltr'><strong>elnon</strong></span> <span class='ocrx_word' id='word_1_56' title='bbox 1596 789 1661 830; x_wconf 82' lang='lat' dir='ltr'><strong>sum</strong></span> <span class='ocrx_word' id='word_1_57' title='bbox 1685 777 1796 832; x_wconf 82' lang='lat' dir='ltr'><strong>locatus</strong></span> 
     </span>
     <span class='ocr_line' id='line_1_5' title="bbox 143 859 1295 934; baseline -0.002 -16"><span class='ocrx_word' id='word_1_58' title='bbox 143 861 239 931; x_wconf 76' lang='lat' dir='ltr'><strong>(loon.</strong></span> <span class='ocrx_word' id='word_1_59' title='bbox 255 875 315 929; x_wconf 78' lang='grc' dir='ltr'>ιιι,</span> <span class='ocrx_word' id='word_1_60' title='bbox 332 861 370 930; x_wconf 84' lang='grc'><strong>6).</strong></span> <span class='ocrx_word' id='word_1_61' title='bbox 386 859 531 916; x_wconf 77' lang='lat' dir='ltr'><strong>Intuemini</strong></span> <span class='ocrx_word' id='word_1_62' title='bbox 544 860 722 920; x_wconf 82' lang='lat' dir='ltr'><strong>humilitatem</strong></span> <span class='ocrx_word' id='word_1_63' title='bbox 737 878 851 934; x_wconf 90' lang='lat' dir='ltr'><strong>operum</strong></span> <span class='ocrx_word' id='word_1_64' title='bbox 869 864 941 933; x_wconf 84' lang='lat' dir='ltr'><strong>ejus,</strong></span> <span class='ocrx_word' id='word_1_65' title='bbox 996 864 1082 932; x_wconf 83' lang='lat' dir='ltr'><strong>(Pscl.</strong></span> <span class='ocrx_word' id='word_1_66' title='bbox 1098 877 1197 926; x_wconf 82' lang='grc' dir='ltr'>ιιιιι,</span> <span class='ocrx_word' id='word_1_67' title='bbox 1217 864 1243 932; x_wconf 86' lang='lat' dir='ltr'><strong>l,</strong></span> <span class='ocrx_word' id='word_1_68' title='bbox 1259 863 1295 928; x_wconf 78' lang='grc' dir='ltr'><strong>ὅ).</strong></span> 
     </span>
     <span class='ocr_line' id='line_1_6' title="bbox 141 945 1795 1024; baseline 0.002 -20"><span class='ocrx_word' id='word_1_69' title='bbox 141 947 489 1006; x_wconf 87' lang='lat' dir='ltr'><strong>anctoritatemverborum</strong></span> <span class='ocrx_word' id='word_1_70' title='bbox 514 950 585 1019; x_wconf 88' lang='lat' dir='ltr'><strong>ejus,</strong></span> <span class='ocrx_word' id='word_1_71' title='bbox 610 959 637 1006; x_wconf 91' lang='lat' dir='ltr'><strong>et</strong></span> <span class='ocrx_word' id='word_1_72' title='bbox 651 957 716 1008; x_wconf 92' lang='lat' dir='ltr'><strong>tunc</strong></span> <span class='ocrx_word' id='word_1_73' title='bbox 729 951 857 1009; x_wconf 91' lang='lat' dir='ltr'><strong>videbitis</strong></span> <span class='ocrx_word' id='word_1_74' title='bbox 871 967 942 1024; x_wconf 90' lang='lat' dir='ltr'><strong>quo·</strong></span> <span class='ocrx_word' id='word_1_75' title='bbox 1032 955 1060 1008; x_wconf 84' lang='lat' dir='ltr'><strong>l.</strong></span> <span class='ocrx_word' id='word_1_76' title='bbox 1076 951 1156 1020; x_wconf 88' lang='lat' dir='ltr'><strong>Quod</strong></span> <span class='ocrx_word' id='word_1_77' title='bbox 1179 951 1202 1007; x_wconf 91' lang='lat' dir='ltr'><strong>si</strong></span> <span class='ocrx_word' id='word_1_78' title='bbox 1225 951 1282 1006; x_wconf 84' lang='lat' dir='ltr'><strong>baec</strong></span> <span class='ocrx_word' id='word_1_79' title='bbox 1305 949 1333 1005; x_wconf 93' lang='lat' dir='ltr'><strong>in</strong></span> <span class='ocrx_word' id='word_1_80' title='bbox 1357 947 1462 1020; x_wconf 76' lang='lat' dir='ltr'><strong>Vigiliis</strong></span> <span class='ocrx_word' id='word_1_81' title='bbox 1481 945 1695 1020; x_wconf 84' lang='lat' dir='ltr'><strong>uniuscujusque</strong></span> <span class='ocrx_word' id='word_1_82' title='bbox 1709 953 1795 1008; x_wconf 87' lang='lat' dir='ltr'><strong>saneti</strong></span> 
     </span>
     <span class='ocr_line' id='line_1_7' title="bbox 141 1035 1795 1114; baseline 0.001 -21"><span class='ocrx_word' id='word_1_83' title='bbox 141 1038 227 1094; x_wconf 87' lang='lat' dir='ltr'><strong>modo</strong></span> <span class='ocrx_word' id='word_1_84' title='bbox 241 1045 295 1094; x_wconf 91' lang='lat' dir='ltr'><strong>tem</strong></span> <span class='ocrx_word' id='word_1_85' title='bbox 310 1038 393 1092; x_wconf 90' lang='lat' dir='ltr'><strong>verbo</strong></span> <span class='ocrx_word' id='word_1_86' title='bbox 412 1053 494 1109; x_wconf 85' lang='lat' dir='ltr'><strong>qnam</strong></span> <span class='ocrx_word' id='word_1_87' title='bbox 515 1039 640 1110; x_wconf 82' lang='lat' dir='ltr'><strong>exemplo</strong></span> <span class='ocrx_word' id='word_1_88' title='bbox 655 1038 752 1096; x_wconf 80' lang='lat' dir='ltr'><strong>luserit</strong></span> <span class='ocrx_word' id='word_1_89' title='bbox 766 1040 837 1097; x_wconf 90' lang='lat' dir='ltr'><strong>inter</strong></span> <span class='ocrx_word' id='word_1_90' title='bbox 851 1040 941 1096; x_wconf 89' lang='lat' dir='ltr'><strong>homi·</strong></span> <span class='ocrx_word' id='word_1_91' title='bbox 996 1039 1116 1114; x_wconf 89' lang='lat' dir='ltr'><strong>cogitare</strong></span> <span class='ocrx_word' id='word_1_92' title='bbox 1139 1039 1283 1108; x_wconf 87' lang='lat' dir='ltr'><strong>debemus,</strong></span> <span class='ocrx_word' id='word_1_93' title='bbox 1317 1036 1383 1109; x_wconf 88' lang='lat' dir='ltr'><strong>quid</strong></span> <span class='ocrx_word' id='word_1_94' title='bbox 1418 1035 1548 1093; x_wconf 87' lang='lat' dir='ltr'><strong>faciemus</strong></span> <span class='ocrx_word' id='word_1_95' title='bbox 1574 1036 1601 1092; x_wconf 95' lang='lat' dir='ltr'><strong>in</strong></span> <span class='ocrx_word' id='word_1_96' title='bbox 1624 1037 1795 1096; x_wconf 73' lang='lat' dir='ltr'><strong>solemnitate</strong></span> 
     </span>
     <span class='ocr_line' id='line_1_8' title="bbox 141 1125 1796 1202; baseline 0.002 -20"><span class='ocrx_word' id='word_1_97' title='bbox 141 1141 210 1196; x_wconf 85' lang='lat' dir='ltr'><strong>nes;</strong></span> <span class='ocrx_word' id='word_1_98' title='bbox 233 1127 323 1199; x_wconf 88' lang='lat' dir='ltr'><strong>qnalia</strong></span> <span class='ocrx_word' id='word_1_99' title='bbox 346 1125 427 1182; x_wconf 88' lang='lat' dir='ltr'><strong>nobis</strong></span> <span class='ocrx_word' id='word_1_100' title='bbox 451 1126 568 1200; x_wconf 88' lang='lat' dir='ltr'><strong>vestigia</strong></span> <span class='ocrx_word' id='word_1_101' title='bbox 587 1128 774 1202; x_wconf 77' lang='lat' dir='ltr'><strong>dereliquerit,</strong></span> <span class='ocrx_word' id='word_1_102' title='bbox 808 1129 893 1188; x_wconf 73' lang='lat'><strong>988</strong></span> <span class='ocrx_word' id='word_1_103' title='bbox 913 1140 944 1186; x_wconf 91' lang='lat' dir='ltr'><strong>ut</strong></span> <span class='ocrx_word' id='word_1_104' title='bbox 997 1137 1153 1187; x_wconf 87' lang='lat' dir='ltr'><strong>sanctorum</strong></span> <span class='ocrx_word' id='word_1_105' title='bbox 1176 1135 1205 1185; x_wconf 92' lang='lat' dir='ltr'><strong>et</strong></span> <span class='ocrx_word' id='word_1_106' title='bbox 1226 1142 1395 1184; x_wconf 90' lang='lat' dir='ltr'><strong>summorum</strong></span> <span class='ocrx_word' id='word_1_107' title='bbox 1416 1125 1632 1197; x_wconf 74' lang='lat' dir='ltr'><strong>Apostolorum?</strong></span> <span class='ocrx_word' id='word_1_108' title='bbox 1646 1127 1753 1185; x_wconf 88' lang='lat' dir='ltr'><strong>Petrum</strong></span> <span class='ocrx_word' id='word_1_109' title='bbox 1768 1136 1796 1186; x_wconf 90' lang='lat' dir='ltr'><strong>et</strong></span> 
     </span>
     <span class='ocr_line' id='line_1_9' title="bbox 140 1213 1795 1290; baseline 0.001 -21"><span class='ocrx_word' id='word_1_110' title='bbox 140 1217 312 1272; x_wconf 88' lang='lat' dir='ltr'><strong>ambulemus</strong></span> <span class='ocrx_word' id='word_1_111' title='bbox 330 1231 380 1286; x_wconf 92' lang='lat' dir='ltr'><strong>per</strong></span> <span class='ocrx_word' id='word_1_112' title='bbox 395 1230 438 1282; x_wconf 87' lang='lat' dir='ltr'><strong>ea,</strong></span> <span class='ocrx_word' id='word_1_113' title='bbox 457 1223 485 1272; x_wconf 89' lang='lat' dir='ltr'><strong>et</strong></span> <span class='ocrx_word' id='word_1_114' title='bbox 512 1232 567 1273; x_wconf 88' lang='lat' dir='ltr'><strong>non</strong></span> <span class='ocrx_word' id='word_1_115' title='bbox 589 1233 713 1276; x_wconf 89' lang='lat' dir='ltr'><strong>erremus</strong></span> <span class='ocrx_word' id='word_1_116' title='bbox 739 1218 837 1278; x_wconf 90' lang='lat' dir='ltr'><strong>ineis.</strong></span> <span class='ocrx_word' id='word_1_117' title='bbox 861 1219 942 1289; x_wconf 85' lang='lat' dir='ltr'><strong>Vere,</strong></span> <span class='ocrx_word' id='word_1_118' title='bbox 996 1218 1107 1275; x_wconf 87' lang='lat' dir='ltr'><strong>Paulum</strong></span> <span class='ocrx_word' id='word_1_119' title='bbox 1129 1217 1235 1290; x_wconf 85' lang='lat' dir='ltr'><strong>loquar.</strong></span> <span class='ocrx_word' id='word_1_120' title='bbox 1259 1215 1403 1272; x_wconf 75' lang='lat' dir='ltr'><strong>sufficeret</strong></span> <span class='ocrx_word' id='word_1_121' title='bbox 1431 1215 1510 1270; x_wconf 89' lang='lat' dir='ltr'><strong>unius</strong></span> <span class='ocrx_word' id='word_1_122' title='bbox 1540 1213 1673 1272; x_wconf 84' lang='lat' dir='ltr'><strong>festivitas</strong></span> <span class='ocrx_word' id='word_1_123' title='bbox 1696 1215 1730 1270; x_wconf 88' lang='lat' dir='ltr'><strong>ad</strong></span> <span class='ocrx_word' id='word_1_124' title='bbox 1752 1213 1795 1270; x_wconf 92' lang='lat' dir='ltr'><strong>in-</strong></span> 
     </span>
     <span class='ocr_line' id='line_1_10' title="bbox 139 1302 1793 1378; baseline -0.001 -18"><span class='ocrx_word' id='word_1_125' title='bbox 139 1305 218 1374; x_wconf 81' lang='lat' dir='ltr'><strong>jnxta</strong></span> <span class='ocrx_word' id='word_1_126' title='bbox 226 1305 514 1376; x_wconf 74' lang='lat' dir='ltr'><strong>propnetamsemtta</strong></span> <span class='ocrx_word' id='word_1_127' title='bbox 519 1308 597 1378; x_wconf 80' lang='lat' dir='ltr'><strong>justi</strong></span> <span class='ocrx_word' id='word_1_128' title='bbox 605 1313 683 1365; x_wconf 84' lang='lat' dir='ltr'><strong>recta</strong></span> <span class='ocrx_word' id='word_1_129' title='bbox 693 1313 744 1374; x_wconf 84' lang='lat' dir='ltr'><strong>cat,</strong></span> <span class='ocrx_word' id='word_1_130' title='bbox 755 1313 850 1366; x_wconf 84' lang='lat' dir='ltr'><strong>rectos</strong></span> <span class='ocrx_word' id='word_1_131' title='bbox 862 1309 943 1366; x_wconf 83' lang='lat' dir='ltr'><strong>cellis</strong></span> <span class='ocrx_word' id='word_1_132' title='bbox 996 1307 1163 1363; x_wconf 91' lang='lat' dir='ltr'><strong>fundendam</strong></span> <span class='ocrx_word' id='word_1_133' title='bbox 1184 1304 1393 1362; x_wconf 84' lang='lat' dir='ltr'><strong>exsultationem</strong></span> <span class='ocrx_word' id='word_1_134' title='bbox 1404 1302 1538 1360; x_wconf 87' lang='lat' dir='ltr'><strong>universae</strong></span> <span class='ocrx_word' id='word_1_135' title='bbox 1552 1311 1651 1360; x_wconf 86' lang='lat' dir='ltr'><strong>terrae:</strong></span> <span class='ocrx_word' id='word_1_136' title='bbox 1667 1303 1717 1360; x_wconf 90' lang='lat' dir='ltr'><strong>sed</strong></span> <span class='ocrx_word' id='word_1_137' title='bbox 1735 1318 1793 1362; x_wconf 85' lang='lat' dir='ltr'><strong>am·</strong></span> 
     </span>
     <span class='ocr_line' id='line_1_11' title="bbox 135 1391 1796 1468; baseline -0.001 -19"><span class='ocrx_word' id='word_1_138' title='bbox 135 1396 213 1465; x_wconf 73' lang='lat' dir='ltr'><strong>juttt&#39;</strong></span> <span class='ocrx_word' id='word_1_139' title='bbox 225 1395 261 1450; x_wconf 88' lang='lat' dir='ltr'><strong>od</strong></span> <span class='ocrx_word' id='word_1_140' title='bbox 275 1394 482 1452; x_wconf 79' lang='lat' dir='ltr'><strong>ambolandum</strong></span> <span class='ocrx_word' id='word_1_141' title='bbox 492 1395 569 1466; x_wconf 73' lang='lat' dir='ltr'><strong>flaui.</strong></span> <span class='ocrx_word' id='word_1_142' title='bbox 585 1411 665 1465; x_wconf 88' lang='grc' dir='ltr'>ιιιιιι,</span> <span class='ocrx_word' id='word_1_143' title='bbox 681 1399 721 1468; x_wconf 81' lang='lat'><strong>7).</strong></span> <span class='ocrx_word' id='word_1_144' title='bbox 996 1397 1093 1453; x_wconf 90' lang='lat' dir='ltr'><strong>borum</strong></span> <span class='ocrx_word' id='word_1_145' title='bbox 1105 1397 1199 1466; x_wconf 89' lang='lat' dir='ltr'><strong>juncta</strong></span> <span class='ocrx_word' id='word_1_146' title='bbox 1217 1402 1260 1454; x_wconf 91' lang='lat' dir='ltr'><strong>est</strong></span> <span class='ocrx_word' id='word_1_147' title='bbox 1276 1394 1311 1449; x_wconf 89' lang='lat' dir='ltr'><strong>ad</strong></span> <span class='ocrx_word' id='word_1_148' title='bbox 1332 1393 1469 1450; x_wconf 90' lang='lat' dir='ltr'><strong>cumulum</strong></span> <span class='ocrx_word' id='word_1_149' title='bbox 1490 1391 1661 1466; x_wconf 74' lang='lat' dir='ltr'><strong>gaudiorum,</strong></span> <span class='ocrx_word' id='word_1_150' title='bbox 1685 1399 1716 1448; x_wconf 93' lang='lat' dir='ltr'><strong>ut</strong></span> <span class='ocrx_word' id='word_1_151' title='bbox 1729 1409 1796 1466; x_wconf 90' lang='lat' dir='ltr'><strong>quo-</strong></span> 
     </span>
     <span class='ocr_line' id='line_1_12' title="bbox 177 1481 1794 1555; baseline 0 -18"><span class='ocrx_word' id='word_1_152' title='bbox 177 1486 204 1538; x_wconf 82' lang='lat'><strong>3.</strong></span> <span class='ocrx_word' id='word_1_153' title='bbox 222 1483 276 1538; x_wconf 87' lang='lat' dir='ltr'><strong>Sed</strong></span> <span class='ocrx_word' id='word_1_154' title='bbox 291 1488 320 1539; x_wconf 91' lang='lat' dir='ltr'><strong>et</strong></span> <span class='ocrx_word' id='word_1_155' title='bbox 333 1483 499 1555; x_wconf 76' lang='lat' dir='ltr'><strong>diligentiori</strong></span> <span class='ocrx_word' id='word_1_156' title='bbox 512 1483 612 1541; x_wconf 94' lang='lat' dir='ltr'><strong>intuitu</strong></span> <span class='ocrx_word' id='word_1_157' title='bbox 626 1486 812 1544; x_wconf 89' lang='lat' dir='ltr'><strong>cnnfusionem</strong></span> <span class='ocrx_word' id='word_1_158' title='bbox 822 1492 943 1542; x_wconf 87' lang='lat' dir='ltr'><strong>nostram</strong></span> <span class='ocrx_word' id='word_1_159' title='bbox 996 1484 1077 1540; x_wconf 92' lang='lat' dir='ltr'><strong>modo</strong></span> <span class='ocrx_word' id='word_1_160' title='bbox 1097 1483 1124 1540; x_wconf 92' lang='lat' dir='ltr'><strong>in</strong></span> <span class='ocrx_word' id='word_1_161' title='bbox 1144 1484 1198 1540; x_wconf 88' lang='lat' dir='ltr'><strong>vite</strong></span> <span class='ocrx_word' id='word_1_162' title='bbox 1216 1499 1265 1540; x_wconf 91' lang='lat' dir='ltr'><strong>sua</strong></span> <span class='ocrx_word' id='word_1_163' title='bbox 1289 1481 1444 1540; x_wconf 86' lang='lat' dir='ltr'><strong>dilexerunt</strong></span> <span class='ocrx_word' id='word_1_164' title='bbox 1464 1497 1504 1552; x_wconf 89' lang='lat' dir='ltr'><strong>se,</strong></span> <span class='ocrx_word' id='word_1_165' title='bbox 1527 1481 1565 1538; x_wconf 90' lang='lat' dir='ltr'><strong>ite</strong></span> <span class='ocrx_word' id='word_1_166' title='bbox 1582 1481 1611 1538; x_wconf 90' lang='lat' dir='ltr'><strong>in</strong></span> <span class='ocrx_word' id='word_1_167' title='bbox 1633 1489 1720 1538; x_wconf 88' lang='lat' dir='ltr'><strong>morte</strong></span> <span class='ocrx_word' id='word_1_168' title='bbox 1739 1497 1794 1538; x_wconf 88' lang='lat' dir='ltr'><strong>non</strong></span> 
     </span>
     <span class='ocr_line' id='line_1_13' title="bbox 140 1569 1794 1644; baseline -0.001 -16"><span class='ocrx_word' id='word_1_169' title='bbox 140 1571 336 1641; x_wconf 88' lang='lat' dir='ltr'><strong>inspiciamus:</strong></span> <span class='ocrx_word' id='word_1_170' title='bbox 354 1573 418 1644; x_wconf 90' lang='lat' dir='ltr'><strong>quie</strong></span> <span class='ocrx_word' id='word_1_171' title='bbox 431 1573 513 1629; x_wconf 91' lang='lat' dir='ltr'><strong>homo</strong></span> <span class='ocrx_word' id='word_1_172' title='bbox 531 1573 577 1630; x_wconf 91' lang='lat' dir='ltr'><strong>ille</strong></span> <span class='ocrx_word' id='word_1_173' title='bbox 603 1574 698 1630; x_wconf 90' lang='lat' dir='ltr'><strong>similis</strong></span> <span class='ocrx_word' id='word_1_174' title='bbox 711 1575 790 1631; x_wconf 90' lang='lat' dir='ltr'><strong>nobis</strong></span> <span class='ocrx_word' id='word_1_175' title='bbox 803 1573 853 1632; x_wconf 92' lang='lat' dir='ltr'><strong>fuit</strong></span> <span class='ocrx_word' id='word_1_176' title='bbox 876 1590 942 1644; x_wconf 89' lang='lat' dir='ltr'><strong>pas·</strong></span> <span class='ocrx_word' id='word_1_177' title='bbox 996 1573 1051 1628; x_wconf 89' lang='lat' dir='ltr'><strong>sint</strong></span> <span class='ocrx_word' id='word_1_178' title='bbox 1071 1571 1200 1643; x_wconf 87' lang='lat' dir='ltr'><strong>separati.</strong></span> <span class='ocrx_word' id='word_1_179' title='bbox 1228 1569 1298 1638; x_wconf 89' lang='lat' dir='ltr'><strong>Quid</strong></span> <span class='ocrx_word' id='word_1_180' title='bbox 1321 1571 1373 1627; x_wconf 93' lang='lat' dir='ltr'><strong>illis</strong></span> <span class='ocrx_word' id='word_1_181' title='bbox 1395 1570 1533 1643; x_wconf 90' lang='lat' dir='ltr'><strong>potentius</strong></span> <span class='ocrx_word' id='word_1_182' title='bbox 1551 1571 1616 1628; x_wconf 92' lang='lat' dir='ltr'><strong>dum</strong></span> <span class='ocrx_word' id='word_1_183' title='bbox 1633 1569 1742 1628; x_wconf 88' lang='lat' dir='ltr'><strong>fuerunt</strong></span> <span class='ocrx_word' id='word_1_184' title='bbox 1764 1570 1794 1626; x_wconf 92' lang='lat' dir='ltr'><strong>iu</strong></span> 
     </span>
     <span class='ocr_line' id='line_1_14' title="bbox 141 1659 1791 1736; baseline 0.001 -21"><span class='ocrx_word' id='word_1_185' title='bbox 141 1661 239 1728; x_wconf 89' lang='lat' dir='ltr'><strong>sibilis,</strong></span> <span class='ocrx_word' id='word_1_186' title='bbox 254 1677 287 1718; x_wconf 86' lang='lat' dir='ltr'><strong>et</strong></span> <span class='ocrx_word' id='word_1_187' title='bbox 300 1661 399 1718; x_wconf 89' lang='lat' dir='ltr'><strong>eodem</strong></span> <span class='ocrx_word' id='word_1_188' title='bbox 416 1662 473 1718; x_wconf 90' lang='lat' dir='ltr'><strong>luto</strong></span> <span class='ocrx_word' id='word_1_189' title='bbox 489 1662 620 1720; x_wconf 91' lang='lat' dir='ltr'><strong>formatus</strong></span> <span class='ocrx_word' id='word_1_190' title='bbox 635 1681 669 1720; x_wconf 85' lang='lat' dir='ltr'><strong>ex</strong></span> <span class='ocrx_word' id='word_1_191' title='bbox 683 1681 737 1736; x_wconf 82' lang='lat' dir='ltr'><strong>quo</strong></span> <span class='ocrx_word' id='word_1_192' title='bbox 748 1673 776 1722; x_wconf 89' lang='lat' dir='ltr'><strong>et</strong></span> <span class='ocrx_word' id='word_1_193' title='bbox 788 1678 854 1722; x_wconf 89' lang='lat' dir='ltr'><strong>nos:</strong></span> <span class='ocrx_word' id='word_1_194' title='bbox 870 1663 943 1734; x_wconf 83' lang='lat' dir='ltr'><strong>Quid</strong></span> <span class='ocrx_word' id='word_1_195' title='bbox 996 1661 1085 1730; x_wconf 87' lang='lat' dir='ltr'><strong>terris,</strong></span> <span class='ocrx_word' id='word_1_196' title='bbox 1102 1675 1217 1732; x_wconf 89' lang='lat' dir='ltr'><strong>quorum</strong></span> <span class='ocrx_word' id='word_1_197' title='bbox 1231 1659 1311 1717; x_wconf 89' lang='lat' dir='ltr'><strong>alteri</strong></span> <span class='ocrx_word' id='word_1_198' title='bbox 1336 1661 1479 1716; x_wconf 90' lang='lat' dir='ltr'><strong>traduntur</strong></span> <span class='ocrx_word' id='word_1_199' title='bbox 1502 1661 1591 1719; x_wconf 87' lang='lat' dir='ltr'><strong>claves</strong></span> <span class='ocrx_word' id='word_1_200' title='bbox 1610 1661 1689 1732; x_wconf 89' lang='lat' dir='ltr'><strong>regni</strong></span> <span class='ocrx_word' id='word_1_201' title='bbox 1708 1659 1791 1716; x_wconf 82' lang='lat' dir='ltr'><strong>coeln·</strong></span> 
     </span>
     <span class='ocr_line' id='line_1_15' title="bbox 142 1747 1794 1824; baseline -0.003 -17"><span class='ocrx_word' id='word_1_202' title='bbox 142 1766 213 1822; x_wconf 84' lang='lat' dir='ltr'><strong>ergo</strong></span> <span class='ocrx_word' id='word_1_203' title='bbox 228 1757 279 1820; x_wconf 90' lang='lat' dir='ltr'><strong>est,</strong></span> <span class='ocrx_word' id='word_1_204' title='bbox 295 1751 368 1822; x_wconf 90' lang='lat' dir='ltr'><strong>quod</strong></span> <span class='ocrx_word' id='word_1_205' title='bbox 382 1767 437 1808; x_wconf 88' lang='lat' dir='ltr'><strong>non</strong></span> <span class='ocrx_word' id='word_1_206' title='bbox 461 1752 549 1808; x_wconf 92' lang='lat' dir='ltr'><strong>solnm</strong></span> <span class='ocrx_word' id='word_1_207' title='bbox 572 1750 691 1820; x_wconf 89' lang='lat' dir='ltr'><strong>diltiolle,</strong></span> <span class='ocrx_word' id='word_1_208' title='bbox 709 1754 758 1810; x_wconf 87' lang='lat' dir='ltr'><strong>sed</strong></span> <span class='ocrx_word' id='word_1_209' title='bbox 772 1761 800 1810; x_wconf 92' lang='lat' dir='ltr'><strong>et</strong></span> <span class='ocrx_word' id='word_1_210' title='bbox 812 1752 942 1824; x_wconf 89' lang='lat' dir='ltr'><strong>impossi-</strong></span> <span class='ocrx_word' id='word_1_211' title='bbox 997 1766 1066 1818; x_wconf 88' lang='lat' dir='ltr'><strong>rum,</strong></span> <span class='ocrx_word' id='word_1_212' title='bbox 1083 1749 1161 1805; x_wconf 89' lang='lat' dir='ltr'><strong>alteri</strong></span> <span class='ocrx_word' id='word_1_213' title='bbox 1181 1748 1366 1822; x_wconf 87' lang='lat' dir='ltr'><strong>magisterium</strong></span> <span class='ocrx_word' id='word_1_214' title='bbox 1394 1748 1523 1804; x_wconf 88' lang='lat' dir='ltr'><strong>Gentium</strong></span> <span class='ocrx_word' id='word_1_215' title='bbox 1544 1765 1551 1804; x_wconf 90' lang='grc'>;</span> <span class='ocrx_word' id='word_1_216' title='bbox 1579 1749 1648 1805; x_wconf 89' lang='lat' dir='ltr'><strong>alter</strong></span> <span class='ocrx_word' id='word_1_217' title='bbox 1661 1747 1794 1804; x_wconf 82' lang='lat' dir='ltr'><strong>Ananiam</strong></span> 
     </span>
     <span class='ocr_line' id='line_1_16' title="bbox 143 1836 1795 1914; baseline -0.001 -20"><span class='ocrx_word' id='word_1_218' title='bbox 143 1840 199 1896; x_wconf 93' lang='lat' dir='ltr'><strong>bile</strong></span> <span class='ocrx_word' id='word_1_219' title='bbox 219 1840 365 1906; x_wconf 88' lang='lat' dir='ltr'><strong>eredimus,</strong></span> <span class='ocrx_word' id='word_1_220' title='bbox 379 1847 410 1896; x_wconf 94' lang='lat' dir='ltr'><strong>ut</strong></span> <span class='ocrx_word' id='word_1_221' title='bbox 428 1841 559 1896; x_wconf 88' lang='lat' dir='ltr'><strong>faciamus</strong></span> <span class='ocrx_word' id='word_1_222' title='bbox 577 1857 662 1913; x_wconf 90' lang='lat' dir='ltr'><strong>opera</strong></span> <span class='ocrx_word' id='word_1_223' title='bbox 680 1859 741 1914; x_wconf 85' lang='lat' dir='ltr'><strong>qnae</strong></span> <span class='ocrx_word' id='word_1_224' title='bbox 762 1843 837 1909; x_wconf 87' lang='lat' dir='ltr'><strong>fecit,</strong></span> <span class='ocrx_word' id='word_1_225' title='bbox 850 1849 880 1897; x_wconf 91' lang='lat' dir='ltr'><strong>ut</strong></span> <span class='ocrx_word' id='word_1_226' title='bbox 893 1858 941 1898; x_wconf 86' lang='lat' dir='ltr'><strong>se-</strong></span> <span class='ocrx_word' id='word_1_227' title='bbox 996 1847 1024 1894; x_wconf 89' lang='lat' dir='ltr'><strong>et</strong></span> <span class='ocrx_word' id='word_1_228' title='bbox 1037 1837 1197 1910; x_wconf 81' lang='lat' dir='ltr'><strong>Sappbiram</strong></span> <span class='ocrx_word' id='word_1_229' title='bbox 1211 1836 1309 1894; x_wconf 86' lang='lat' dir='ltr'><strong>occidit</strong></span> <span class='ocrx_word' id='word_1_230' title='bbox 1331 1837 1361 1892; x_wconf 91' lang='lat' dir='ltr'><strong>in</strong></span> <span class='ocrx_word' id='word_1_231' title='bbox 1374 1837 1465 1896; x_wconf 91' lang='lat' dir='ltr'><strong>verbis</strong></span> <span class='ocrx_word' id='word_1_232' title='bbox 1487 1838 1543 1894; x_wconf 88' lang='lat' dir='ltr'><strong>oris</strong></span> <span class='ocrx_word' id='word_1_233' title='bbox 1560 1838 1612 1904; x_wconf 89' lang='lat' dir='ltr'><strong>sui,</strong></span> <span class='ocrx_word' id='word_1_234' title='bbox 1628 1837 1697 1894; x_wconf 90' lang='lat' dir='ltr'><strong>alter</strong></span> <span class='ocrx_word' id='word_1_235' title='bbox 1711 1838 1795 1894; x_wconf 89' lang='lat' dir='ltr'><strong>donat</strong></span> 
     </span>
     <span class='ocr_line' id='line_1_17' title="bbox 140 1917 1792 2001; baseline -0.003 -17"><span class='ocrx_word' id='word_1_236' title='bbox 140 1945 257 2000; x_wconf 88' lang='lat' dir='ltr'><strong>quamur</strong></span> <span class='ocrx_word' id='word_1_237' title='bbox 279 1929 395 2001; x_wconf 86' lang='lat' dir='ltr'><strong>vestigia</strong></span> <span class='ocrx_word' id='word_1_238' title='bbox 417 1931 503 2001; x_wconf 81' lang='lat' dir='ltr'><strong>ejus?</strong></span> <span class='ocrx_word' id='word_1_239' title='bbox 534 1930 748 1997; x_wconf 85' lang='lat' dir='ltr'><strong>Confundemur,</strong></span> <span class='ocrx_word' id='word_1_240' title='bbox 778 1931 886 2000; x_wconf 91' lang='lat' dir='ltr'><strong>fratres,</strong></span> <span class='ocrx_word' id='word_1_241' title='bbox 913 1939 941 1988; x_wconf 91' lang='lat' dir='ltr'><strong>et</strong></span> <span class='ocrx_word' id='word_1_242' title='bbox 957 1917 980 1996; x_wconf 79' lang='grc' dir='ltr'><strong>Β</strong></span> <span class='ocrx_word' id='word_1_243' title='bbox 995 1927 1126 1999; x_wconf 87' lang='lat' dir='ltr'><strong>quidquid</strong></span> <span class='ocrx_word' id='word_1_244' title='bbox 1142 1926 1226 1983; x_wconf 89' lang='lat' dir='ltr'><strong>donat</strong></span> <span class='ocrx_word' id='word_1_245' title='bbox 1238 1926 1266 1980; x_wconf 90' lang='lat' dir='ltr'><strong>in</strong></span> <span class='ocrx_word' id='word_1_246' title='bbox 1282 1940 1399 1996; x_wconf 88' lang='lat' dir='ltr'><strong>persona</strong></span> <span class='ocrx_word' id='word_1_247' title='bbox 1422 1925 1538 1996; x_wconf 76' lang='lat' dir='ltr'><strong>Christi,</strong></span> <span class='ocrx_word' id='word_1_248' title='bbox 1555 1934 1583 1982; x_wconf 93' lang='lat' dir='ltr'><strong>et</strong></span> <span class='ocrx_word' id='word_1_249' title='bbox 1592 1942 1654 1982; x_wconf 90' lang='lat' dir='ltr'><strong>cum</strong></span> <span class='ocrx_word' id='word_1_250' title='bbox 1668 1925 1792 1982; x_wconf 86' lang='lat' dir='ltr'><strong>infirma-</strong></span> 
     </span>
     <span class='ocr_line' id='line_1_18' title="bbox 141 2013 1794 2088; baseline -0.003 -15"><span class='ocrx_word' id='word_1_251' title='bbox 141 2017 386 2074; x_wconf 88' lang='lat' dir='ltr'><strong>contremiseamus</strong></span> <span class='ocrx_word' id='word_1_252' title='bbox 420 2018 455 2072; x_wconf 89' lang='lat' dir='ltr'><strong>ad</strong></span> <span class='ocrx_word' id='word_1_253' title='bbox 492 2034 586 2074; x_wconf 91' lang='lat' dir='ltr'><strong>vocem</strong></span> <span class='ocrx_word' id='word_1_254' title='bbox 621 2019 711 2088; x_wconf 88' lang='lat' dir='ltr'><strong>istem,</strong></span> <span class='ocrx_word' id='word_1_255' title='bbox 740 2020 763 2076; x_wconf 89' lang='lat' dir='ltr'><strong>si</strong></span> <span class='ocrx_word' id='word_1_256' title='bbox 784 2019 855 2076; x_wconf 91' lang='lat' dir='ltr'><strong>forte</strong></span> <span class='ocrx_word' id='word_1_257' title='bbox 882 2020 941 2076; x_wconf 76' lang='lat' dir='ltr'><strong>bec</strong></span> <span class='ocrx_word' id='word_1_258' title='bbox 996 2026 1048 2085; x_wconf 87' lang='lat' dir='ltr'><strong>tur,</strong></span> <span class='ocrx_word' id='word_1_259' title='bbox 1069 2023 1133 2072; x_wconf 92' lang='lat' dir='ltr'><strong>tunc</strong></span> <span class='ocrx_word' id='word_1_260' title='bbox 1147 2014 1242 2071; x_wconf 80' lang='lat' dir='ltr'><strong>fortior</strong></span> <span class='ocrx_word' id='word_1_261' title='bbox 1264 2022 1307 2076; x_wconf 89' lang='lat' dir='ltr'><strong>est</strong></span> <span class='ocrx_word' id='word_1_262' title='bbox 1323 2022 1351 2070; x_wconf 91' lang='lat' dir='ltr'><strong>et</strong></span> <span class='ocrx_word' id='word_1_263' title='bbox 1374 2015 1494 2086; x_wconf 80' lang='lat' dir='ltr'><strong>potens?</strong></span> <span class='ocrx_word' id='word_1_264' title='bbox 1519 2013 1605 2084; x_wconf 85' lang='lat' dir='ltr'><strong>Quam</strong></span> <span class='ocrx_word' id='word_1_265' title='bbox 1624 2014 1794 2086; x_wconf 87' lang='lat' dir='ltr'><strong>potentiores</strong></span> 
     </span>
     <span class='ocr_line' id='line_1_19' title="bbox 141 2101 1791 2181; baseline -0.005 -18"><span class='ocrx_word' id='word_1_266' title='bbox 141 2106 267 2163; x_wconf 86' lang='lat' dir='ltr'><strong>confusio</strong></span> <span class='ocrx_word' id='word_1_267' title='bbox 295 2107 412 2163; x_wconf 89' lang='lat' dir='ltr'><strong>adducet</strong></span> <span class='ocrx_word' id='word_1_268' title='bbox 434 2107 513 2164; x_wconf 87' lang='lat' dir='ltr'><strong>nobis</strong></span> <span class='ocrx_word' id='word_1_269' title='bbox 534 2107 659 2181; x_wconf 88' lang='lat' dir='ltr'><strong>gloriam,</strong></span> <span class='ocrx_word' id='word_1_270' title='bbox 683 2109 706 2164; x_wconf 89' lang='lat' dir='ltr'><strong>si</strong></span> <span class='ocrx_word' id='word_1_271' title='bbox 728 2108 799 2164; x_wconf 91' lang='lat' dir='ltr'><strong>forte</strong></span> <span class='ocrx_word' id='word_1_272' title='bbox 826 2118 941 2180; x_wconf 88' lang='lat' dir='ltr'><strong>generat</strong></span> <span class='ocrx_word' id='word_1_273' title='bbox 995 2113 1058 2162; x_wconf 88' lang='grc' dir='ltr'>ιιιιιι</span> <span class='ocrx_word' id='word_1_274' title='bbox 1077 2105 1198 2172; x_wconf 77' lang='lat' dir='ltr'><strong>incaelis,</strong></span> <span class='ocrx_word' id='word_1_275' title='bbox 1214 2105 1261 2176; x_wconf 86' lang='lat' dir='ltr'><strong>qui</strong></span> <span class='ocrx_word' id='word_1_276' title='bbox 1288 2111 1343 2160; x_wconf 90' lang='lat' dir='ltr'><strong>tam</strong></span> <span class='ocrx_word' id='word_1_277' title='bbox 1367 2111 1494 2175; x_wconf 87' lang='lat' dir='ltr'><strong>potentes</strong></span> <span class='ocrx_word' id='word_1_278' title='bbox 1519 2101 1630 2158; x_wconf 89' lang='lat' dir='ltr'><strong>fuerunt</strong></span> <span class='ocrx_word' id='word_1_279' title='bbox 1649 2102 1678 2158; x_wconf 91' lang='lat' dir='ltr'><strong>in</strong></span> <span class='ocrx_word' id='word_1_280' title='bbox 1692 2101 1791 2160; x_wconf 89' lang='lat' dir='ltr'><strong>terrisl</strong></span> 
     </span>
     <span class='ocr_line' id='line_1_20' title="bbox 140 2193 1793 2268; baseline -0.003 -17"><span class='ocrx_word' id='word_1_281' title='bbox 140 2195 259 2267; x_wconf 90' lang='lat' dir='ltr'><strong>gratiam</strong></span> <span class='ocrx_word' id='word_1_282' title='bbox 282 2195 361 2253; x_wconf 90' lang='lat' dir='ltr'><strong>nobis</strong></span> <span class='ocrx_word' id='word_1_283' title='bbox 382 2196 462 2252; x_wconf 78' lang='lat' dir='ltr'><strong>umor</strong></span> <span class='ocrx_word' id='word_1_284' title='bbox 475 2197 537 2252; x_wconf 89' lang='lat' dir='ltr'><strong>iste.</strong></span> <span class='ocrx_word' id='word_1_285' title='bbox 563 2197 693 2254; x_wconf 88' lang='lat' dir='ltr'><strong>Homines</strong></span> <span class='ocrx_word' id='word_1_286' title='bbox 707 2197 752 2254; x_wconf 90' lang='lat' dir='ltr'><strong>isti</strong></span> <span class='ocrx_word' id='word_1_287' title='bbox 766 2197 878 2254; x_wconf 90' lang='lat' dir='ltr'><strong>fuerunt</strong></span> <span class='ocrx_word' id='word_1_288' title='bbox 892 2198 939 2268; x_wconf 88' lang='lat' dir='ltr'><strong>qui</strong></span> <span class='ocrx_word' id='word_1_289' title='bbox 993 2194 1028 2250; x_wconf 87' lang='lat' dir='ltr'><strong>Et</strong></span> <span class='ocrx_word' id='word_1_290' title='bbox 1049 2193 1096 2266; x_wconf 87' lang='lat' dir='ltr'><strong>qni</strong></span> <span class='ocrx_word' id='word_1_291' title='bbox 1124 2193 1204 2250; x_wconf 90' lang='lat' dir='ltr'><strong>nobis</strong></span> <span class='ocrx_word' id='word_1_292' title='bbox 1226 2193 1396 2264; x_wconf 89' lang='lat' dir='ltr'><strong>reliquerunt</strong></span> <span class='ocrx_word' id='word_1_293' title='bbox 1424 2194 1527 2264; x_wconf 88' lang='lat' dir='ltr'><strong>majora</strong></span> <span class='ocrx_word' id='word_1_294' title='bbox 1548 2193 1683 2263; x_wconf 88' lang='lat' dir='ltr'><strong>exempla,</strong></span> <span class='ocrx_word' id='word_1_295' title='bbox 1711 2205 1793 2264; x_wconf 87' lang='lat' dir='ltr'><strong>quam</strong></span> 
     </span>
     <span class='ocr_line' id='line_1_21' title="bbox 140 2279 1794 2358; baseline -0.004 -18"><span class='ocrx_word' id='word_1_296' title='bbox 140 2292 340 2354; x_wconf 78' lang='lat' dir='ltr'><strong>precesserunt</strong></span> <span class='ocrx_word' id='word_1_297' title='bbox 358 2299 417 2352; x_wconf 85' lang='lat' dir='ltr'><strong>nos,</strong></span> <span class='ocrx_word' id='word_1_298' title='bbox 434 2285 481 2358; x_wconf 92' lang='lat' dir='ltr'><strong>qui</strong></span> <span class='ocrx_word' id='word_1_299' title='bbox 495 2293 551 2342; x_wconf 80' lang='grc' dir='ltr'>ιιιιι</span> <span class='ocrx_word' id='word_1_300' title='bbox 564 2286 728 2342; x_wconf 89' lang='lat' dir='ltr'><strong>mirabiliter</strong></span> <span class='ocrx_word' id='word_1_301' title='bbox 745 2293 939 2358; x_wconf 90' lang='lat' dir='ltr'><strong>processerunt</strong></span> <span class='ocrx_word' id='word_1_302' title='bbox 992 2282 1091 2354; x_wconf 90' lang='lat' dir='ltr'><strong>illiqui</strong></span> <span class='ocrx_word' id='word_1_303' title='bbox 1108 2281 1222 2338; x_wconf 91' lang='lat' dir='ltr'><strong>infame</strong></span> <span class='ocrx_word' id='word_1_304' title='bbox 1241 2281 1336 2349; x_wconf 91' lang='lat' dir='ltr'><strong>etsiti,</strong></span> <span class='ocrx_word' id='word_1_305' title='bbox 1356 2279 1502 2353; x_wconf 83' lang='lat' dir='ltr'><strong>infrigere</strong></span> <span class='ocrx_word' id='word_1_306' title='bbox 1531 2287 1558 2336; x_wconf 93' lang='lat' dir='ltr'><strong>et</strong></span> <span class='ocrx_word' id='word_1_307' title='bbox 1575 2280 1708 2346; x_wconf 93' lang='lat' dir='ltr'><strong>nuditate,</strong></span> <span class='ocrx_word' id='word_1_308' title='bbox 1724 2279 1794 2336; x_wconf 93' lang='lat' dir='ltr'><strong>etin</strong></span> 
     </span>
     <span class='ocr_line' id='line_1_22' title="bbox 139 2368 1796 2444; baseline -0.001 -16"><span class='ocrx_word' id='word_1_309' title='bbox 139 2387 191 2444; x_wconf 85' lang='lat' dir='ltr'><strong>per</strong></span> <span class='ocrx_word' id='word_1_310' title='bbox 203 2373 262 2428; x_wconf 91' lang='lat' dir='ltr'><strong>vias</strong></span> <span class='ocrx_word' id='word_1_311' title='bbox 274 2374 348 2440; x_wconf 86' lang='lat' dir='ltr'><strong>vitae,</strong></span> <span class='ocrx_word' id='word_1_312' title='bbox 363 2381 394 2430; x_wconf 90' lang='lat' dir='ltr'><strong>nt</strong></span> <span class='ocrx_word' id='word_1_313' title='bbox 415 2374 460 2432; x_wconf 88' lang='lat' dir='ltr'><strong>vix</strong></span> <span class='ocrx_word' id='word_1_314' title='bbox 478 2391 527 2432; x_wconf 90' lang='lat' dir='ltr'><strong>eos</strong></span> <span class='ocrx_word' id='word_1_315' title='bbox 544 2376 668 2434; x_wconf 87' lang='lat' dir='ltr'><strong>homines</strong></span> <span class='ocrx_word' id='word_1_316' title='bbox 682 2375 764 2432; x_wconf 89' lang='lat' dir='ltr'><strong>fuisse</strong></span> <span class='ocrx_word' id='word_1_317' title='bbox 781 2374 938 2432; x_wconf 89' lang='lat' dir='ltr'><strong>credemus.</strong></span> <span class='ocrx_word' id='word_1_318' title='bbox 993 2371 1119 2428; x_wconf 88' lang='lat' dir='ltr'><strong>omnibus</strong></span> <span class='ocrx_word' id='word_1_319' title='bbox 1133 2369 1184 2427; x_wconf 92' lang='lat' dir='ltr'><strong>illis</strong></span> <span class='ocrx_word' id='word_1_320' title='bbox 1199 2385 1260 2442; x_wconf 85' lang='lat' dir='ltr'><strong>quae</strong></span> <span class='ocrx_word' id='word_1_321' title='bbox 1274 2370 1372 2426; x_wconf 90' lang='lat' dir='ltr'><strong>Paulus</strong></span> <span class='ocrx_word' id='word_1_322' title='bbox 1386 2377 1528 2426; x_wconf 87' lang='lat' dir='ltr'><strong>enumerat</strong></span> <span class='ocrx_word' id='word_1_323' title='bbox 1542 2368 1580 2439; x_wconf 85' lang='lat' dir='ltr'><strong>(ll</strong></span> <span class='ocrx_word' id='word_1_324' title='bbox 1597 2371 1658 2426; x_wconf 85' lang='lat' dir='ltr'><strong>Cor.</strong></span> <span class='ocrx_word' id='word_1_325' title='bbox 1688 2385 1729 2438; x_wconf 89' lang='grc' dir='ltr'>ιιι,</span> <span class='ocrx_word' id='word_1_326' title='bbox 1745 2373 1796 2426; x_wconf 72' lang='grc'><strong>23-</strong></span> 
     </span>
     <span class='ocr_line' id='line_1_23' title="bbox 139 2457 1794 2538; baseline 0.001 -24"><span class='ocrx_word' id='word_1_327' title='bbox 139 2459 185 2517; x_wconf 86' lang='lat' dir='ltr'><strong>Sic</strong></span> <span class='ocrx_word' id='word_1_328' title='bbox 208 2476 275 2533; x_wconf 88' lang='lat' dir='ltr'><strong>ergo</strong></span> <span class='ocrx_word' id='word_1_329' title='bbox 294 2463 323 2516; x_wconf 91' lang='lat' dir='ltr'><strong>in</strong></span> <span class='ocrx_word' id='word_1_330' title='bbox 343 2471 499 2520; x_wconf 87' lang='lat' dir='ltr'><strong>sanctorum</strong></span> <span class='ocrx_word' id='word_1_331' title='bbox 523 2463 714 2522; x_wconf 82' lang='lat' dir='ltr'><strong>festivitatibus</strong></span> <span class='ocrx_word' id='word_1_332' title='bbox 733 2472 761 2520; x_wconf 92' lang='lat' dir='ltr'><strong>et</strong></span> <span class='ocrx_word' id='word_1_333' title='bbox 774 2463 895 2538; x_wconf 82' lang='lat' dir='ltr'><strong>gandera</strong></span> <span class='ocrx_word' id='word_1_334' title='bbox 911 2469 940 2520; x_wconf 93' lang='lat' dir='ltr'><strong>at</strong></span> <span class='ocrx_word' id='word_1_335' title='bbox 994 2463 1045 2531; x_wconf 76' lang='lat'><strong>333</strong></span> <span class='ocrx_word' id='word_1_336' title='bbox 1062 2459 1146 2520; x_wconf 84' lang='lat' dir='ltr'><strong>flcbr.</strong></span> <span class='ocrx_word' id='word_1_337' title='bbox 1163 2475 1201 2520; x_wconf 84' lang='lat' dir='ltr'><strong>xv.</strong></span> <span class='ocrx_word' id='word_1_338' title='bbox 1218 2459 1330 2530; x_wconf 83' lang='grc'>36-38),</span> <span class='ocrx_word' id='word_1_339' title='bbox 1344 2457 1446 2530; x_wconf 75' lang='lat' dir='ltr'><strong>iugiter</strong></span> <span class='ocrx_word' id='word_1_340' title='bbox 1459 2463 1522 2514; x_wconf 90' lang='lat' dir='ltr'><strong>sunt</strong></span> <span class='ocrx_word' id='word_1_341' title='bbox 1535 2457 1628 2514; x_wconf 84' lang='lat' dir='ltr'><strong>afflicti</strong></span> <span class='ocrx_word' id='word_1_342' title='bbox 1641 2466 1669 2513; x_wconf 91' lang='lat' dir='ltr'><strong>et</strong></span> <span class='ocrx_word' id='word_1_343' title='bbox 1683 2459 1794 2516; x_wconf 91' lang='lat' dir='ltr'><strong>demum</strong></span> 
     </span>
     <span class='ocr_line' id='line_1_24' title="bbox 139 2545 1793 2625; baseline 0.001 -22"><span class='ocrx_word' id='word_1_344' title='bbox 139 2548 269 2606; x_wconf 92' lang='lat' dir='ltr'><strong>confundi</strong></span> <span class='ocrx_word' id='word_1_345' title='bbox 282 2551 431 2609; x_wconf 90' lang='lat' dir='ltr'><strong>debemus:</strong></span> <span class='ocrx_word' id='word_1_346' title='bbox 453 2554 585 2625; x_wconf 86' lang='lat' dir='ltr'><strong>gaudere,</strong></span> <span class='ocrx_word' id='word_1_347' title='bbox 603 2554 666 2624; x_wconf 83' lang='lat' dir='ltr'><strong>quia</strong></span> <span class='ocrx_word' id='word_1_348' title='bbox 680 2560 810 2625; x_wconf 88' lang='lat' dir='ltr'><strong>patronos</strong></span> <span class='ocrx_word' id='word_1_349' title='bbox 824 2551 936 2624; x_wconf 78' lang='lat' dir='ltr'><strong>premi·</strong></span> <span class='ocrx_word' id='word_1_350' title='bbox 993 2547 1067 2604; x_wconf 88' lang='lat' dir='ltr'><strong>felici</strong></span> <span class='ocrx_word' id='word_1_351' title='bbox 1081 2547 1210 2620; x_wconf 79' lang='lat' dir='ltr'><strong>martyrio</strong></span> <span class='ocrx_word' id='word_1_352' title='bbox 1227 2563 1313 2617; x_wconf 83' lang='lat' dir='ltr'><strong>regne</strong></span> <span class='ocrx_word' id='word_1_353' title='bbox 1326 2546 1449 2604; x_wconf 75' lang='lat' dir='ltr'><strong>caelestia</strong></span> <span class='ocrx_word' id='word_1_354' title='bbox 1463 2545 1706 2604; x_wconf 75' lang='lat' dir='ltr'><strong>conscenderunt?</strong></span> <span class='ocrx_word' id='word_1_355' title='bbox 1721 2547 1793 2604; x_wconf 90' lang='lat' dir='ltr'><strong>llere</strong></span> 
     </span>
     <span class='ocr_line' id='line_1_25' title="bbox 137 2633 1793 2712; baseline -0.001 -19"><span class='ocrx_word' id='word_1_356' title='bbox 137 2637 239 2707; x_wconf 86' lang='lat' dir='ltr'><strong>simns;</strong></span> <span class='ocrx_word' id='word_1_357' title='bbox 255 2638 394 2707; x_wconf 87' lang='lat' dir='ltr'><strong>confundi,</strong></span> <span class='ocrx_word' id='word_1_358' title='bbox 423 2642 487 2712; x_wconf 89' lang='lat' dir='ltr'><strong>qnia</strong></span> <span class='ocrx_word' id='word_1_359' title='bbox 510 2658 558 2698; x_wconf 91' lang='lat' dir='ltr'><strong>eos</strong></span> <span class='ocrx_word' id='word_1_360' title='bbox 581 2641 681 2698; x_wconf 89' lang='lat' dir='ltr'><strong>imitari</strong></span> <span class='ocrx_word' id='word_1_361' title='bbox 702 2656 757 2698; x_wconf 88' lang='lat' dir='ltr'><strong>non</strong></span> <span class='ocrx_word' id='word_1_362' title='bbox 782 2656 936 2712; x_wconf 88' lang='lat' dir='ltr'><strong>possumus.</strong></span> <span class='ocrx_word' id='word_1_363' title='bbox 993 2635 1171 2694; x_wconf 86' lang='lat' dir='ltr'><strong>nobisrubor</strong></span> <span class='ocrx_word' id='word_1_364' title='bbox 1193 2634 1360 2692; x_wconf 85' lang='lat' dir='ltr'><strong>confusionis</strong></span> <span class='ocrx_word' id='word_1_365' title='bbox 1384 2640 1457 2701; x_wconf 92' lang='lat' dir='ltr'><strong>sunt,</strong></span> <span class='ocrx_word' id='word_1_366' title='bbox 1482 2649 1551 2706; x_wconf 86' lang='lat' dir='ltr'><strong>quos</strong></span> <span class='ocrx_word' id='word_1_367' title='bbox 1573 2633 1617 2692; x_wconf 87' lang='lat' dir='ltr'><strong>vix</strong></span> <span class='ocrx_word' id='word_1_368' title='bbox 1645 2635 1793 2694; x_wconf 77' lang='lat' dir='ltr'><strong>audeamus</strong></span> 
     </span>
     <span class='ocr_line' id='line_1_26' title="bbox 138 2722 1794 2800; baseline 0.001 -20"><span class='ocrx_word' id='word_1_369' title='bbox 138 2727 182 2780; x_wconf 86' lang='lat' dir='ltr'><strong>lta</strong></span> <span class='ocrx_word' id='word_1_370' title='bbox 192 2741 304 2798; x_wconf 87' lang='lat' dir='ltr'><strong>semper</strong></span> <span class='ocrx_word' id='word_1_371' title='bbox 320 2729 449 2798; x_wconf 87' lang='lat' dir='ltr'><strong>gaudium</strong></span> <span class='ocrx_word' id='word_1_372' title='bbox 471 2738 592 2786; x_wconf 91' lang='lat' dir='ltr'><strong>nostrum</strong></span> <span class='ocrx_word' id='word_1_373' title='bbox 606 2731 635 2786; x_wconf 91' lang='lat' dir='ltr'><strong>in</strong></span> <span class='ocrx_word' id='word_1_374' title='bbox 649 2731 700 2786; x_wconf 90' lang='lat' dir='ltr'><strong>bac</strong></span> <span class='ocrx_word' id='word_1_375' title='bbox 723 2730 791 2786; x_wconf 90' lang='lat' dir='ltr'><strong>valle</strong></span> <span class='ocrx_word' id='word_1_376' title='bbox 805 2729 939 2800; x_wconf 84' lang='lat' dir='ltr'><strong>lacryma·</strong></span> <span class='ocrx_word' id='word_1_377' title='bbox 993 2724 1142 2796; x_wconf 87' lang='lat' dir='ltr'><strong>respicere,</strong></span> <span class='ocrx_word' id='word_1_378' title='bbox 1158 2739 1194 2780; x_wconf 91' lang='lat' dir='ltr'><strong>ne</strong></span> <span class='ocrx_word' id='word_1_379' title='bbox 1214 2722 1303 2780; x_wconf 89' lang='lat' dir='ltr'><strong>dicam</strong></span> <span class='ocrx_word' id='word_1_380' title='bbox 1329 2722 1438 2780; x_wconf 86' lang='lat' dir='ltr'><strong>imitari.</strong></span> <span class='ocrx_word' id='word_1_381' title='bbox 1464 2723 1580 2780; x_wconf 90' lang='lat' dir='ltr'><strong>Oremus</strong></span> <span class='ocrx_word' id='word_1_382' title='bbox 1607 2737 1673 2794; x_wconf 89' lang='lat' dir='ltr'><strong>ergo</strong></span> <span class='ocrx_word' id='word_1_383' title='bbox 1695 2738 1744 2780; x_wconf 87' lang='lat' dir='ltr'><strong>eos</strong></span> <span class='ocrx_word' id='word_1_384' title='bbox 1763 2731 1794 2780; x_wconf 88' lang='grc' dir='ltr'><strong>ιιι</strong></span> 
     </span>
     <span class='ocr_line' id='line_1_27' title="bbox 136 2809 1792 2889; baseline 0 -21"><span class='ocrx_word' id='word_1_385' title='bbox 136 2829 206 2880; x_wconf 91' lang='lat' dir='ltr'><strong>rum,</strong></span> <span class='ocrx_word' id='word_1_386' title='bbox 237 2816 419 2888; x_wconf 74' lang='lat' dir='ltr'><strong>lacrymarum</strong></span> <span class='ocrx_word' id='word_1_387' title='bbox 448 2833 519 2889; x_wconf 88' lang='lat' dir='ltr'><strong>pane</strong></span> <span class='ocrx_word' id='word_1_388' title='bbox 546 2818 651 2874; x_wconf 91' lang='lat' dir='ltr'><strong>condiri</strong></span> <span class='ocrx_word' id='word_1_389' title='bbox 673 2819 767 2882; x_wconf 84' lang='lat' dir='ltr'><strong>debet,</strong></span> <span class='ocrx_word' id='word_1_390' title='bbox 785 2825 815 2873; x_wconf 91' lang='lat' dir='ltr'><strong>ut</strong></span> <span class='ocrx_word' id='word_1_391' title='bbox 829 2832 939 2888; x_wconf 86' lang='lat' dir='ltr'><strong>semper</strong></span> <span class='ocrx_word' id='word_1_392' title='bbox 992 2813 1044 2886; x_wconf 93' lang='lat' dir='ltr'><strong>ipsi</strong></span> <span class='ocrx_word' id='word_1_393' title='bbox 1064 2813 1213 2886; x_wconf 90' lang='lat' dir='ltr'><strong>propitium</strong></span> <span class='ocrx_word' id='word_1_394' title='bbox 1238 2811 1317 2870; x_wconf 90' lang='lat' dir='ltr'><strong>nobis</strong></span> <span class='ocrx_word' id='word_1_395' title='bbox 1341 2811 1458 2874; x_wconf 88' lang='lat' dir='ltr'><strong>reddant</strong></span> <span class='ocrx_word' id='word_1_396' title='bbox 1477 2809 1593 2868; x_wconf 89' lang='lat' dir='ltr'><strong>amicum</strong></span> <span class='ocrx_word' id='word_1_397' title='bbox 1615 2827 1705 2882; x_wconf 87' lang='lat' dir='ltr'><strong>suum,</strong></span> <span class='ocrx_word' id='word_1_398' title='bbox 1719 2813 1792 2882; x_wconf 84' lang='lat' dir='ltr'><strong>jndi-</strong></span> 
     </span>
     <span class='ocr_line' id='line_1_28' title="bbox 137 2899 1791 2979; baseline -0.002 -19"><span class='ocrx_word' id='word_1_399' title='bbox 137 2917 192 2960; x_wconf 89' lang='lat' dir='ltr'><strong>non</strong></span> <span class='ocrx_word' id='word_1_400' title='bbox 210 2904 298 2960; x_wconf 89' lang='lat' dir='ltr'><strong>solum</strong></span> <span class='ocrx_word' id='word_1_401' title='bbox 313 2912 450 2974; x_wconf 64' lang='lat' dir='ltr'><strong>extremm</strong></span> <span class='ocrx_word' id='word_1_402' title='bbox 465 2907 513 2963; x_wconf 89' lang='lat' dir='ltr'><strong>sed</strong></span> <span class='ocrx_word' id='word_1_403' title='bbox 529 2915 557 2963; x_wconf 92' lang='lat' dir='ltr'><strong>et</strong></span> <span class='ocrx_word' id='word_1_404' title='bbox 571 2908 658 2978; x_wconf 87' lang='lat' dir='ltr'><strong>prima</strong></span> <span class='ocrx_word' id='word_1_405' title='bbox 671 2907 762 2979; x_wconf 86' lang='lat' dir='ltr'><strong>gandii</strong></span> <span class='ocrx_word' id='word_1_406' title='bbox 777 2907 864 2962; x_wconf 85' lang='lat' dir='ltr'><strong>luctus</strong></span> <span class='ocrx_word' id='word_1_407' title='bbox 888 2919 936 2962; x_wconf 92' lang='lat' dir='ltr'><strong>oc·</strong></span> <span class='ocrx_word' id='word_1_408' title='bbox 992 2918 1053 2959; x_wconf 88' lang='lat' dir='ltr'><strong>cem</strong></span> <span class='ocrx_word' id='word_1_409' title='bbox 1080 2907 1214 2967; x_wconf 87' lang='lat' dir='ltr'><strong>nostrum,</strong></span> <span class='ocrx_word' id='word_1_410' title='bbox 1240 2901 1286 2973; x_wconf 91' lang='lat' dir='ltr'><strong>qui</strong></span> <span class='ocrx_word' id='word_1_411' title='bbox 1300 2907 1343 2958; x_wconf 91' lang='lat' dir='ltr'><strong>est</strong></span> <span class='ocrx_word' id='word_1_412' title='bbox 1361 2901 1436 2958; x_wconf 85' lang='lat' dir='ltr'><strong>Deus</strong></span> <span class='ocrx_word' id='word_1_413' title='bbox 1454 2899 1616 2958; x_wconf 85' lang='lat' dir='ltr'><strong>benedictus</strong></span> <span class='ocrx_word' id='word_1_414' title='bbox 1632 2899 1662 2958; x_wconf 92' lang='lat' dir='ltr'><strong>in</strong></span> <span class='ocrx_word' id='word_1_415' title='bbox 1682 2903 1791 2958; x_wconf 84' lang='lat' dir='ltr'><strong>saecula.</strong></span> 
     </span>
     <span class='ocr_line' id='line_1_29' title="bbox 136 2993 1090 3070; baseline -0.002 -20"><span class='ocrx_word' id='word_1_416' title='bbox 136 2993 377 3066; x_wconf 65' lang='lat' dir='ltr'><strong>capetrqnisetsi</strong></span> <span class='ocrx_word' id='word_1_417' title='bbox 392 3011 491 3070; x_wconf 87' lang='lat' dir='ltr'><strong>magua</strong></span> <span class='ocrx_word' id='word_1_418' title='bbox 506 3004 548 3054; x_wconf 90' lang='lat' dir='ltr'><strong>est</strong></span> <span class='ocrx_word' id='word_1_419' title='bbox 562 2996 723 3068; x_wconf 80' lang='lat' dir='ltr'><strong>gaudiorum</strong></span> <span class='ocrx_word' id='word_1_420' title='bbox 746 2994 870 3065; x_wconf 89' lang='lat' dir='ltr'><strong>materia,</strong></span> <span class='ocrx_word' id='word_1_421' title='bbox 886 2993 937 3050; x_wconf 87' lang='lat' dir='ltr'><strong>aed</strong></span> <span class='ocrx_word' id='word_1_422' title='bbox 992 2993 1090 3048; x_wconf 81' lang='lat' dir='ltr'><strong>Amen.</strong></span> 
     </span>
    </p>
   </div>
   <div class='ocr_carea' id='block_1_3' title="bbox 506 3095 1429 3230">
    <p class='ocr_par' dir='ltr' id='par_1_3' title="bbox 506 3095 1429 3230">
     <span class='ocr_line' id='line_1_30' title="bbox 506 3095 1429 3230; baseline -0.007 -20"><span class='ocrx_word' id='word_1_423' title='bbox 506 3145 546 3210; x_wconf 91' lang='lat' dir='ltr'><strong>lN</strong></span> <span class='ocrx_word' id='word_1_424' title='bbox 566 3145 692 3212; x_wconf 76' lang='lat' dir='ltr'><strong>ussto</strong></span> <span class='ocrx_word' id='word_1_425' title='bbox 713 3146 768 3212; x_wconf 86' lang='lat' dir='ltr'><strong>SS.</strong></span> <span class='ocrx_word' id='word_1_426' title='bbox 793 3144 909 3211; x_wconf 83' lang='lat' dir='ltr'>PETRI</span> <span class='ocrx_word' id='word_1_427' title='bbox 929 3095 1117 3228; x_wconf 58' lang='grc' dir='ltr'>ᾖΡΑιιιιΙ</span> <span class='ocrx_word' id='word_1_428' title='bbox 1135 3135 1429 3230; x_wconf 70' lang='lat' dir='ltr'><strong>apostotorum.</strong></span> 
     </span>
    </p>
   </div>
   <div class='ocr_carea' id='block_1_4' title="bbox 57 3245 1792 5817">
    <p class='ocr_par' dir='ltr' id='par_1_4' title="bbox 57 3245 1792 5817">
     <span class='ocr_line' id='line_1_31' title="bbox 460 3245 1792 3350; baseline -0.002 -42"><span class='ocrx_word' id='word_1_429' title='bbox 460 3251 578 3309; x_wconf 80' lang='lat' dir='ltr'>SERMO</span> <span class='ocrx_word' id='word_1_430' title='bbox 594 3253 615 3309; x_wconf 94' lang='lat' dir='ltr'><strong>l.</strong></span> <span class='ocrx_word' id='word_1_431' title='bbox 952 3271 973 3350; x_wconf 62' lang='lat' dir='ltr'>e</span> <span class='ocrx_word' id='word_1_432' title='bbox 992 3247 1096 3323; x_wconf 87' lang='lat' dir='ltr'><strong>grande</strong></span> <span class='ocrx_word' id='word_1_433' title='bbox 1110 3249 1207 3305; x_wconf 89' lang='lat' dir='ltr'><strong>Petrus</strong></span> <span class='ocrx_word' id='word_1_434' title='bbox 1220 3247 1373 3320; x_wconf 66' lang='lat' dir='ltr'><strong>apostolum</strong></span> <span class='ocrx_word' id='word_1_435' title='bbox 1399 3253 1427 3302; x_wconf 90' lang='lat' dir='ltr'><strong>et</strong></span> <span class='ocrx_word' id='word_1_436' title='bbox 1449 3245 1572 3304; x_wconf 87' lang='lat' dir='ltr'><strong>fortassis</strong></span> <span class='ocrx_word' id='word_1_437' title='bbox 1592 3262 1646 3320; x_wconf 90' lang='lat' dir='ltr'><strong>quo</strong></span> <span class='ocrx_word' id='word_1_438' title='bbox 1660 3249 1792 3322; x_wconf 87' lang='lat' dir='ltr'><strong>grandius</strong></span> 
     </span>
     <span class='ocr_line' id='line_1_32' title="bbox 135 3336 1790 3437; baseline -0.001 -22"><span class='ocrx_word' id='word_1_439' title='bbox 135 3362 175 3418; x_wconf 80' lang='lat' dir='ltr'><strong>lle</strong></span> <span class='ocrx_word' id='word_1_440' title='bbox 189 3359 934 3431; x_wconf 79' lang='lat' dir='ltr'><strong>tripliciccstodicqnomcpostolibcbeniscpernos,</strong></span> <span class='ocrx_word' id='word_1_441' title='bbox 991 3337 1092 3437; x_wconf 44' lang='lat' dir='ltr'><strong>”Ullum</strong></span> <span class='ocrx_word' id='word_1_442' title='bbox 1122 3343 1178 3393; x_wconf 60' lang='lat'><strong>⁸⁵²²</strong></span> <span class='ocrx_word' id='word_1_443' title='bbox 1208 3342 1236 3393; x_wconf 65' lang='lat'><strong>0‘</strong></span> <span class='ocrx_word' id='word_1_444' title='bbox 1257 3343 1313 3394; x_wconf 66' lang='lat'>‘⁸¹¹¹</span> <span class='ocrx_word' id='word_1_445' title='bbox 1346 3336 1525 3436; x_wconf 51' lang='lat' dir='ltr'><strong>V⁰¹⁰⁰l⁸⁸iffi¹³r</strong></span> <span class='ocrx_word' id='word_1_446' title='bbox 1555 3352 1636 3437; x_wconf 52' lang='lat' dir='ltr'><strong>§llam</strong></span> <span class='ocrx_word' id='word_1_447' title='bbox 1665 3337 1790 3437; x_wconf 50' lang='lat' dir='ltr'><strong>sillium&amp;</strong></span> 
     </span>
     <span class='ocr_line' id='line_1_33' title="bbox 189 3425 1789 3504; baseline -0.003 -18"><span class='ocrx_word' id='word_1_448' title='bbox 189 3432 259 3488; x_wconf 84' lang='lat' dir='ltr'><strong>etde</strong></span> <span class='ocrx_word' id='word_1_449' title='bbox 273 3431 366 3488; x_wconf 68' lang='lat' dir='ltr'><strong>laibos</strong></span> <span class='ocrx_word' id='word_1_450' title='bbox 380 3431 512 3504; x_wconf 73' lang='lat' dir='ltr'><strong>gradibus</strong></span> <span class='ocrx_word' id='word_1_451' title='bbox 533 3433 753 3492; x_wconf 81' lang='lat' dir='ltr'><strong>conversationis</strong></span> <span class='ocrx_word' id='word_1_452' title='bbox 766 3435 880 3488; x_wconf 71' lang='lat' dir='ltr'><strong>nostrie.</strong></span> <span class='ocrx_word' id='word_1_453' title='bbox 989 3441 1098 3488; x_wconf 80' lang='lat' dir='ltr'><strong>veniam</strong></span> <span class='ocrx_word' id='word_1_454' title='bbox 1107 3432 1270 3483; x_wconf 88' lang='lat' dir='ltr'><strong>consecutus</strong></span> <span class='ocrx_word' id='word_1_455' title='bbox 1295 3432 1347 3493; x_wconf 86' lang='lat' dir='ltr'><strong>est,</strong></span> <span class='ocrx_word' id='word_1_456' title='bbox 1367 3431 1396 3482; x_wconf 91' lang='lat' dir='ltr'><strong>et</strong></span> <span class='ocrx_word' id='word_1_457' title='bbox 1409 3441 1458 3496; x_wconf 85' lang='lat' dir='ltr'><strong>sac,</strong></span> <span class='ocrx_word' id='word_1_458' title='bbox 1488 3433 1517 3482; x_wconf 91' lang='lat' dir='ltr'><strong>ut</strong></span> <span class='ocrx_word' id='word_1_459' title='bbox 1535 3425 1600 3482; x_wconf 87' lang='lat' dir='ltr'><strong>nrbd</strong></span> <span class='ocrx_word' id='word_1_460' title='bbox 1617 3425 1652 3482; x_wconf 91' lang='lat' dir='ltr'><strong>de</strong></span> <span class='ocrx_word' id='word_1_461' title='bbox 1667 3427 1789 3500; x_wconf 79' lang='lat' dir='ltr'><strong>singula·</strong></span> 
     </span>
     <span class='ocr_line' id='line_1_34' title="bbox 172 3514 1789 3592; baseline -0.001 -19"><span class='ocrx_word' id='word_1_462' title='bbox 172 3523 198 3574; x_wconf 90' lang='lat' dir='ltr'><strong>l.</strong></span> <span class='ocrx_word' id='word_1_463' title='bbox 215 3517 340 3574; x_wconf 88' lang='lat' dir='ltr'><strong>Gloriosa</strong></span> <span class='ocrx_word' id='word_1_464' title='bbox 363 3519 444 3574; x_wconf 91' lang='lat' dir='ltr'><strong>nobis</strong></span> <span class='ocrx_word' id='word_1_465' title='bbox 466 3516 626 3574; x_wconf 87' lang='lat' dir='ltr'><strong>solemnitas</strong></span> <span class='ocrx_word' id='word_1_466' title='bbox 648 3518 744 3588; x_wconf 85' lang='lat' dir='ltr'><strong>illuxit,</strong></span> <span class='ocrx_word' id='word_1_467' title='bbox 766 3533 848 3592; x_wconf 86' lang='lat' dir='ltr'><strong>quam</strong></span> <span class='ocrx_word' id='word_1_468' title='bbox 862 3533 934 3589; x_wconf 78' lang='lat' dir='ltr'><strong>pra·</strong></span> <span class='ocrx_word' id='word_1_469' title='bbox 989 3515 1068 3571; x_wconf 90' lang='lat' dir='ltr'><strong>ritate</strong></span> <span class='ocrx_word' id='word_1_470' title='bbox 1088 3515 1130 3570; x_wconf 88' lang='lat' dir='ltr'><strong>sui</strong></span> <span class='ocrx_word' id='word_1_471' title='bbox 1143 3514 1274 3586; x_wconf 90' lang='lat' dir='ltr'><strong>primatus</strong></span> <span class='ocrx_word' id='word_1_472' title='bbox 1295 3514 1442 3572; x_wconf 80' lang='lat' dir='ltr'><strong>auritteret.</strong></span> <span class='ocrx_word' id='word_1_473' title='bbox 1468 3514 1524 3572; x_wconf 89' lang='lat' dir='ltr'><strong>Sed</strong></span> <span class='ocrx_word' id='word_1_474' title='bbox 1549 3522 1577 3570; x_wconf 90' lang='lat' dir='ltr'><strong>et</strong></span> <span class='ocrx_word' id='word_1_475' title='bbox 1590 3514 1688 3571; x_wconf 85' lang='lat' dir='ltr'><strong>Paulus</strong></span> <span class='ocrx_word' id='word_1_476' title='bbox 1701 3515 1747 3588; x_wconf 90' lang='lat' dir='ltr'><strong>qui</strong></span> <span class='ocrx_word' id='word_1_477' title='bbox 1760 3516 1789 3572; x_wconf 88' lang='lat' dir='ltr'><strong>in</strong></span> 
     </span>
     <span class='ocr_line' id='line_1_35' title="bbox 134 3601 1789 3680; baseline -0.001 -17"><span class='ocrx_word' id='word_1_478' title='bbox 134 3607 201 3664; x_wconf 92' lang='lat' dir='ltr'><strong>clari</strong></span> <span class='ocrx_word' id='word_1_479' title='bbox 214 3613 359 3678; x_wconf 87' lang='lat' dir='ltr'><strong>martyres,</strong></span> <span class='ocrx_word' id='word_1_480' title='bbox 385 3615 521 3680; x_wconf 87' lang='lat' dir='ltr'><strong>matyrum</strong></span> <span class='ocrx_word' id='word_1_481' title='bbox 546 3609 639 3676; x_wconf 90' lang='lat' dir='ltr'><strong>duces,</strong></span> <span class='ocrx_word' id='word_1_482' title='bbox 660 3608 843 3679; x_wconf 88' lang='lat' dir='ltr'><strong>apostolomm</strong></span> <span class='ocrx_word' id='word_1_483' title='bbox 860 3608 935 3680; x_wconf 92' lang='lat' dir='ltr'><strong>prin·</strong></span> <span class='ocrx_word' id='word_1_484' title='bbox 988 3603 1048 3676; x_wconf 87' lang='lat' dir='ltr'><strong>ipsa</strong></span> <span class='ocrx_word' id='word_1_485' title='bbox 1075 3603 1182 3662; x_wconf 83' lang='lat' dir='ltr'><strong>viscera</strong></span> <span class='ocrx_word' id='word_1_486' title='bbox 1205 3603 1341 3670; x_wconf 87' lang='lat' dir='ltr'><strong>nascentis</strong></span> <span class='ocrx_word' id='word_1_487' title='bbox 1368 3601 1499 3662; x_wconf 86' lang='lat' dir='ltr'><strong>Ecclesiae</strong></span> <span class='ocrx_word' id='word_1_488' title='bbox 1531 3609 1586 3660; x_wconf 90' lang='lat' dir='ltr'><strong>tam</strong></span> <span class='ocrx_word' id='word_1_489' title='bbox 1614 3603 1789 3678; x_wconf 82' lang='lat' dir='ltr'><strong>singulariter</strong></span> 
     </span>
     <span class='ocr_line' id='line_1_36' title="bbox 133 3691 1788 3768; baseline -0.001 -16"><span class='ocrx_word' id='word_1_490' title='bbox 133 3697 220 3768; x_wconf 85' lang='lat' dir='ltr'><strong>cipes,</strong></span> <span class='ocrx_word' id='word_1_491' title='bbox 235 3701 324 3752; x_wconf 88' lang='lat' dir='ltr'><strong>morte</strong></span> <span class='ocrx_word' id='word_1_492' title='bbox 338 3695 488 3751; x_wconf 89' lang='lat' dir='ltr'><strong>clarissima</strong></span> <span class='ocrx_word' id='word_1_493' title='bbox 511 3704 714 3755; x_wconf 90' lang='lat' dir='ltr'><strong>consecrarunt.</strong></span> <span class='ocrx_word' id='word_1_494' title='bbox 737 3697 783 3752; x_wconf 91' lang='lat' dir='ltr'><strong>lsti</strong></span> <span class='ocrx_word' id='word_1_495' title='bbox 803 3705 867 3753; x_wconf 87' lang='lat' dir='ltr'><strong>sunt</strong></span> <span class='ocrx_word' id='word_1_496' title='bbox 881 3699 933 3752; x_wconf 92' lang='lat' dir='ltr'><strong>Pe·</strong></span> <span class='ocrx_word' id='word_1_497' title='bbox 988 3709 1069 3764; x_wconf 87' lang='lat' dir='ltr'><strong>quam</strong></span> <span class='ocrx_word' id='word_1_498' title='bbox 1083 3692 1331 3765; x_wconf 79' lang='lat' dir='ltr'><strong>incomparabiliter</strong></span> <span class='ocrx_word' id='word_1_499' title='bbox 1348 3701 1487 3766; x_wconf 86' lang='lat' dir='ltr'><strong>grassatus</strong></span> <span class='ocrx_word' id='word_1_500' title='bbox 1502 3697 1552 3758; x_wconf 87' lang='lat' dir='ltr'><strong>est,</strong></span> <span class='ocrx_word' id='word_1_501' title='bbox 1567 3708 1616 3764; x_wconf 91' lang='lat' dir='ltr'><strong>per</strong></span> <span class='ocrx_word' id='word_1_502' title='bbox 1629 3691 1715 3764; x_wconf 89' lang='lat' dir='ltr'><strong>ipsius</strong></span> <span class='ocrx_word' id='word_1_503' title='bbox 1727 3693 1788 3750; x_wconf 88' lang='lat' dir='ltr'><strong>Filii</strong></span> 
     </span>
     <span class='ocr_line' id='line_1_37' title="bbox 135 3779 1787 3858; baseline 0 -21"><span class='ocrx_word' id='word_1_504' title='bbox 135 3790 193 3839; x_wconf 88' lang='lat' dir='ltr'><strong>trus</strong></span> <span class='ocrx_word' id='word_1_505' title='bbox 207 3793 235 3839; x_wconf 92' lang='lat' dir='ltr'><strong>et</strong></span> <span class='ocrx_word' id='word_1_506' title='bbox 250 3782 358 3854; x_wconf 86' lang='lat' dir='ltr'><strong>Paulus,</strong></span> <span class='ocrx_word' id='word_1_507' title='bbox 381 3783 435 3840; x_wconf 91' lang='lat' dir='ltr'><strong>duo</strong></span> <span class='ocrx_word' id='word_1_508' title='bbox 449 3799 549 3857; x_wconf 80' lang='lat' dir='ltr'><strong>magne</strong></span> <span class='ocrx_word' id='word_1_509' title='bbox 566 3784 720 3855; x_wconf 87' lang='lat' dir='ltr'><strong>luminaria,</strong></span> <span class='ocrx_word' id='word_1_510' title='bbox 735 3801 803 3858; x_wconf 90' lang='lat' dir='ltr'><strong>quos</strong></span> <span class='ocrx_word' id='word_1_511' title='bbox 816 3784 890 3842; x_wconf 88' lang='lat' dir='ltr'><strong>Deus</strong></span> <span class='ocrx_word' id='word_1_512' title='bbox 902 3784 933 3840; x_wconf 93' lang='lat' dir='ltr'><strong>in</strong></span> <span class='ocrx_word' id='word_1_513' title='bbox 987 3781 1038 3837; x_wconf 88' lang='lat' dir='ltr'><strong>Dei</strong></span> <span class='ocrx_word' id='word_1_514' title='bbox 1057 3795 1152 3838; x_wconf 89' lang='lat' dir='ltr'><strong>vocem</strong></span> <span class='ocrx_word' id='word_1_515' title='bbox 1166 3781 1201 3836; x_wconf 91' lang='lat' dir='ltr'><strong>ad</strong></span> <span class='ocrx_word' id='word_1_516' title='bbox 1215 3779 1297 3838; x_wconf 87' lang='lat' dir='ltr'><strong>fidem</strong></span> <span class='ocrx_word' id='word_1_517' title='bbox 1310 3781 1464 3849; x_wconf 84' lang='lat' dir='ltr'><strong>adducitur,</strong></span> <span class='ocrx_word' id='word_1_518' title='bbox 1480 3791 1509 3838; x_wconf 87' lang='lat' dir='ltr'><strong>et</strong></span> <span class='ocrx_word' id='word_1_519' title='bbox 1531 3796 1582 3854; x_wconf 92' lang='lat' dir='ltr'><strong>pro</strong></span> <span class='ocrx_word' id='word_1_520' title='bbox 1607 3781 1690 3838; x_wconf 87' lang='lat' dir='ltr'><strong>tantis</strong></span> <span class='ocrx_word' id='word_1_521' title='bbox 1708 3783 1787 3838; x_wconf 87' lang='lat' dir='ltr'><strong>malis</strong></span> 
     </span>
     <span class='ocr_line' id='line_1_38' title="bbox 134 3867 1786 3947; baseline -0.001 -18"><span class='ocrx_word' id='word_1_522' title='bbox 134 3887 248 3942; x_wconf 88' lang='lat' dir='ltr'><strong>corpore</strong></span> <span class='ocrx_word' id='word_1_523' title='bbox 263 3871 396 3928; x_wconf 81' lang='lat' dir='ltr'><strong>Ecclesiae</strong></span> <span class='ocrx_word' id='word_1_524' title='bbox 409 3888 466 3928; x_wconf 84' lang='lat' dir='ltr'><strong>aute</strong></span> <span class='ocrx_word' id='word_1_525' title='bbox 487 3874 626 3930; x_wconf 88' lang='lat' dir='ltr'><strong>constitnit</strong></span> <span class='ocrx_word' id='word_1_526' title='bbox 644 3874 721 3946; x_wconf 84' lang='lat' dir='ltr'><strong>quasi</strong></span> <span class='ocrx_word' id='word_1_527' title='bbox 735 3872 873 3947; x_wconf 88' lang='lat' dir='ltr'><strong>geminum</strong></span> <span class='ocrx_word' id='word_1_528' title='bbox 890 3874 932 3929; x_wconf 93' lang='lat' dir='ltr'><strong>lu·</strong></span> <span class='ocrx_word' id='word_1_529' title='bbox 988 3869 1069 3928; x_wconf 90' lang='lat' dir='ltr'><strong>tantis</strong></span> <span class='ocrx_word' id='word_1_530' title='bbox 1083 3869 1161 3927; x_wconf 90' lang='lat' dir='ltr'><strong>bonis</strong></span> <span class='ocrx_word' id='word_1_531' title='bbox 1174 3869 1296 3942; x_wconf 91' lang='lat' dir='ltr'><strong>repletus</strong></span> <span class='ocrx_word' id='word_1_532' title='bbox 1308 3877 1370 3936; x_wconf 85' lang='lat' dir='ltr'><strong>¹est,</strong></span> <span class='ocrx_word' id='word_1_533' title='bbox 1389 3877 1419 3926; x_wconf 92' lang='lat' dir='ltr'><strong>ut</strong></span> <span class='ocrx_word' id='word_1_534' title='bbox 1434 3867 1487 3924; x_wconf 89' lang='lat' dir='ltr'><strong>Vas</strong></span> <span class='ocrx_word' id='word_1_535' title='bbox 1503 3869 1643 3926; x_wconf 87' lang='lat' dir='ltr'><strong>electionis</strong></span> <span class='ocrx_word' id='word_1_536' title='bbox 1657 3868 1737 3927; x_wconf 88' lang='lat' dir='ltr'><strong>fieret</strong></span> <span class='ocrx_word' id='word_1_537' title='bbox 1751 3872 1786 3928; x_wconf 96' lang='lat' dir='ltr'><strong>ad</strong></span> 
     </span>
     <span class='ocr_line' id='line_1_39' title="bbox 134 3957 1784 4034; baseline 0.001 -19"><span class='ocrx_word' id='word_1_538' title='bbox 134 3977 198 4016; x_wconf 90' lang='lat' dir='ltr'><strong>men</strong></span> <span class='ocrx_word' id='word_1_539' title='bbox 210 3959 361 4017; x_wconf 87' lang='lat' dir='ltr'><strong>oculorum.</strong></span> <span class='ocrx_word' id='word_1_540' title='bbox 378 3961 410 4017; x_wconf 92' lang='grc' dir='ltr'><strong>ιιι</strong></span> <span class='ocrx_word' id='word_1_541' title='bbox 424 3960 490 4017; x_wconf 91' lang='lat' dir='ltr'><strong>mibi</strong></span> <span class='ocrx_word' id='word_1_542' title='bbox 514 3962 604 4019; x_wconf 82' lang='lat' dir='ltr'><strong>uaditi</strong></span> <span class='ocrx_word' id='word_1_543' title='bbox 625 3970 689 4020; x_wconf 87' lang='lat' dir='ltr'><strong>sunt</strong></span> <span class='ocrx_word' id='word_1_544' title='bbox 702 3962 732 4018; x_wconf 91' lang='lat' dir='ltr'><strong>in</strong></span> <span class='ocrx_word' id='word_1_545' title='bbox 746 3961 892 4034; x_wconf 88' lang='lat' dir='ltr'><strong>magistros</strong></span> <span class='ocrx_word' id='word_1_546' title='bbox 905 3971 933 4022; x_wconf 91' lang='lat' dir='ltr'><strong>et</strong></span> <span class='ocrx_word' id='word_1_547' title='bbox 985 3959 1151 4034; x_wconf 88' lang='lat' dir='ltr'><strong>portandum</strong></span> <span class='ocrx_word' id='word_1_548' title='bbox 1168 3975 1270 4016; x_wconf 87' lang='lat' dir='ltr'><strong>nomen</strong></span> <span class='ocrx_word' id='word_1_549' title='bbox 1284 3960 1345 4030; x_wconf 88' lang='lat' dir='ltr'><strong>ejus</strong></span> <span class='ocrx_word' id='word_1_550' title='bbox 1358 3973 1450 4014; x_wconf 90' lang='lat' dir='ltr'><strong>coram</strong></span> <span class='ocrx_word' id='word_1_551' title='bbox 1462 3957 1601 4032; x_wconf 83' lang='lat' dir='ltr'><strong>gentibus,</strong></span> <span class='ocrx_word' id='word_1_552' title='bbox 1619 3966 1648 4022; x_wconf 83' lang='lat' dir='ltr'><strong>et</strong></span> <span class='ocrx_word' id='word_1_553' title='bbox 1661 3958 1784 4030; x_wconf 88' lang='lat' dir='ltr'><strong>regibus,</strong></span> 
     </span>
     <span class='ocr_line' id='line_1_40' title="bbox 133 4045 1786 4126; baseline -0.001 -22"><span class='ocrx_word' id='word_1_554' title='bbox 133 4047 161 4105; x_wconf 93' lang='grc' dir='ltr'><strong>ιιι</strong></span> <span class='ocrx_word' id='word_1_555' title='bbox 176 4049 350 4118; x_wconf 87' lang='lat' dir='ltr'><strong>mediatores,</strong></span> <span class='ocrx_word' id='word_1_556' title='bbox 376 4050 476 4122; x_wconf 86' lang='lat' dir='ltr'><strong>quibus</strong></span> <span class='ocrx_word' id='word_1_557' title='bbox 498 4067 595 4109; x_wconf 88' lang='lat' dir='ltr'><strong>secure</strong></span> <span class='ocrx_word' id='word_1_558' title='bbox 618 4069 662 4110; x_wconf 89' lang='lat' dir='ltr'><strong>ma</strong></span> <span class='ocrx_word' id='word_1_559' title='bbox 683 4052 856 4110; x_wconf 87' lang='lat' dir='ltr'><strong>committere</strong></span> <span class='ocrx_word' id='word_1_560' title='bbox 868 4067 933 4126; x_wconf 88' lang='lat' dir='ltr'><strong>poa-</strong></span> <span class='ocrx_word' id='word_1_561' title='bbox 985 4058 1014 4110; x_wconf 89' lang='lat' dir='ltr'><strong>ct</strong></span> <span class='ocrx_word' id='word_1_562' title='bbox 1027 4048 1089 4106; x_wconf 89' lang='lat' dir='ltr'><strong>lillis</strong></span> <span class='ocrx_word' id='word_1_563' title='bbox 1102 4049 1274 4120; x_wconf 75' lang='lat' dir='ltr'><strong>lsraeltnct.</strong></span> <span class='ocrx_word' id='word_1_564' title='bbox 1288 4063 1328 4114; x_wconf 83' lang='lat' dir='ltr'><strong>rx,</strong></span> <span class='ocrx_word' id='word_1_565' title='bbox 1353 4045 1416 4119; x_wconf 82' lang='lat' dir='ltr'><strong>lb):</strong></span> <span class='ocrx_word' id='word_1_566' title='bbox 1439 4061 1487 4103; x_wconf 89' lang='lat' dir='ltr'><strong>vas</strong></span> <span class='ocrx_word' id='word_1_567' title='bbox 1500 4046 1624 4122; x_wconf 82' lang='lat' dir='ltr'><strong>dignum,</strong></span> <span class='ocrx_word' id='word_1_568' title='bbox 1646 4053 1672 4102; x_wconf 91' lang='lat' dir='ltr'><strong>et</strong></span> <span class='ocrx_word' id='word_1_569' title='bbox 1691 4046 1786 4104; x_wconf 89' lang='lat' dir='ltr'><strong>coeles·</strong></span> 
     </span>
     <span class='ocr_line' id='line_1_41' title="bbox 132 4135 1785 4214; baseline -0.003 -18"><span class='ocrx_word' id='word_1_570' title='bbox 132 4139 203 4196; x_wconf 85' lang='lat' dir='ltr'><strong>sim:</strong></span> <span class='ocrx_word' id='word_1_571' title='bbox 218 4139 282 4212; x_wconf 88' lang='lat' dir='ltr'><strong>quia</strong></span> <span class='ocrx_word' id='word_1_572' title='bbox 301 4147 329 4196; x_wconf 91' lang='lat' dir='ltr'><strong>et</strong></span> <span class='ocrx_word' id='word_1_573' title='bbox 356 4147 435 4197; x_wconf 88' lang='lat' dir='ltr'><strong>notas</strong></span> <span class='ocrx_word' id='word_1_574' title='bbox 450 4141 514 4197; x_wconf 92' lang='lat' dir='ltr'><strong>mihi</strong></span> <span class='ocrx_word' id='word_1_575' title='bbox 528 4139 652 4198; x_wconf 86' lang='lat' dir='ltr'><strong>fecerunt</strong></span> <span class='ocrx_word' id='word_1_576' title='bbox 674 4141 733 4198; x_wconf 92' lang='lat' dir='ltr'><strong>vias</strong></span> <span class='ocrx_word' id='word_1_577' title='bbox 745 4142 818 4214; x_wconf 80' lang='lat' dir='ltr'><strong>vitae,</strong></span> <span class='ocrx_word' id='word_1_578' title='bbox 834 4150 862 4200; x_wconf 92' lang='lat' dir='ltr'><strong>et</strong></span> <span class='ocrx_word' id='word_1_579' title='bbox 876 4159 932 4200; x_wconf 91' lang='lat' dir='ltr'><strong>me·</strong></span> <span class='ocrx_word' id='word_1_580' title='bbox 986 4139 1059 4204; x_wconf 81' lang='lat' dir='ltr'><strong>tibus</strong></span> <span class='ocrx_word' id='word_1_581' title='bbox 1072 4137 1181 4194; x_wconf 88' lang='lat' dir='ltr'><strong>ferculis</strong></span> <span class='ocrx_word' id='word_1_582' title='bbox 1205 4136 1358 4208; x_wconf 87' lang='lat' dir='ltr'><strong>repletum:</strong></span> <span class='ocrx_word' id='word_1_583' title='bbox 1383 4135 1486 4208; x_wconf 88' lang='lat' dir='ltr'><strong>dequo</strong></span> <span class='ocrx_word' id='word_1_584' title='bbox 1506 4143 1533 4191; x_wconf 89' lang='lat' dir='ltr'><strong>ct</strong></span> <span class='ocrx_word' id='word_1_585' title='bbox 1546 4152 1628 4192; x_wconf 89' lang='lat' dir='ltr'><strong>senus</strong></span> <span class='ocrx_word' id='word_1_586' title='bbox 1640 4149 1743 4202; x_wconf 86' lang='lat' dir='ltr'><strong>escam,</strong></span> <span class='ocrx_word' id='word_1_587' title='bbox 1757 4144 1785 4192; x_wconf 91' lang='lat' dir='ltr'><strong>et</strong></span> 
     </span>
     <span class='ocr_line' id='line_1_42' title="bbox 132 4224 1428 4306; baseline -0.002 -22"><span class='ocrx_word' id='word_1_588' title='bbox 132 4227 271 4284; x_wconf 88' lang='lat' dir='ltr'><strong>diantibus</strong></span> <span class='ocrx_word' id='word_1_589' title='bbox 285 4228 337 4284; x_wconf 90' lang='lat' dir='ltr'><strong>illis</strong></span> <span class='ocrx_word' id='word_1_590' title='bbox 347 4229 382 4283; x_wconf 89' lang='lat' dir='ltr'><strong>ad</strong></span> <span class='ocrx_word' id='word_1_591' title='bbox 396 4229 472 4285; x_wconf 91' lang='lat' dir='ltr'><strong>illum</strong></span> <span class='ocrx_word' id='word_1_592' title='bbox 494 4230 670 4306; x_wconf 82' lang='lat' dir='ltr'><strong>Mediatorem</strong></span> <span class='ocrx_word' id='word_1_593' title='bbox 692 4231 841 4288; x_wconf 90' lang='lat' dir='ltr'><strong>ascendere</strong></span> <span class='ocrx_word' id='word_1_594' title='bbox 856 4240 933 4303; x_wconf 90' lang='lat' dir='ltr'><strong>pote·</strong></span> <span class='ocrx_word' id='word_1_595' title='bbox 984 4226 1107 4284; x_wconf 87' lang='lat' dir='ltr'><strong>infirmus</strong></span> <span class='ocrx_word' id='word_1_596' title='bbox 1121 4225 1236 4298; x_wconf 88' lang='lat' dir='ltr'><strong>accipiet</strong></span> <span class='ocrx_word' id='word_1_597' title='bbox 1253 4224 1428 4281; x_wconf 88' lang='lat' dir='ltr'><strong>medicinam.</strong></span> 
     </span>
     <span class='ocr_line' id='line_1_43' title="bbox 71 4313 1784 4394; baseline -0.002 -22"><span class='ocrx_word' id='word_1_598' title='bbox 71 4361 83 4384; x_wconf 79' lang='grc'>,</span> <span class='ocrx_word' id='word_1_599' title='bbox 133 4332 175 4383; x_wconf 87' lang='lat' dir='ltr'><strong>ro,</strong></span> <span class='ocrx_word' id='word_1_600' title='bbox 189 4316 237 4389; x_wconf 88' lang='lat' dir='ltr'><strong>qui</strong></span> <span class='ocrx_word' id='word_1_601' title='bbox 247 4316 321 4373; x_wconf 89' lang='lat' dir='ltr'><strong>venit</strong></span> <span class='ocrx_word' id='word_1_602' title='bbox 335 4316 478 4387; x_wconf 89' lang='lat' dir='ltr'><strong>pacificare</strong></span> <span class='ocrx_word' id='word_1_603' title='bbox 491 4335 543 4390; x_wconf 91' lang='lat' dir='ltr'><strong>per</strong></span> <span class='ocrx_word' id='word_1_604' title='bbox 560 4319 721 4392; x_wconf 86' lang='lat' dir='ltr'><strong>sanguinem</strong></span> <span class='ocrx_word' id='word_1_605' title='bbox 733 4335 812 4375; x_wconf 91' lang='lat' dir='ltr'><strong>sunm</strong></span> <span class='ocrx_word' id='word_1_606' title='bbox 827 4325 854 4376; x_wconf 92' lang='lat' dir='ltr'><strong>et</strong></span> <span class='ocrx_word' id='word_1_607' title='bbox 870 4337 931 4394; x_wconf 84' lang='lat' dir='ltr'><strong>quae</strong></span> <span class='ocrx_word' id='word_1_608' title='bbox 1022 4322 1049 4374; x_wconf 78' lang='lat'><strong>2.</strong></span> <span class='ocrx_word' id='word_1_609' title='bbox 1066 4316 1146 4372; x_wconf 88' lang='lat' dir='ltr'><strong>Tales</strong></span> <span class='ocrx_word' id='word_1_610' title='bbox 1163 4314 1279 4372; x_wconf 86' lang='lat' dir='ltr'><strong>decebat</strong></span> <span class='ocrx_word' id='word_1_611' title='bbox 1297 4315 1417 4370; x_wconf 89' lang='lat' dir='ltr'><strong>hnmano</strong></span> <span class='ocrx_word' id='word_1_612' title='bbox 1445 4313 1540 4388; x_wconf 77' lang='lat' dir='ltr'><strong>generi</strong></span> <span class='ocrx_word' id='word_1_613' title='bbox 1551 4317 1676 4384; x_wconf 87' lang='lat' dir='ltr'><strong>pastores</strong></span> <span class='ocrx_word' id='word_1_614' title='bbox 1690 4321 1719 4371; x_wconf 89' lang='lat' dir='ltr'><strong>et</strong></span> <span class='ocrx_word' id='word_1_615' title='bbox 1733 4314 1784 4378; x_wconf 86' lang='lat' dir='ltr'><strong>dp-</strong></span> 
     </span>
     <span class='ocr_line' id='line_1_44' title="bbox 133 4402 1784 4482; baseline 0 -22"><span class='ocrx_word' id='word_1_616' title='bbox 133 4405 162 4460; x_wconf 87' lang='lat' dir='ltr'><strong>in</strong></span> <span class='ocrx_word' id='word_1_617' title='bbox 176 4404 266 4470; x_wconf 79' lang='lat' dir='ltr'><strong>ecelis,</strong></span> <span class='ocrx_word' id='word_1_618' title='bbox 282 4414 309 4461; x_wconf 89' lang='lat' dir='ltr'><strong>et</strong></span> <span class='ocrx_word' id='word_1_619' title='bbox 322 4421 384 4478; x_wconf 85' lang='lat' dir='ltr'><strong>quae</strong></span> <span class='ocrx_word' id='word_1_620' title='bbox 399 4407 427 4462; x_wconf 90' lang='lat' dir='ltr'><strong>in</strong></span> <span class='ocrx_word' id='word_1_621' title='bbox 443 4410 523 4464; x_wconf 87' lang='lat' dir='ltr'><strong>terris</strong></span> <span class='ocrx_word' id='word_1_622' title='bbox 536 4417 609 4464; x_wconf 88' lang='lat' dir='ltr'><strong>sunt.</strong></span> <span class='ocrx_word' id='word_1_623' title='bbox 622 4409 671 4464; x_wconf 91' lang='lat' dir='ltr'><strong>Ille</strong></span> <span class='ocrx_word' id='word_1_624' title='bbox 686 4408 758 4465; x_wconf 91' lang='lat' dir='ltr'><strong>enim</strong></span> <span class='ocrx_word' id='word_1_625' title='bbox 772 4409 801 4464; x_wconf 94' lang='lat' dir='ltr'><strong>in</strong></span> <span class='ocrx_word' id='word_1_626' title='bbox 816 4417 931 4482; x_wconf 88' lang='lat' dir='ltr'><strong>utreque</strong></span> <span class='ocrx_word' id='word_1_627' title='bbox 985 4414 1075 4464; x_wconf 89' lang='lat' dir='ltr'><strong>ctores</strong></span> <span class='ocrx_word' id='word_1_628' title='bbox 1089 4403 1227 4471; x_wconf 89' lang='lat' dir='ltr'><strong>constitui,</strong></span> <span class='ocrx_word' id='word_1_629' title='bbox 1243 4403 1289 4475; x_wconf 88' lang='lat' dir='ltr'><strong>qui</strong></span> <span class='ocrx_word' id='word_1_630' title='bbox 1303 4410 1331 4460; x_wconf 87' lang='lat' dir='ltr'><strong>et</strong></span> <span class='ocrx_word' id='word_1_631' title='bbox 1339 4402 1434 4460; x_wconf 89' lang='lat' dir='ltr'><strong>dulces</strong></span> <span class='ocrx_word' id='word_1_632' title='bbox 1447 4408 1549 4472; x_wconf 86' lang='lat' dir='ltr'><strong>essent,</strong></span> <span class='ocrx_word' id='word_1_633' title='bbox 1566 4412 1594 4458; x_wconf 92' lang='lat' dir='ltr'><strong>et</strong></span> <span class='ocrx_word' id='word_1_634' title='bbox 1603 4409 1740 4473; x_wconf 89' lang='lat' dir='ltr'><strong>potentes,</strong></span> <span class='ocrx_word' id='word_1_635' title='bbox 1756 4414 1784 4463; x_wconf 87' lang='lat' dir='ltr'><strong>et</strong></span> 
     </span>
     <span class='ocr_line' id='line_1_45' title="bbox 131 4489 1782 4568; baseline -0.001 -20"><span class='ocrx_word' id='word_1_636' title='bbox 131 4501 232 4548; x_wconf 88' lang='lat' dir='ltr'><strong>natura</strong></span> <span class='ocrx_word' id='word_1_637' title='bbox 246 4493 471 4564; x_wconf 81' lang='lat' dir='ltr'><strong>purissimuaest‚</strong></span> <span class='ocrx_word' id='word_1_638' title='bbox 486 4496 533 4568; x_wconf 88' lang='lat' dir='ltr'><strong>qui</strong></span> <span class='ocrx_word' id='word_1_639' title='bbox 555 4505 695 4568; x_wconf 91' lang='lat' dir='ltr'><strong>peccatum</strong></span> <span class='ocrx_word' id='word_1_640' title='bbox 710 4513 766 4554; x_wconf 91' lang='lat' dir='ltr'><strong>non</strong></span> <span class='ocrx_word' id='word_1_641' title='bbox 781 4498 861 4568; x_wconf 88' lang='lat' dir='ltr'><strong>fecit,</strong></span> <span class='ocrx_word' id='word_1_642' title='bbox 878 4516 930 4558; x_wconf 90' lang='lat' dir='ltr'><strong>nec</strong></span> <span class='ocrx_word' id='word_1_643' title='bbox 985 4494 1158 4552; x_wconf 88' lang='lat' dir='ltr'><strong>nibilominus</strong></span> <span class='ocrx_word' id='word_1_644' title='bbox 1172 4492 1318 4564; x_wconf 89' lang='lat' dir='ltr'><strong>sapientes.</strong></span> <span class='ocrx_word' id='word_1_645' title='bbox 1337 4490 1446 4559; x_wconf 88' lang='lat' dir='ltr'><strong>Dulces,</strong></span> <span class='ocrx_word' id='word_1_646' title='bbox 1460 4499 1491 4548; x_wconf 88' lang='lat' dir='ltr'><strong>ut</strong></span> <span class='ocrx_word' id='word_1_647' title='bbox 1513 4507 1558 4548; x_wconf 93' lang='lat' dir='ltr'><strong>me</strong></span> <span class='ocrx_word' id='word_1_648' title='bbox 1572 4489 1672 4546; x_wconf 88' lang='lat' dir='ltr'><strong>blande</strong></span> <span class='ocrx_word' id='word_1_649' title='bbox 1687 4492 1782 4548; x_wconf 84' lang='lat' dir='ltr'><strong>etmi-</strong></span> 
     </span>
     <span class='ocr_line' id='line_1_46' title="bbox 131 4569 1783 4656; baseline 0.005 -26"><span class='ocrx_word' id='word_1_650' title='bbox 131 4574 262 4632; x_wconf 89' lang='lat' dir='ltr'><strong>inventus</strong></span> <span class='ocrx_word' id='word_1_651' title='bbox 285 4582 328 4632; x_wconf 90' lang='lat' dir='ltr'><strong>est</strong></span> <span class='ocrx_word' id='word_1_652' title='bbox 340 4576 418 4634; x_wconf 91' lang='lat' dir='ltr'><strong>dolus</strong></span> <span class='ocrx_word' id='word_1_653' title='bbox 431 4577 460 4634; x_wconf 93' lang='lat' dir='ltr'><strong>in</strong></span> <span class='ocrx_word' id='word_1_654' title='bbox 474 4593 522 4634; x_wconf 91' lang='lat' dir='ltr'><strong>cre</strong></span> <span class='ocrx_word' id='word_1_655' title='bbox 533 4579 602 4648; x_wconf 89' lang='lat' dir='ltr'><strong>ejus.</strong></span> <span class='ocrx_word' id='word_1_656' title='bbox 619 4577 761 4650; x_wconf 88' lang='lat' dir='ltr'><strong>Quomodo</strong></span> <span class='ocrx_word' id='word_1_657' title='bbox 776 4596 842 4652; x_wconf 85' lang='lat' dir='ltr'><strong>ergo</strong></span> <span class='ocrx_word' id='word_1_658' title='bbox 858 4581 931 4638; x_wconf 87' lang='lat' dir='ltr'><strong>adil·</strong></span> <span class='ocrx_word' id='word_1_659' title='bbox 947 4569 969 4649; x_wconf 78' lang='grc' dir='ltr'>ὓ</span> <span class='ocrx_word' id='word_1_660' title='bbox 986 4584 1160 4644; x_wconf 81' lang='lat' dir='ltr'><strong>sericmditer</strong></span> <span class='ocrx_word' id='word_1_661' title='bbox 1176 4584 1361 4656; x_wconf 86' lang='lat' dir='ltr'><strong>susciperent;</strong></span> <span class='ocrx_word' id='word_1_662' title='bbox 1379 4591 1515 4654; x_wconf 88' lang='lat' dir='ltr'><strong>potentes,</strong></span> <span class='ocrx_word' id='word_1_663' title='bbox 1531 4589 1561 4638; x_wconf 94' lang='lat' dir='ltr'><strong>ut</strong></span> <span class='ocrx_word' id='word_1_664' title='bbox 1574 4581 1680 4638; x_wconf 82' lang='lat' dir='ltr'><strong>fortiter</strong></span> <span class='ocrx_word' id='word_1_665' title='bbox 1693 4589 1783 4653; x_wconf 79' lang='lat' dir='ltr'><strong>prote</strong></span> 
     </span>
     <span class='ocr_line' id='line_1_47' title="bbox 130 4663 1782 4748; baseline 0.004 -29"><span class='ocrx_word' id='word_1_666' title='bbox 130 4663 190 4720; x_wconf 90' lang='lat' dir='ltr'><strong>lum</strong></span> <span class='ocrx_word' id='word_1_667' title='bbox 203 4664 335 4722; x_wconf 88' lang='lat' dir='ltr'><strong>accedere</strong></span> <span class='ocrx_word' id='word_1_668' title='bbox 343 4667 461 4734; x_wconf 87' lang='lat' dir='ltr'><strong>audebo,</strong></span> <span class='ocrx_word' id='word_1_669' title='bbox 470 4667 515 4740; x_wconf 84' lang='lat' dir='ltr'><strong>qui</strong></span> <span class='ocrx_word' id='word_1_670' title='bbox 528 4685 588 4726; x_wconf 89' lang='lat' dir='ltr'><strong>sum</strong></span> <span class='ocrx_word' id='word_1_671' title='bbox 600 4684 683 4741; x_wconf 90' lang='lat' dir='ltr'><strong>supra</strong></span> <span class='ocrx_word' id='word_1_672' title='bbox 694 4669 803 4726; x_wconf 91' lang='lat' dir='ltr'><strong>modum</strong></span> <span class='ocrx_word' id='word_1_673' title='bbox 813 4687 931 4743; x_wconf 88' lang='lat' dir='ltr'><strong>peccans</strong></span> <span class='ocrx_word' id='word_1_674' title='bbox 984 4683 1096 4748; x_wconf 76' lang='lat' dir='ltr'><strong>gerent3</strong></span> <span class='ocrx_word' id='word_1_675' title='bbox 1114 4673 1259 4746; x_wconf 85' lang='lat' dir='ltr'><strong>sapientes,</strong></span> <span class='ocrx_word' id='word_1_676' title='bbox 1277 4680 1306 4728; x_wconf 93' lang='grc' dir='ltr'><strong>ιιι</strong></span> <span class='ocrx_word' id='word_1_677' title='bbox 1322 4671 1356 4727; x_wconf 90' lang='lat' dir='ltr'><strong>ad</strong></span> <span class='ocrx_word' id='word_1_678' title='bbox 1367 4671 1448 4737; x_wconf 84' lang='lat' dir='ltr'><strong>viam,</strong></span> <span class='ocrx_word' id='word_1_679' title='bbox 1462 4679 1547 4742; x_wconf 90' lang='lat' dir='ltr'><strong>etper</strong></span> <span class='ocrx_word' id='word_1_680' title='bbox 1560 4668 1633 4727; x_wconf 87' lang='lat' dir='ltr'><strong>viam</strong></span> <span class='ocrx_word' id='word_1_681' title='bbox 1651 4670 1782 4728; x_wconf 87' lang='lat' dir='ltr'><strong>ducerent</strong></span> 
     </span>
     <span class='ocr_line' id='line_1_48' title="bbox 129 4753 1781 4838; baseline -0.002 -18"><span class='ocrx_word' id='word_1_682' title='bbox 129 4761 269 4824; x_wconf 62' lang='lat' dir='ltr'><strong>vemt,</strong></span> <span class='ocrx_word' id='word_1_683' title='bbox 288 4754 335 4828; x_wconf 77' lang='lat' dir='ltr'><strong>qui</strong></span> <span class='ocrx_word' id='word_1_684' title='bbox 348 4757 459 4826; x_wconf 77' lang='lat' dir='ltr'><strong>peccavi</strong></span> <span class='ocrx_word' id='word_1_685' title='bbox 472 4771 554 4828; x_wconf 89' lang='lat' dir='ltr'><strong>supra</strong></span> <span class='ocrx_word' id='word_1_686' title='bbox 568 4774 711 4816; x_wconf 90' lang='lat' dir='ltr'><strong>nnmerum</strong></span> <span class='ocrx_word' id='word_1_687' title='bbox 727 4773 824 4819; x_wconf 82' lang='lat' dir='ltr'><strong>arenae</strong></span> <span class='ocrx_word' id='word_1_688' title='bbox 838 4763 930 4828; x_wconf 87' lang='lat' dir='ltr'><strong>maris,</strong></span> <span class='ocrx_word' id='word_1_689' title='bbox 983 4781 1045 4838; x_wconf 84' lang='lat' dir='ltr'><strong>quae</strong></span> <span class='ocrx_word' id='word_1_690' title='bbox 1063 4762 1137 4820; x_wconf 89' lang='lat' dir='ltr'><strong>ducit</strong></span> <span class='ocrx_word' id='word_1_691' title='bbox 1151 4763 1186 4818; x_wconf 87' lang='lat' dir='ltr'><strong>ad</strong></span> <span class='ocrx_word' id='word_1_692' title='bbox 1198 4761 1346 4818; x_wconf 88' lang='lat' dir='ltr'><strong>civitatem.</strong></span> <span class='ocrx_word' id='word_1_693' title='bbox 1362 4753 1434 4829; x_wconf 83' lang='lat' dir='ltr'><strong>Quid</strong></span> <span class='ocrx_word' id='word_1_694' title='bbox 1446 4762 1527 4816; x_wconf 86' lang='lat' dir='ltr'><strong>Petro</strong></span> <span class='ocrx_word' id='word_1_695' title='bbox 1541 4758 1654 4828; x_wconf 90' lang='lat' dir='ltr'><strong>dulcius,</strong></span> <span class='ocrx_word' id='word_1_696' title='bbox 1670 4777 1717 4833; x_wconf 85' lang='lat' dir='ltr'><strong>qut</strong></span> <span class='ocrx_word' id='word_1_697' title='bbox 1727 4767 1781 4816; x_wconf 83' lang='grc' dir='ltr'>ιιιιι</span> 
     </span>
     <span class='ocr_line' id='line_1_49' title="bbox 57 4840 1781 4920; baseline 0.005 -22"><span class='ocrx_word' id='word_1_698' title='bbox 57 4909 59 4916; x_wconf 16' lang='grc' dir='ltr'><em>Α</em></span> <span class='ocrx_word' id='word_1_699' title='bbox 130 4857 194 4898; x_wconf 87' lang='lat' dir='ltr'><strong>etun</strong></span> <span class='ocrx_word' id='word_1_700' title='bbox 216 4840 261 4899; x_wconf 92' lang='lat' dir='ltr'><strong>ille</strong></span> <span class='ocrx_word' id='word_1_701' title='bbox 286 4842 390 4913; x_wconf 88' lang='lat' dir='ltr'><strong>purior,</strong></span> <span class='ocrx_word' id='word_1_702' title='bbox 406 4860 458 4920; x_wconf 83' lang='lat' dir='ltr'><strong>ego</strong></span> <span class='ocrx_word' id='word_1_703' title='bbox 479 4845 612 4918; x_wconf 89' lang='lat' dir='ltr'><strong>impurior</strong></span> <span class='ocrx_word' id='word_1_704' title='bbox 634 4863 695 4904; x_wconf 88' lang='lat' dir='ltr'><strong>esse</strong></span> <span class='ocrx_word' id='word_1_705' title='bbox 724 4865 779 4906; x_wconf 92' lang='lat' dir='ltr'><strong>non</strong></span> <span class='ocrx_word' id='word_1_706' title='bbox 807 4851 931 4920; x_wconf 76' lang='lat' dir='ltr'><strong>possim?</strong></span> <span class='ocrx_word' id='word_1_707' title='bbox 983 4852 1100 4910; x_wconf 91' lang='lat' dir='ltr'><strong>dulciter</strong></span> <span class='ocrx_word' id='word_1_708' title='bbox 1112 4850 1147 4906; x_wconf 90' lang='lat' dir='ltr'><strong>ad</strong></span> <span class='ocrx_word' id='word_1_709' title='bbox 1166 4867 1196 4907; x_wconf 87' lang='lat' dir='ltr'><strong>se</strong></span> <span class='ocrx_word' id='word_1_710' title='bbox 1215 4865 1311 4906; x_wconf 89' lang='lat' dir='ltr'><strong>omnes</strong></span> <span class='ocrx_word' id='word_1_711' title='bbox 1333 4855 1465 4906; x_wconf 90' lang='lat' dir='ltr'><strong>convocat</strong></span> <span class='ocrx_word' id='word_1_712' title='bbox 1486 4856 1654 4920; x_wconf 84' lang='lat' dir='ltr'><strong>peccatores,</strong></span> <span class='ocrx_word' id='word_1_713' title='bbox 1670 4848 1739 4906; x_wconf 91' lang='lat' dir='ltr'><strong>sicut</strong></span> <span class='ocrx_word' id='word_1_714' title='bbox 1753 4859 1781 4906; x_wconf 91' lang='lat' dir='ltr'><strong>et</strong></span> 
     </span>
     <span class='ocr_line' id='line_1_50' title="bbox 129 4929 1780 5012; baseline 0.006 -26"><span class='ocrx_word' id='word_1_715' title='bbox 129 4929 286 4988; x_wconf 86' lang='lat' dir='ltr'><strong>Verendum</strong></span> <span class='ocrx_word' id='word_1_716' title='bbox 310 4949 345 4989; x_wconf 92' lang='lat' dir='ltr'><strong>ne</strong></span> <span class='ocrx_word' id='word_1_717' title='bbox 362 4932 481 4990; x_wconf 90' lang='lat' dir='ltr'><strong>incidam</strong></span> <span class='ocrx_word' id='word_1_718' title='bbox 509 4935 536 4991; x_wconf 94' lang='lat' dir='ltr'><strong>in</strong></span> <span class='ocrx_word' id='word_1_719' title='bbox 565 4951 663 4993; x_wconf 90' lang='lat' dir='ltr'><strong>rnanus</strong></span> <span class='ocrx_word' id='word_1_720' title='bbox 683 4937 733 4994; x_wconf 88' lang='lat' dir='ltr'><strong>Dei</strong></span> <span class='ocrx_word' id='word_1_721' title='bbox 754 4939 879 5008; x_wconf 88' lang='lat' dir='ltr'><strong>viventis,</strong></span> <span class='ocrx_word' id='word_1_722' title='bbox 907 4940 931 4995; x_wconf 90' lang='lat' dir='ltr'><strong>si</strong></span> <span class='ocrx_word' id='word_1_723' title='bbox 983 4943 1068 4999; x_wconf 79' lang='lat' dir='ltr'><strong>Actus</strong></span> <span class='ocrx_word' id='word_1_724' title='bbox 1081 4939 1223 5012; x_wconf 90' lang='lat' dir='ltr'><strong>apostolici</strong></span> <span class='ocrx_word' id='word_1_725' title='bbox 1238 4937 1458 5008; x_wconf 87' lang='lat' dir='ltr'><strong>etEpistolarum</strong></span> <span class='ocrx_word' id='word_1_726' title='bbox 1478 4938 1538 5008; x_wconf 88' lang='lat' dir='ltr'><strong>ejus</strong></span> <span class='ocrx_word' id='word_1_727' title='bbox 1565 4937 1652 4998; x_wconf 82' lang='lat' dir='ltr'><strong>series</strong></span> <span class='ocrx_word' id='word_1_728' title='bbox 1665 4947 1780 4996; x_wconf 87' lang='lat' dir='ltr'><strong>attesta-</strong></span> 
     </span>
     <span class='ocr_line' id='line_1_51' title="bbox 126 5018 1781 5102; baseline 0.007 -27"><span class='ocrx_word' id='word_1_729' title='bbox 126 5018 168 5076; x_wconf 92' lang='lat' dir='ltr'><strong>illi</strong></span> <span class='ocrx_word' id='word_1_730' title='bbox 181 5020 403 5094; x_wconf 87' lang='lat' dir='ltr'><strong>appropinquare</strong></span> <span class='ocrx_word' id='word_1_731' title='bbox 416 5024 460 5081; x_wconf 93' lang='lat' dir='ltr'><strong>vel</strong></span> <span class='ocrx_word' id='word_1_732' title='bbox 472 5024 607 5083; x_wconf 81' lang='lat' dir='ltr'><strong>inherere</strong></span> <span class='ocrx_word' id='word_1_733' title='bbox 621 5043 832 5100; x_wconf 81' lang='lat' dir='ltr'><strong>praesumpsero,</strong></span> <span class='ocrx_word' id='word_1_734' title='bbox 847 5045 929 5102; x_wconf 90' lang='lat' dir='ltr'><strong>quem</strong></span> <span class='ocrx_word' id='word_1_735' title='bbox 983 5031 1044 5087; x_wconf 83' lang='lat' dir='ltr'><strong>turi</strong></span> <span class='ocrx_word' id='word_1_736' title='bbox 1060 5028 1130 5096; x_wconf 89' lang='lat' dir='ltr'><strong>Quid</strong></span> <span class='ocrx_word' id='word_1_737' title='bbox 1143 5027 1189 5084; x_wconf 88' lang='lat' dir='ltr'><strong>illo</strong></span> <span class='ocrx_word' id='word_1_738' title='bbox 1209 5025 1356 5098; x_wconf 90' lang='lat' dir='ltr'><strong>potentius,</strong></span> <span class='ocrx_word' id='word_1_739' title='bbox 1371 5025 1416 5082; x_wconf 92' lang='lat' dir='ltr'><strong>cui</strong></span> <span class='ocrx_word' id='word_1_740' title='bbox 1434 5034 1462 5082; x_wconf 92' lang='lat' dir='ltr'><strong>et</strong></span> <span class='ocrx_word' id='word_1_741' title='bbox 1476 5031 1550 5083; x_wconf 90' lang='lat' dir='ltr'><strong>terra</strong></span> <span class='ocrx_word' id='word_1_742' title='bbox 1572 5027 1702 5100; x_wconf 88' lang='lat' dir='ltr'><strong>obedivit,</strong></span> <span class='ocrx_word' id='word_1_743' title='bbox 1718 5045 1781 5087; x_wconf 89' lang='lat' dir='ltr'><strong>cum</strong></span> 
     </span>
     <span class='ocr_line' id='line_1_52' title="bbox 127 5111 1780 5189; baseline 0.006 -25"><span class='ocrx_word' id='word_1_744' title='bbox 127 5124 205 5166; x_wconf 90' lang='lat' dir='ltr'><strong>ame</strong></span> <span class='ocrx_word' id='word_1_745' title='bbox 217 5117 292 5168; x_wconf 81' lang='grc' dir='ltr'>ιιιιιιι</span> <span class='ocrx_word' id='word_1_746' title='bbox 306 5111 462 5170; x_wconf 87' lang='lat' dir='ltr'><strong>differentia</strong></span> <span class='ocrx_word' id='word_1_747' title='bbox 479 5112 585 5185; x_wconf 86' lang='lat' dir='ltr'><strong>dividit,</strong></span> <span class='ocrx_word' id='word_1_748' title='bbox 607 5123 739 5188; x_wconf 89' lang='lat' dir='ltr'><strong>quantum</strong></span> <span class='ocrx_word' id='word_1_749' title='bbox 758 5117 840 5175; x_wconf 87' lang='lat' dir='ltr'><strong>distet</strong></span> <span class='ocrx_word' id='word_1_750' title='bbox 858 5117 930 5176; x_wconf 91' lang='lat' dir='ltr'><strong>inter</strong></span> <span class='ocrx_word' id='word_1_751' title='bbox 982 5125 1103 5176; x_wconf 90' lang='lat' dir='ltr'><strong>mortuos</strong></span> <span class='ocrx_word' id='word_1_752' title='bbox 1117 5117 1245 5182; x_wconf 88' lang='lat' dir='ltr'><strong>reddidit,</strong></span> <span class='ocrx_word' id='word_1_753' title='bbox 1262 5123 1290 5171; x_wconf 92' lang='lat' dir='ltr'><strong>et</strong></span> <span class='ocrx_word' id='word_1_754' title='bbox 1310 5129 1386 5170; x_wconf 91' lang='lat' dir='ltr'><strong>mare</strong></span> <span class='ocrx_word' id='word_1_755' title='bbox 1400 5115 1450 5170; x_wconf 86' lang='lat' dir='ltr'><strong>snb</strong></span> <span class='ocrx_word' id='word_1_756' title='bbox 1464 5115 1581 5188; x_wconf 86' lang='lat' dir='ltr'><strong>pedibus</strong></span> <span class='ocrx_word' id='word_1_757' title='bbox 1595 5119 1655 5189; x_wconf 90' lang='lat' dir='ltr'><strong>ejus</strong></span> <span class='ocrx_word' id='word_1_758' title='bbox 1676 5133 1705 5174; x_wconf 92' lang='lat' dir='ltr'><strong>se</strong></span> <span class='ocrx_word' id='word_1_759' title='bbox 1725 5119 1780 5174; x_wconf 92' lang='lat' dir='ltr'><strong>cal-</strong></span> 
     </span>
     <span class='ocr_line' id='line_1_53' title="bbox 126 5199 1779 5284; baseline 0.004 -28"><span class='ocrx_word' id='word_1_760' title='bbox 126 5199 270 5257; x_wconf 89' lang='lat' dir='ltr'><strong>bcnumet</strong></span> <span class='ocrx_word' id='word_1_761' title='bbox 283 5200 395 5260; x_wconf 86' lang='lat' dir='ltr'><strong>malum.</strong></span> <span class='ocrx_word' id='word_1_762' title='bbox 412 5204 561 5275; x_wconf 89' lang='lat' dir='ltr'><strong>Propterea</strong></span> <span class='ocrx_word' id='word_1_763' title='bbox 585 5205 660 5262; x_wconf 93' lang='lat' dir='ltr'><strong>dedit</strong></span> <span class='ocrx_word' id='word_1_764' title='bbox 673 5206 741 5262; x_wconf 90' lang='lat' dir='ltr'><strong>mibi</strong></span> <span class='ocrx_word' id='word_1_765' title='bbox 754 5206 828 5264; x_wconf 85' lang='lat' dir='ltr'><strong>Deus</strong></span> <span class='ocrx_word' id='word_1_766' title='bbox 841 5207 928 5264; x_wconf 91' lang='lat' dir='ltr'><strong>homi·</strong></span> <span class='ocrx_word' id='word_1_767' title='bbox 982 5208 1072 5266; x_wconf 89' lang='lat' dir='ltr'><strong>cabile</strong></span> <span class='ocrx_word' id='word_1_768' title='bbox 1089 5206 1204 5280; x_wconf 85' lang='lat' dir='ltr'><strong>praebuit</strong></span> <span class='ocrx_word' id='word_1_769' title='bbox 1224 5205 1331 5274; x_wconf 81' lang='grc' dir='ltr'>(ιιιιιιι.</span> <span class='ocrx_word' id='word_1_770' title='bbox 1347 5217 1408 5272; x_wconf 80' lang='grc' dir='ltr'>ιιι,</span> <span class='ocrx_word' id='word_1_771' title='bbox 1425 5205 1485 5276; x_wconf 77' lang='lat'>27);</span> <span class='ocrx_word' id='word_1_772' title='bbox 1500 5204 1546 5275; x_wconf 88' lang='lat' dir='ltr'><strong>qui</strong></span> <span class='ocrx_word' id='word_1_773' title='bbox 1568 5205 1707 5264; x_wconf 90' lang='lat' dir='ltr'><strong>Simonem</strong></span> <span class='ocrx_word' id='word_1_774' title='bbox 1721 5207 1779 5284; x_wconf 82' lang='lat' dir='ltr'><strong>lla·</strong></span> 
     </span>
     <span class='ocr_line' id='line_1_54' title="bbox 126 5289 1779 5372; baseline 0.004 -27"><span class='ocrx_word' id='word_1_775' title='bbox 126 5305 181 5346; x_wconf 84' lang='lat' dir='ltr'><strong>nes</strong></span> <span class='ocrx_word' id='word_1_776' title='bbox 204 5289 283 5359; x_wconf 88' lang='lat' dir='ltr'><strong>istos,</strong></span> <span class='ocrx_word' id='word_1_777' title='bbox 304 5293 352 5364; x_wconf 91' lang='lat' dir='ltr'><strong>qui</strong></span> <span class='ocrx_word' id='word_1_778' title='bbox 368 5299 397 5350; x_wconf 92' lang='lat' dir='ltr'><strong>et</strong></span> <span class='ocrx_word' id='word_1_779' title='bbox 410 5293 537 5352; x_wconf 87' lang='lat' dir='ltr'><strong>homines</strong></span> <span class='ocrx_word' id='word_1_780' title='bbox 551 5302 652 5364; x_wconf 88' lang='lat' dir='ltr'><strong>essent,</strong></span> <span class='ocrx_word' id='word_1_781' title='bbox 669 5305 697 5353; x_wconf 90' lang='lat' dir='ltr'><strong>et</strong></span> <span class='ocrx_word' id='word_1_782' title='bbox 716 5305 884 5368; x_wconf 90' lang='lat' dir='ltr'><strong>peccatores,</strong></span> <span class='ocrx_word' id='word_1_783' title='bbox 900 5305 928 5354; x_wconf 91' lang='lat' dir='ltr'><strong>et</strong></span> <span class='ocrx_word' id='word_1_784' title='bbox 981 5315 1047 5372; x_wconf 88' lang='lat' dir='ltr'><strong>gum</strong></span> <span class='ocrx_word' id='word_1_785' title='bbox 1060 5296 1160 5369; x_wconf 90' lang='lat' dir='ltr'><strong>spiritu</strong></span> <span class='ocrx_word' id='word_1_786' title='bbox 1177 5294 1233 5352; x_wconf 92' lang='lat' dir='ltr'><strong>oris</strong></span> <span class='ocrx_word' id='word_1_787' title='bbox 1246 5293 1287 5350; x_wconf 89' lang='lat' dir='ltr'><strong>sui</strong></span> <span class='ocrx_word' id='word_1_788' title='bbox 1301 5291 1329 5347; x_wconf 93' lang='lat' dir='ltr'><strong>in</strong></span> <span class='ocrx_word' id='word_1_789' title='bbox 1343 5307 1408 5348; x_wconf 90' lang='lat' dir='ltr'><strong>aere</strong></span> <span class='ocrx_word' id='word_1_790' title='bbox 1417 5293 1514 5364; x_wconf 89' lang='lat' dir='ltr'><strong>attigit,</strong></span> <span class='ocrx_word' id='word_1_791' title='bbox 1530 5293 1577 5366; x_wconf 93' lang='lat' dir='ltr'><strong>qui</strong></span> <span class='ocrx_word' id='word_1_792' title='bbox 1591 5295 1682 5356; x_wconf 84' lang='lat' dir='ltr'><strong>claves</strong></span> <span class='ocrx_word' id='word_1_793' title='bbox 1701 5297 1779 5372; x_wconf 80' lang='lat' dir='ltr'><strong>regni</strong></span> 
     </span>
     <span class='ocr_line' id='line_1_55' title="bbox 126 5378 1778 5460; baseline -0.002 -25"><span class='ocrx_word' id='word_1_794' title='bbox 126 5378 241 5436; x_wconf 86' lang='lat' dir='ltr'><strong>maximi</strong></span> <span class='ocrx_word' id='word_1_795' title='bbox 264 5389 435 5453; x_wconf 89' lang='lat' dir='ltr'><strong>peccatores,</strong></span> <span class='ocrx_word' id='word_1_796' title='bbox 454 5385 507 5454; x_wconf 84' lang='lat' dir='ltr'><strong>-qui</strong></span> <span class='ocrx_word' id='word_1_797' title='bbox 529 5385 558 5440; x_wconf 93' lang='lat' dir='ltr'><strong>in</strong></span> <span class='ocrx_word' id='word_1_798' title='bbox 580 5399 611 5442; x_wconf 87' lang='lat' dir='ltr'><strong>se</strong></span> <span class='ocrx_word' id='word_1_799' title='bbox 632 5385 699 5457; x_wconf 88' lang='lat' dir='ltr'><strong>ipsis</strong></span> <span class='ocrx_word' id='word_1_800' title='bbox 723 5395 750 5442; x_wconf 94' lang='lat' dir='ltr'><strong>et</strong></span> <span class='ocrx_word' id='word_1_801' title='bbox 764 5387 799 5444; x_wconf 94' lang='lat' dir='ltr'><strong>de</strong></span> <span class='ocrx_word' id='word_1_802' title='bbox 813 5404 843 5444; x_wconf 87' lang='lat' dir='ltr'><strong>se</strong></span> <span class='ocrx_word' id='word_1_803' title='bbox 861 5386 928 5460; x_wconf 89' lang='lat' dir='ltr'><strong>ipsis</strong></span> <span class='ocrx_word' id='word_1_804' title='bbox 981 5387 1111 5446; x_wconf 82' lang='lat' dir='ltr'><strong>coetorum</strong></span> <span class='ocrx_word' id='word_1_805' title='bbox 1127 5391 1182 5440; x_wconf 87' lang='grc' dir='ltr'>ιιιιιι</span> <span class='ocrx_word' id='word_1_806' title='bbox 1195 5381 1368 5454; x_wconf 88' lang='lat' dir='ltr'><strong>singulariter</strong></span> <span class='ocrx_word' id='word_1_807' title='bbox 1390 5381 1504 5453; x_wconf 88' lang='lat' dir='ltr'><strong>accepit,</strong></span> <span class='ocrx_word' id='word_1_808' title='bbox 1519 5391 1549 5438; x_wconf 91' lang='lat' dir='ltr'><strong>ut</strong></span> <span class='ocrx_word' id='word_1_809' title='bbox 1562 5383 1700 5452; x_wconf 89' lang='lat' dir='ltr'><strong>praecedat</strong></span> <span class='ocrx_word' id='word_1_810' title='bbox 1713 5400 1778 5441; x_wconf 87' lang='lat' dir='ltr'><strong>sen.</strong></span> 
     </span>
     <span class='ocr_line' id='line_1_56' title="bbox 124 5466 1780 5550; baseline 0.004 -26"><span class='ocrx_word' id='word_1_811' title='bbox 124 5467 270 5526; x_wconf 85' lang='lat' dir='ltr'><strong>discerent</strong></span> <span class='ocrx_word' id='word_1_812' title='bbox 292 5472 411 5546; x_wconf 85' lang='lat' dir='ltr'><strong>qualiter</strong></span> <span class='ocrx_word' id='word_1_813' title='bbox 433 5471 521 5531; x_wconf 74' lang='grc'><strong>989</strong></span> <span class='ocrx_word' id='word_1_814' title='bbox 543 5473 604 5530; x_wconf 90' lang='lat' dir='ltr'><strong>aliis</strong></span> <span class='ocrx_word' id='word_1_815' title='bbox 627 5473 751 5532; x_wconf 89' lang='lat' dir='ltr'><strong>misereri</strong></span> <span class='ocrx_word' id='word_1_816' title='bbox 782 5475 926 5540; x_wconf 90' lang='lat' dir='ltr'><strong>deberent.</strong></span> <span class='ocrx_word' id='word_1_817' title='bbox 981 5475 1067 5534; x_wconf 86' lang='lat' dir='ltr'><strong>tentia</strong></span> <span class='ocrx_word' id='word_1_818' title='bbox 1085 5473 1156 5530; x_wconf 88' lang='lat' dir='ltr'><strong>Petri</strong></span> <span class='ocrx_word' id='word_1_819' title='bbox 1170 5469 1333 5528; x_wconf 89' lang='lat' dir='ltr'><strong>sententiam</strong></span> <span class='ocrx_word' id='word_1_820' title='bbox 1352 5466 1438 5524; x_wconf 83' lang='lat' dir='ltr'><strong>coelii</strong></span> <span class='ocrx_word' id='word_1_821' title='bbox 1453 5469 1577 5541; x_wconf 87' lang='lat' dir='ltr'><strong>Denique</strong></span> <span class='ocrx_word' id='word_1_822' title='bbox 1596 5473 1780 5550; x_wconf 75' lang='lat' dir='ltr'><strong>qaodcunque</strong></span> 
     </span>
     <span class='ocr_line' id='line_1_57' title="bbox 123 5561 1779 5640; baseline 0.003 -24"><span class='ocrx_word' id='word_1_823' title='bbox 123 5561 292 5634; x_wconf 72' lang='lat' dir='ltr'><strong>Magnorum</strong></span> <span class='ocrx_word' id='word_1_824' title='bbox 319 5562 394 5619; x_wconf 88' lang='lat' dir='ltr'><strong>enim</strong></span> <span class='ocrx_word' id='word_1_825' title='bbox 425 5561 568 5622; x_wconf 77' lang='lat' dir='ltr'><strong>eduinum</strong></span> <span class='ocrx_word' id='word_1_826' title='bbox 589 5564 629 5621; x_wconf 90' lang='lat' dir='ltr'><strong>rei</strong></span> <span class='ocrx_word' id='word_1_827' title='bbox 642 5563 750 5640; x_wconf 85' lang='lat' dir='ltr'><strong>magnis</strong></span> <span class='ocrx_word' id='word_1_828' title='bbox 768 5563 929 5622; x_wconf 87' lang='lat' dir='ltr'><strong>criminibus</strong></span> <span class='ocrx_word' id='word_1_829' title='bbox 982 5566 1122 5640; x_wconf 77' lang='lat' dir='ltr'><strong>ligaverit,</strong></span> <span class='ocrx_word' id='word_1_830' title='bbox 1142 5561 1240 5634; x_wconf 89' lang='lat' dir='ltr'><strong>inquit,</strong></span> <span class='ocrx_word' id='word_1_831' title='bbox 1255 5573 1341 5632; x_wconf 82' lang='lat' dir='ltr'><strong>anper</strong></span> <span class='ocrx_word' id='word_1_832' title='bbox 1355 5561 1545 5630; x_wconf 61' lang='lat' dir='ltr'><strong>ferramenti</strong></span> <span class='ocrx_word' id='word_1_833' title='bbox 1565 5561 1686 5634; x_wconf 76' lang='lat' dir='ltr'><strong>ligatam</strong></span> <span class='ocrx_word' id='word_1_834' title='bbox 1699 5567 1728 5622; x_wconf 83' lang='lat' dir='ltr'><strong>et</strong></span> <span class='ocrx_word' id='word_1_835' title='bbox 1746 5567 1779 5624; x_wconf 81' lang='grc' dir='ltr'><strong>ιιι</strong></span> 
     </span>
     <span class='ocr_line' id='line_1_58' title="bbox 123 5648 1778 5730; baseline -0.001 -18"><span class='ocrx_word' id='word_1_836' title='bbox 123 5648 207 5712; x_wconf 75' lang='lat' dir='ltr'><strong>facile</strong></span> <span class='ocrx_word' id='word_1_837' title='bbox 214 5651 364 5714; x_wconf 82' lang='lat' dir='ltr'><strong>donabunt</strong></span> <span class='ocrx_word' id='word_1_838' title='bbox 376 5653 494 5722; x_wconf 90' lang='lat' dir='ltr'><strong>veniam,</strong></span> <span class='ocrx_word' id='word_1_839' title='bbox 508 5661 542 5711; x_wconf 89' lang='lat' dir='ltr'><strong>et</strong></span> <span class='ocrx_word' id='word_1_840' title='bbox 550 5655 578 5712; x_wconf 93' lang='lat' dir='ltr'><strong>in</strong></span> <span class='ocrx_word' id='word_1_841' title='bbox 593 5671 649 5728; x_wconf 85' lang='lat' dir='ltr'><strong>qua</strong></span> <span class='ocrx_word' id='word_1_842' title='bbox 660 5669 790 5712; x_wconf 88' lang='lat' dir='ltr'><strong>mensura</strong></span> <span class='ocrx_word' id='word_1_843' title='bbox 803 5670 928 5715; x_wconf 86' lang='lat' dir='ltr'><strong>mensum</strong></span> <span class='ocrx_word' id='word_1_844' title='bbox 981 5648 1433 5727; x_wconf 73' lang='lat' dir='ltr'><strong>caltatctquodcanqcesolceris</strong></span> <span class='ocrx_word' id='word_1_845' title='bbox 1442 5663 1528 5723; x_wconf 76' lang='lat' dir='ltr'><strong>septa</strong></span> <span class='ocrx_word' id='word_1_846' title='bbox 1542 5652 1724 5730; x_wconf 63' lang='lat' dir='ltr'><strong>terremini</strong></span> <span class='ocrx_word' id='word_1_847' title='bbox 1739 5673 1778 5714; x_wconf 79' lang='lat' dir='ltr'><strong>so-</strong></span> 
     </span>
     <span class='ocr_line' id='line_1_59' title="bbox 123 5734 1777 5817; baseline 0.001 -21"><span class='ocrx_word' id='word_1_848' title='bbox 123 5747 177 5796; x_wconf 83' lang='lat' dir='ltr'><strong>est·</strong></span> <span class='ocrx_word' id='word_1_849' title='bbox 195 5739 248 5810; x_wconf 83' lang='lat' dir='ltr'><strong>eis,</strong></span> <span class='ocrx_word' id='word_1_850' title='bbox 293 5742 474 5801; x_wconf 89' lang='lat' dir='ltr'><strong>remetientur</strong></span> <span class='ocrx_word' id='word_1_851' title='bbox 501 5744 590 5803; x_wconf 82' lang='lat' dir='ltr'><strong>nobis.</strong></span> <span class='ocrx_word' id='word_1_852' title='bbox 627 5743 768 5803; x_wconf 85' lang='lat' dir='ltr'><strong>Peccavit.</strong></span> <span class='ocrx_word' id='word_1_853' title='bbox 786 5751 928 5817; x_wconf 77' lang='lat' dir='ltr'><strong>peccabam</strong></span> <span class='ocrx_word' id='word_1_854' title='bbox 983 5744 1120 5808; x_wconf 74' lang='lat' dir='ltr'><strong>tutamina</strong></span> <span class='ocrx_word' id='word_1_855' title='bbox 1133 5740 1210 5799; x_wconf 82' lang='lat' dir='ltr'><strong>celis</strong></span> <span class='ocrx_word' id='word_1_856' title='bbox 1224 5737 1336 5811; x_wconf 73' lang='lat' dir='ltr'><strong>(latta.</strong></span> <span class='ocrx_word' id='word_1_857' title='bbox 1351 5735 1473 5812; x_wconf 63' lang='lat' dir='ltr'><strong>svalt).</strong></span> <span class='ocrx_word' id='word_1_858' title='bbox 1487 5734 1560 5806; x_wconf 87' lang='lat' dir='ltr'><strong>Quid</strong></span> <span class='ocrx_word' id='word_1_859' title='bbox 1573 5743 1777 5806; x_wconf 82' lang='lat' dir='ltr'><strong>autemillosa-</strong></span> 
     </span>
    </p>
   </div>
   <div class='ocr_carea' id='block_1_5' title="bbox 0 0 2064 6346">
    <p class='ocr_par' dir='ltr' id='par_1_5' title="bbox 0 0 2064 6346">
     <span class='ocr_line' id='line_1_60' title="bbox 0 0 2064 6346; baseline 0 1"><span class='ocrx_word' id='word_1_860' title='bbox 0 0 2064 6346; x_wconf 95' lang='lat' dir='ltr'><strong> </strong></span> 
     </span>
    </p>
   </div>
  </div>
 </body>
</html>
