4064 6344
134 451 188 540 ιιι

134 591 175 640 est
186 585 280 656 hujus,
296 600 347 642 nec
359 587 490 659 corporis.
506 588 536 642 ld
551 589 598 644 tibi
613 587 640 643 in
663 591 815 650 novissimis
838 611 928 654 resar-

134 681 222 748 vatur,
240 689 302 729 cum
326 681 353 730 te
373 675 438 729 mibi
457 677 605 734 exhibuero
628 679 785 754 gloriosam,
801 698 856 740 nou
876 686 927 742 ha-

136 763 243 820 bentem
257 764 391 820 maculam
405 771 451 819 aut
465 781 569 838 rugam,
587 776 631 823 aut
645 769 746 841 aliquid
761 772 927 841 hujusmodi.

136 853 177 906 Αιι
192 852 280 908 nescis
292 851 355 924 quia
374 853 492 926 quandiu
507 854 574 910 vivis
589 855 616 910 in
631 857 683 912 hoc
705 837 830 932 corpore,
846 878 928 933 pere-

135 939 251 1011 grinaris
264 956 281 997 a
294 939 422 998 lumine?
441 941 582 1011 Quomodo
597 961 658 1017 quae
673 947 786 1004 necdum
804 959 858 1008 tota
873 953 931 1023 pul·

134 1029 199 1084 chra
213 1044 252 1099 es,
268 1029 392 1085 idoneam
409 1039 434 1086 te
449 1031 587 1088 existimas
601 1036 800 1094 universitatem
818 1039 930 1101 111OE

135 1117 337 1188 pulchritudinis
351 1117 470 1175 intueri?
484 1119 625 1190 Quomodo
638 1123 756 1198 denique
765 1129 867 1199 quaeris
886 1148 929 1189 me

134 1206 162 1261 in
177 1221 238 1263 mea
247 1206 368 1262 claritate
381 1207 483 1277 videre,
494 1226 555 1282 que
568 1212 658 1270 adhuc
674 1213 782 1287 ignoras
797 1219 846 1275 ιιι
860 1221 929 1277 Nam

135 1295 157 1349 si
175 1303 201 1352 te
226 1295 331 1368 plenius
358 1310 463 1366 nosses,
488 1298 572 1356 scires
591 1301 692 1374 utique,
717 1319 831 1377 corpore
858 1310 930 1381 quod

134 1385 317 1455 corrumpitur
337 1395 510 1460 aggravatam
536 1389 689 1447 nullatenus
708 1407 789 1462 posse
809 1398 929 1456 attollere

134 1473 238 1542 oculos,
253 1480 279 1529 et
294 1471 375 1548 ligere
390 1475 416 1532 in
431 1476 507 1533 illum
521 1477 654 1551 fulgorem
676 1481 703 1537 in
722 1499 804 1555 quem
819 1487 928 1559 prospi-

135 1577 195 1618 cere
220 1562 307 1636 angeli
338 1565 543 1638 concupiscunt.
578 1567 646 1637 Erit,
675 1583 738 1625 cum
766 1587 928 1648 apparuero,

134 1652 206 1722 quod
224 1657 280 1707 tota
293 1652 407 1723 pulchra
420 1653 485 1722 eris,
496 1653 566 1711 sicut
579 1671 632 1728 ego
643 1658 757 1724 pulcher
763 1675 823 1716 sum
837 1668 929 1720 totus:

756 462 926 530 saltuosas
944 469 979 534 lll
999 471 1153 536 uxutluu.

1726 481 1781 540 978

982 607 1023 658 ast
1051 601 1096 656 illa
1116 600 1264 665 retrahere,
1280 603 1326 658 sed
1351 602 1437 672 magis
1451 601 1552 660 addere
1567 605 1712 676 ampliora.
1730 605 1778 664 Vel

982 690 1034 746 sic:
1045 690 1106 745 Non
1120 703 1193 762 aegre
1203 687 1281 760 leres,
1302 690 1388 745 amica
1402 688 1472 761 mea,
1489 691 1598 748 minime
1613 701 1638 750 te
1654 696 1778 768 accipere

983 779 1064 834 niodo
1077 777 1150 850 quod
1170 776 1300 848 postulas,
1315 793 1377 848 quae
1392 769 1464 834 tanta
1477 795 1493 833 a
1508 795 1550 835 me
1562 781 1617 854 jam
1632 783 1778 855 accepisti:

983 867 1123 935 etmajora
1135 866 1231 923 horum
1246 865 1371 936 accipies,
1389 865 1412 923 si
1435 865 1462 921 in
1480 870 1623 940 preceptis
1642 873 1710 928 meis
1724 888 1779 927 am·
1849 885 1858 902 ⁸

981 953 1125 1020 bulaveris,
1140 960 1167 1009 et
1180 953 1208 1008 in
1228 969 1317 1010 amore
1332 968 1392 1010 meo
1411 958 1638 1025 perseveraveris.
1654 959 1717 1017 llaec
1732 978 1780 1034 pro

984 1041 1295 1114 litteraeconsequentia.
1745 1063 1753 1068 ·

1019 1133 1044 1186 2.
1060 1129 1203 1200 NuncJam
1215 1129 1363 1199 videamus,
1377 1129 1466 1202 qualia
1477 1132 1530 1186 sint
1545 1146 1606 1201 quae
1621 1147 1650 1187 se
1665 1135 1782 1213 donasse

983 1228 1184 1276 commemorat.
1201 1219 1235 1275 Et
1247 1218 1367 1290 primum
1386 1218 1496 1293 quidem
1516 1229 1566 1286 est,
1582 1221 1654 1292 quod
1669 1237 1729 1277 eam
1744 1241 1784 1278 as-

983 1308 1108 1365 similavit
1123 1308 1252 1379 equitatul
1278 1323 1330 1364 suo
1353 1308 1380 1363 in
1404 1308 1530 1365 curribus
1544 1309 1701 1378 Pharaonis,
1718 1311 1786 1367 libe-

983 1397 1068 1454 rando
1092 1396 1183 1469 utique
1207 1413 1223 1450 a
1242 1397 1308 1470 jugo
1330 1396 1445 1467 peccati,
1462 1397 1631 1454 mortificatis
1649 1399 1785 1456 universis

983 1484 1109 1558 operibus
1122 1483 1225 1553 carnis3
1242 1484 1473 1556 quemadmodum
1488 1485 1533 1542 ille
1548 1487 1665 1558 populus
1684 1487 1783 1546 libcra-

985 1579 1029 1629 tus
1050 1579 1091 1628 est
1110 1588 1126 1626 a
1148 1571 1278 1628 servitute
1298 1572 1418 1645 AEgypti‚
1433 1573 1569 1630 subversis
1588 1583 1615 1630 et
1637 1576 1785 1632 submersis

982 1661 1085 1718 cunctis
1106 1658 1230 1716 curribus
1244 1659 1391 1716 Pharaonis
1408 1661 1507 1731 (Ecod.
1523 1677 1586 1730 xxv,
1603 1664 1660 1734 28).
1678 1664 1706 1718 ld
1722 1665 1784 1736 qui-

135 1745 163 1794 et
181 1739 320 1796 simillima
335 1741 413 1809 mibi,
428 1741 536 1800 videbis
551 1759 592 1800 me
608 1745 688 1803 sicuti
703 1761 774 1804 sum.
789 1748 866 1806 'lunc
879 1767 929 1808 au·
985 1750 1045 1806 dem
1060 1746 1198 1804 miseratio
1215 1747 1339 1814 maxima,
1356 1748 1384 1802 in
1399 1766 1452 1820 qua
1468 1766 1520 1825 ego
1541 1768 1651 1823 quoqne
1673 1753 1696 1806 si
1723 1753 1784 1825 glo·

133 1827 216 1883 dies:
238 1831 302 1887 Toto
316 1829 438 1904 pulchro
452 1849 490 1902 ει,
506 1835 599 1892 amico
612 1851 685 1903 mco,
702 1839 730 1892 et
743 1840 861 1896 maculo
874 1857 931 1898 non
985 1836 1049 1893 riari
1071 1834 1195 1900 voluero,
1219 1850 1275 1892 non
1297 1851 1345 1890 ore
1367 1835 1497 1907 insipiens
1513 1857 1519 1896 :
1537 1839 1684 1896 Veritatem
1712 1841 1784 1896 enim

134 1919 216 1972 estin
232 1921 260 1973 tc
275 1919 369 1987 (Cotti.
387 1935 425 1986 xv,
436 1921 476 1990 t).
486 1921 567 1977 Nunc
581 1938 653 1990 vero,
670 1924 722 1979 etsi
736 1941 769 1980 ex
787 1938 862 1994 parte
875 1931 932 1997 jam
949 1887 970 1964 Β
985 1925 1081 1982 dicam.
1104 1923 1201 1979 Fateor
1224 1929 1251 1978 et
1273 1921 1379 1977 fatebor
1395 1944 1401 1980 :
1424 1925 1484 1981 Nisi
1498 1927 1566 1998 quio
1580 1929 1716 1985 Dominus
1729 1929 1784 1984 od-

135 2004 242 2070 similis,
257 2023 289 2062 ex
306 2011 381 2076 parte
404 2013 492 2063 temen
515 2008 663 2075 dissimilis,
678 2021 804 2069 contenta
818 2025 876 2084 esto
897 2031 931 2071 ex

979 2016 1119 2088 invitm,
1133 2011 1324 2082 paulominus
1340 2009 1493 2068 habitasset
1506 2015 1538 2068 in
1551 2015 1665 2083 inferno
1685 2018 1785 2072 ocimo

136 2101 210 2163 parte
224 2109 396 2168 cognoscere.
414 2093 450 2150 'Pe
464 2093 552 2166 ipsam
565 2098 686 2170 attende,
705 2107 732 2157 et
746 2100 842 2158 altiora
857 2112 882 2160 te
898 2120 932 2160 ne
983 2118 1047 2158 mco
1067 2099 1153 2170 (Ptol.
1173 2114 1253 2167 xcux,
1264 2098 1320 2170 ιι).
1340 2099 1399 2154 Non
1423 2114 1483 2153 sum
1502 2098 1632 2172 ingratus,
1649 2116 1701 2156 non
1726 2117 1785 2157 sum

134 2181 282 2254 quaesieris,
304 2191 330 2238 et
348 2181 461 2240 tortiora
484 2191 510 2241 te
534 2200 570 2240 ne
590 2193 708 2244 εειιιιιιι
731 2188 816 2245 tueris
830 2191 927 2262 (Eccti.

134 2286 172 2338 ιιι,
190 2269 245 2342 22).
260 2269 389 2344 Alioquin
404 2273 429 2328 si
442 2273 555 2346 ignoras
571 2278 608 2343 te,
620 2276 766 2348 opulchro
782 2279 930 2336 intermo-

136 2361 217 2416 lierca
228 2361 323 2428 (dont.
335 2377 353 2426 ι,
365 2362 392 2431 7)
403 2379 410 2427 ;
422 2376 485 2417 nam
500 2369 527 2418 et
540 2377 590 2436 ego
605 2369 632 2417 te
647 2362 709 2420 dico
720 2365 869 2437 pulchram,
880 2367 928 2424 sad

135 2448 355 2520 intermulieres,
379 2449 432 2506 boc
445 2457 487 2505 est
500 2466 532 2508 ex
548 2459 640 2522 parte;
656 2468 717 2508 cum
732 2458 821 2508 autem
844 2469 928 2513 vene-

133 2536 168 2591 rit
187 2537 262 2610 quod
286 2536 434 2609 perlectum
457 2547 506 2605 est,
525 2544 588 2596 tunc
608 2541 782 2598 evacuabitur
802 2543 873 2615 quod
895 2560 927 2600 ex

132 2634 210 2698 parte
225 2633 266 2681 est
280 2626 306 2691 ιι
320 2628 381 2684 Cor.
397 2641 461 2696 ιιιιι,
479 2631 524 2698 lt)
542 2630 588 2685 :ai
601 2645 668 2702 ergo
687 2633 802 2702 ignoras
818 2636 864 2699 tc‚·
881 2632 927 2688 sed

132 2729 193 2785 quae
207 2722 368 2786 sequuntur,
396 2714 466 2772 dicta
481 2725 552 2786 sunt,
577 2725 604 2774 et
631 2733 684 2773 non
699 2727 808 2790 oportet
831 2721 927 2776 iterum

983 2191 1082 2248 oblitus
1092 2207 1103 2266 5
1118 2187 1319 2244 misericordias
1341 2187 1448 2243 Domini
1475 2186 1501 2242 iu
1521 2198 1650 2244 aeternum
1669 2191 1784 2246 cantabo

983 2281 1069 2354 (Psoi.
1082 2291 1222 2347 uxxxvur,
1234 2276 1272 2346 ι).
1288 2276 1388 2331 Verum
1403 2277 1531 2333 hactenus
1545 2277 1612 2331 mibi
1627 2293 1690 2333 cum
1701 2271 1787 2349 spon'·

982 2384 1022 2423 sa.
1039 2368 1079 2423 De
1103 2367 1218 2438 reliquo,
1235 2363 1280 2419 illa
1301 2363 1432 2438 singulari
1458 2363 1625 2436 dignatione,
1641 2374 1782 2439 postquam

981 2455 1092 2512 liberata
1106 2461 1158 2524 est,
1173 2452 1313 2508 asciscitur
1329 2452 1357 2506 in
1372 2451 1497 2522 amicam,
1514 2451 1640 2508 decorem
1661 2453 1782 2511 induitur

981 2551 1119 2614 tanquam,
1135 2541 1243 2598 Domini
1264 2555 1375 2610 sponsa,
1395 2539 1504 2594 interim
1535 2549 1622 2595 tamen
1647 2541 1674 2595 in
1701 2541 1779 2612 genis

980 2632 1108 2688 duntaxat
1131 2628 1194 2685 etin
1217 2627 1298 2685 collo.
1314 2626 1356 2681 td
1374 2627 1433 2682 baec
1447 2625 1486 2681 illi
1503 2627 1699 2698 promittuntur
1718 2647 1780 2685 mu·

981 2719 1083 2775 renulae
1104 2732 1152 2790 pro
1166 2723 1271 2786 ornatu,
1286 2715 1407 2786 ipsasque
1423 2730 1510 2772 aureae
1526 2730 1575 2785 pro
1591 2717 1689 2787 pretio,
1699 2719 1782 2776 sedet

131 2801 195 2858 dici.
210 2801 389 2858 Promiseram
412 2804 506 2861 mede
524 2804 627 2876 duplici
651 2805 802 2877 ignorantia
825 2808 929 2864 utiliter
981 2807 1114 2864 distinctae
1141 2813 1254 2880 argento
1279 2817 1328 2874 pro
1356 2803 1462 2859 decore.
1488 2802 1536 2857 Cui
1557 2818 1611 2859 non
1634 2804 1783 2862 admodum

130 2889 332 2963 disputaturum
353 2893 400 2948 :si
427 2892 573 2965 quominus
597 2894 723 2964 implesse
742 2895 844 2964 videor,
868 2898 929 2953 date
981 2897 1086 2968 placeat
1103 2895 1171 2951 ordo
1194 2895 1253 2964 ipse
1269 2890 1467 2947 donationum?
1483 2891 1616 2958 Primum,
1628 2893 1784 2950 misericor-

130 2977 235 3034 reniam
254 2977 363 3036 volenti.
389 2979 456 3035 Nam
480 2979 548 3036 velle
569 2981 673 3050 adjacet
695 2981 772 3053 mibi,
798 2983 926 3054 perficere
982 2985 1051 3040 diter
1071 2983 1218 3046 liberatur;
1235 2979 1364 3044 secundo,
1389 2979 1531 3051 dignanter
1550 2980 1711 3052 adamatur3
1728 2989 1782 3038 ter-

131 3077 222 3121 autem
236 3081 291 3123 non
305 3067 424 3138 invenio,
440 3067 492 3124 uisi
506 3075 637 3142 quantum
650 3085 698 3126 sua
713 3069 876 3141 benignitate
891 3071 925 3125 ad
980 3065 1027 3142 tio,
1043 3071 1161 3144 benigue
1179 3065 1282 3126 1407
1297 3066 1413 3122 abluitur
1425 3075 1453 3120 et
1467 3074 1614 3140 purgatum
1631 3075 1780 3139 postremo,

131 3157 249 3210 vestram
275 3153 479 3212 edificationem
504 3155 598 3230 largiri
626 3157 783 3229 dignabitur
811 3173 927 3228 sponsus
943 3157 965 3236 Β
980 3160 1077 3233 optimi
1091 3157 1241 3215 ornamenti
1255 3154 1353 3226 accipit
1368 3153 1588 3228 promissionem.

131 3241 259 3298 Ecclesia
267 3244 345 3316 lesus
360 3243 485 3302 Christus
498 3245 630 3300 Dominus
644 3253 747 3310 noster,
762 3246 809 3317 qui
822 3253 863 3302 est
876 3263 925 3303 su·
1015 3252 1041 3306 3.
1063 3247 1123 3303 Non
1146 3243 1254 3316 ambigo
1279 3243 1410 3313 quosdam
1426 3242 1483 3312 jem
1503 3248 1621 3299 vestrum
1638 3243 1664 3297 in
1681 3255 1779 3302 semet-

131 3348 181 3400 per
194 3330 282 3388 omnia
296 3333 371 3388 Deus
385 3333 543 3388 benedictus
558 3333 584 3387 in
600 3334 708 3389 saecula.
724 3336 821 3390 Amen.
979 3335 1045 3407 ipsis
1060 3347 1257 3407 recognoscere
1276 3345 1336 3402 que
1361 3329 1495 3396 dicuntur,
1512 3331 1678 3402 proprioque
1696 3349 1779 3404 expe·

391 3436 509 3494 spano
527 3439 661 3494 χχχιχ,
980 3425 1095 3480 rimento
1119 3420 1300 3478 commonitos
1321 3420 1355 3474 ad
1379 3418 1581 3492 intelligentiam
1615 3421 1777 3492 praevolare.

131 3547 169 3600 De
182 3545 310 3600 mmm
325 3543 480 3600 pharam
501 3543 530 3598 gd
543 3548 587 3600 m
601 3543 705 3598 diaboli
731 3547 759 3600 a,
773 3545 925 3617 deprimi,
980 3510 1036 3568 Sed
1049 3525 1114 3566 sana
1133 3523 1237 3564 memor
1258 3507 1380 3564 versiculi
1395 3505 1465 3562 illius
1482 3525 1489 3560 ι
1505 3506 1662 3566 declaratio
1678 3526 1780 3568 sermo

163 3615 246 3688 pibus
261 3615 414 3678 exercitus,
438 3587 490 3686 qm¹
511 3617 580 3669 gum
598 3587 724 3678 mliiid,
753 3615 881 3679 luxuria,
898 3617 926 3672 gt
980 3596 1580 3665 nummorumilluminal,eiilllellddtitm
1590 3597 1779 3669 deiparentia

165 3688 296 3742 auaritia.
981 3687 1068 3758 (Psoi.
1092 3701 1192 3752 cxvux,
1216 3681 1296 3756 130};
1327 3699 1376 3755 pro
1398 3682 1554 3753 hujusmodi
1573 3683 1686 3756 dignum
1710 3685 1779 3742 drxco

169 3775 347 3847 leqoitotui
355 3790 417 3831 mco
425 3775 457 3828 irc
467 3773 598 3830 curribus
607 3774 764 3830 Pharaonis
774 3773 931 3830 assimilavi
980 3777 1073 3832 eadem
1089 3773 1193 3830 modice
1206 3771 1287 3827 latius
1301 3763 1480 3840 explananda.
1499 3770 1637 3843 benignus
1652 3780 1693 3828 est
1707 3775 1779 3830 enim

128 3865 169 3925 tc,
184 3861 454 3930 omicomeoldant.
467 3876 494 3925 x,
504 3861 539 3928 8).
550 3862 620 3914 Ante
635 3862 723 3916 omniu
738 3861 765 3915 in
782 3861 825 3916 bis
840 3860 930 3915 verbis
979 3847 1096 3936 Spiritus
1114 3860 1254 3933 sapientie
1281 3859 1359 3932 (Sap.
1382 3874 1402 3923 ι,
1419 3859 1458 3930 6),
1474 3863 1500 3914 ct
1526 3859 1611 3930 placet
1634 3860 1672 3916 illi
1687 3863 1781 3920 doctor

129 3949 246 4004 libenter
259 3947 409 4020 accipimus
422 3949 554 4006 Ecclesia
570 3960 661 4022 lypum
680 3948 709 4003 iu
724 3947 844 4020 patribus
859 3962 930 4020 proe·
980 3953 1112 4023 benignus
1126 3956 1153 4006 et
1166 3949 1294 4021 diligens,
1318 3947 1364 4018 qui
1388 3947 1424 4000 ita
1446 3946 1536 4018 cupiat
1549 3947 1703 4006 satisfacere
1721 3959 1779 4006 stu-

131 4034 259 4102 cessisse,
285 4041 313 4090 ει
339 4043 439 4090 nostrae
461 4043 629 4091 sacramenta
649 4035 743 4090 salutis
767 4044 932 4108 praeostensa
980 4041 1075 4104 diosis,
1100 4048 1129 4094 ut
1152 4022 1257 4094 morem
1276 4051 1372 4108 gerere
1397 4035 1561 4090 tardioribus
1583 4050 1637 4092 nou
1661 4047 1777 4094 recusat.

130 4139 202 4179 esse.
218 4123 247 4177 ln
263 4123 338 4179 exitu
354 4124 438 4180 lsrael
451 4123 485 4179 de
499 4125 627 4196 AEgypto,
643 4123 808 4196 geminoque
823 4122 868 4181 illo
882 4123 931 4180 ad·
980 4128 1119 4198 Denique:
1140 4127 1192 4195 Qot'
1206 4123 1352 4182 elucidant
1367 4138 1421 4190 me,
1437 4124 1528 4179 vitam
1542 4128 1678 4182 eternum
1695 4125 1780 4182 hube-

130 4212 258 4270 mirabilia
277 4213 359 4272 maris
380 4212 522 4286 obsequio,
536 4220 563 4270 et
588 4215 730 4270 transitum
751 4213 854 4270 scilicet
879 4229 931 4284 po-
981 4212 1427 4287 bost,aitipsaSapientialccclt.
1439 4226 1516 4279 xxxv,
1528 4212 1586 4282 all:
1602 4228 1656 4284 quo
1670 4213 1778 4286 quidem

127 4301 194 4374 pulo
208 4301 305 4375 dentis,
321 4309 349 4358 ει
366 4301 497 4359 ultionem
518 4302 552 4358 de
566 4302 704 4368 hostibus,
719 4301 843 4374 baptismi
858 4317 924 4374 gra·
980 4303 1091 4376 praemio
1113 4318 1166 4377 ego
1190 4301 1307 4359 fraudari
1332 4298 1473 4357 noluerim.
1501 4299 1659 4371 Quanquam
1680 4301 1708 4356 in
1738 4301 1781 4358 his

126 4390 165 4446 tia
178 4390 316 4448 evidenter
339 4389 509 4462 exprimitur,
524 4391 651 4447 salvantis
675 4391 806 4461 homines,
822 4398 849 4445 et
871 4389 923 4446 cri·
979 4392 1060 4450 etiem
1076 4407 1137 4464 quae
1160 4383 1396 4459 plana'videutur,
1422 4387 1585 4460 quandoque
1609 4388 1671 4444 talia
1686 4389 1780 4462 latent,

126 4478 200 4533 mina
219 4479 428 4553 submergentis.
456 4479 567 4546 Omnes,
591 4479 688 4551 inquit,
703 4479 752 4534 sub
775 4479 848 4535 nude
874 4481 924 4550 stt·
979 4497 1040 4554 quae
1059 4480 1125 4552 ipsis
1139 4495 1259 4552 quoque,
1274 4480 1320 4548 qui
1335 4476 1491 4546 capaciores
1515 4476 1638 4532 videntur
1662 4484 1690 4533 et
1708 4493 1780 4548 praa·

127 4572 225 4633 erunt,
238 4572 373 4625 ctomncs
390 4570 422 4625 in
437 4569 523 4640 ldoqse
538 4567 674 4642 baptisati
686 4572 753 4624 suot
771 4570 803 4624 in
813 4568 887 4625 nube
898 4572 926 4624 ct
980 4569 1100 4626 volantes
1113 4566 1235 4640 ingenio,
1260 4581 1315 4621 non
1328 4565 1381 4620 erit
1405 4563 1499 4620 inutile
1518 4563 1542 4619 si
1556 4563 1711 4638 diligentius
1734 4567 1783 4624 de·

129 4657 163 4712 in
176 4658 251 4713 niori
260 4655 289 4727 (l
300 4657 361 4716 dor.
373 4672 404 4728 x,
417 4660 443 4728 l,
459 4657 563 4730 2).·Sed
576 4663 684 4729 oportet
697 4656 925 4727 consequentiam,
980 4657 1124 4714 clarentur.

130 4744 199 4802 sicut
213 4745 342 4814 solemus,
361 4745 471 4818 signare
485 4747 639 4812 verborum,
656 4751 683 4800 et
696 4744 836 4816 sequentia
850 4743 927 4815 prio·
1017 4747 1043 4800 i.
1059 4745 1111 4800 Sed
1135 4743 1195 4801 vide
1218 4743 1275 4811 jam
1302 4741 1504 4797 similitudinem
1531 4743 1565 4796 de
1593 4745 1732 4800 Pharaone
1756 4755 1783 4800 et

130 4835 213 4890 ribus
228 4835 373 4905 copulare;
389 4844 419 4890 et
440 4834 476 4890 ita
500 4835 611 4890 demum
624 4833 725 4890 elicere
745 4849 828 4890 suave
847 4831 926 4904 quid·
982 4833 1243 4901 exer·cituse1'us,et
1264 4829 1374 4886 Domini
1398 4828 1531 4900 equitatu.
1547 4831 1606 4886 Non
1621 4831 1691 4887 inter
1705 4832 1784 4904 ipsos

131 4921 215 4994 piam,
231 4924 254 4978 si
269 4939 422 4995 possumus,
437 4923 510 4996 quud
525 4923 609 4994 prosit
623 4923 742 4978 moribus
755 4919 928 4978 instruendis.
982 4923 1119 4980 exercitus
1142 4920 1291 4976 similitudo
1314 4919 1376 4974 data
1400 4925 1451 4989 est,
1478 4919 1526 4974 sed
1553 4918 1588 4975 de
1610 4919 1687 4991 ipsis.
1711 4919 1780 4992 Quae

134 5011 187 5066 Ubi
203 5009 290 5083 itaque
304 5027 412 5085 sponsae
424 5012 603 5084 presumptio
624 5013 691 5067 dura
713 5018 740 5068 et
763 5017 871 5068 austera
885 5010 929 5064 in·
984 5012 1055 5070 enim
1071 5009 1188 5068 societas
1207 5008 1258 5064 luci
1279 5007 1311 5062 ad
1331 5007 1476 5063 tenebras?
1491 5015 1537 5062 ant
1555 5023 1616 5080 quaa
1630 5024 1693 5079 pars
1707 5009 1785 5067 ildeli

132 5099 290 5170 crepatione
303 5116 428 5172 repressa
441 5109 500 5172 est;
516 5118 548 5156 ne
563 5101 664 5156 tristior
679 5108 839 5169 remaneret,
855 5097 928 5154 bona
983 5117 1044 5159 cum
1063 5097 1187 5155 infideli?
1203 5097 1254 5152 Sed
1268 5097 1339 5151 inter
1351 5102 1470 5151 sanctum
1489 5094 1711 5170 spiritualemque
1725 5097 1784 5150 ani·

133 5188 172 5244 illi
183 5187 413 5262 aliqua,quejanr
423 5197 573 5262 acceperat,
584 5189 618 5244 ad
629 5188 785 5244 memoriam
795 5188 931 5244 reducun·
985 5204 1067 5253 mam,
1087 5197 1114 5244 et
1127 5186 1275 5258 equitatum
1289 5182 1398 5240 Domini
1413 5182 1491 5254 plane
1510 5184 1674 5256 comparatio
1688 5191 1738 5250 est,
1760 5189 1786 5240 ει

135 5285 190 5344 tur,
201 5288 229 5334 ει
242 5277 332 5350 aliqua
346 5295 406 5352 qum
418 5279 540 5336 nondum
555 5289 703 5351 acceperat,
720 5276 929 5348 promittuntur;
987 5279 1057 5333 inter
1075 5277 1241 5332 Pharaonem
1261 5281 1288 5328 et
1311 5271 1458 5340 diabolum,
1475 5274 1670 5342 amborumque
1683 5274 1788 5328 exerci-

136 5365 185 5422 sed
200 5377 228 5422 et
241 5367 362 5439 pulchra
375 5365 642 5439 denuoperbibetur‚
654 5377 681 5423 ει
694 5366 846 5438 appellatur
865 5365 931 5421 ami·
986 5375 1040 5424 tus.
1061 5365 1117 5423 Nec
1135 5361 1275 5418 miraberis
1300 5376 1380 5416 unam
1404 5359 1521 5416 animam
1540 5361 1674 5431 equitatus
1698 5362 1787 5416 multi-

135 5471 178 5512 ca.
198 5455 277 5526 Quod
294 5454 351 5525 tibi,
367 5455 539 5530 inquit‚dure
554 5455 661 5513 locutus
675 5472 746 5525 sum,
760 5454 849 5510 amica
861 5469 932 5525 mea,
987 5453 1074 5511 tudini
1100 5452 1254 5517 similatam,
1279 5451 1301 5505 si
1321 5450 1447 5505 advortas
1472 5456 1579 5520 quantae
1601 5449 1629 5504 in
1653 5448 1714 5522 ipsa
1736 5466 1789 5506 una

136 5545 211 5602 nulla
224 5544 252 5600 iu
268 5560 312 5600 me
330 5543 380 5602 tibi
393 5544 511 5618 suspicio
530 5544 633 5601 allodii
651 5544 696 5600 vel
716 5545 847 5600 rancoris.
866 5543 934 5599 Nam
987 5559 1048 5616 quae
1068 5553 1155 5598 tamen
1170 5548 1262 5596 sancta
1275 5537 1365 5594 anima
1379 5534 1424 5601 sit,
1441 5537 1569 5592 virtutum
1584 5535 1656 5594 acies
1671 5539 1789 5594 habeun-

138 5634 218 5708 signa
234 5633 440 5692 amorismeiin
457 5633 628 5691 tee'videntia
647 5634 780 5706 suntipsa
802 5649 857 5690 mea
876 5649 936 5704 mu-
991 5641 1051 5700 tur;
1069 5635 1170 5704 quanta
1199 5627 1225 5683 in
1254 5623 1442 5682 allectionibus
1471 5623 1615 5690 ordinatio,
1641 5633 1740 5698 quanta
1763 5628 1790 5683 in

141 5739 217 5794 nera,
234 5723 332 5800 quibua
347 5733 371 5780 ιι
391 5724 520 5782 honoravi
535 5732 562 5784 ει
583 5724 686 5782 ornavi.
702 5725 760 5780 Nec
774 5722 840 5782 mihi
855 5721 938 5780 animi
991 5720 1114 5778 moribus
1130 5717 1282 5791 disciplina,
1298 5725 1399 5790 quanta
1417 5715 1444 5770 in
1459 5714 1628 5773 orationibus
1645 5726 1791 5788 armatura,
