4150 6348
269 437 322 501 583
739 434 768 494 S.
788 430 956 494 attilani
975 427 1112 492 tanaus
1131 429 1445 496 calamitatibus
1861 439 1914 500 58l

267 559 465 638 gitatiosaneta
480 555 665 626 semabitnos,
682 563 711 614 ut
722 557 844 614 meamus
862 572 925 613 cnm
939 563 1033 614 sancto
1054 573 1061 610 :
1080 568 1104 648 p
1121 553 1234 629 otiosis3
1259 564 1301 614 est
1325 556 1419 631 lingua
1439 555 1586 630 impudica,
1605 563 1648 613 est
1674 563 1703 614 rt
1720 559 1916 636 magniloqua:

269 646 1064 721 lledttatt'ocordismeit'ooortrpeotatttoscmpor,liootioc
1119 660 1233 716 quaram
1243 647 1331 719 prima
1345 647 1473 716 lascivia,
1493 661 1613 718 sequens
1624 645 1788 718 arrogantia
1802 647 1917 707 lamula-

268 738 385 811 cdjator
396 751 488 806 meat,
504 741 533 794 ct
547 737 707 810 redemptor
719 751 798 794 meas
814 733 1061 806 (trutmonia).
1117 739 1170 788 tur.
1185 733 1233 789 Est
1246 736 1325 790 etiam
1341 733 1430 808 lingua
1450 733 1557 803 dolosa,
1588 740 1616 790 et
1643 735 1707 790 item
1722 733 1814 810 lingua
1828 741 1915 796 mnin-

489 823 729 882 tilestuna
743 826 833 882 XVll.
1117 820 1200 877 dica:
1227 837 1343 895 quarum
1374 825 1457 878 alters
1472 820 1688 895 intelsiloquam
1717 830 1746 878 et
1763 825 1919 888 adulatoria

302 917 342 972 lte
353 913 461 987 triptici
474 915 615 987 custodio,
630 931 744 988 monus,
762 916 870 986 tineae
884 916 912 972 et
922 911 1024 972 cordis.
1117 909 1313 981 subdividitur3
1335 912 1421 968 altera
1442 925 1508 968 vero
1529 909 1637 966 nuncia
1652 909 1720 968 tacta
1733 913 1914 975 contumelias

305 1007 331 1059 l.
345 1003 448 1060 Omnes
467 1003 546 1059 nobis
567 1019 715 1061 causamur
737 1003 834 1060 deesse
861 1001 990 1076 gratiam3
1017 998 1064 1055 aed
1116 996 1231 1070 irrogat,
1251 1015 1323 1054 nunc
1340 999 1455 1056 detrahit
1478 998 1506 1054 in
1521 999 1622 1057 oculto.
1639 997 1719 1066 Quod
1741 1003 1764 1057 ai
1781 1003 1816 1058 de
1840 1005 1915 1062 omni

266 1093 366 1164 justius
381 1089 494 1148 forsitan
509 1092 570 1163 ipsa
588 1091 639 1148 sibi
652 1092 775 1165 queritur
788 1089 873 1165 pratia
887 1091 985 1147 deesse
997 1103 1064 1144 nun·
1117 1085 1159 1143 ael
1175 1086 1264 1144 otioso
1288 1087 1384 1158 verbo,
1407 1087 1591 1160 quodcunque
1605 1087 1686 1146 locuti
1708 1087 1811 1148 fuerint
1824 1093 1915 1148 bomi-

267 1181 369 1237 nullos.
382 1180 486 1251 Nempe
500 1195 545 1236 res
558 1179 650 1237 cordis
671 1187 712 1236 est
729 1183 817 1251 gratia
836 1177 986 1234 devotionis
1000 1176 1064 1248 ista,
1117 1190 1175 1244 nes,
1200 1177 1261 1232 Deo
1283 1183 1347 1234 strat
1374 1175 1506 1233 reddituri
1535 1175 1669 1232 rabonem
1700 1177 1729 1233 in
1750 1179 1796 1237 die
1820 1181 1915 1250 judicii

268 1283 351 1340 quiam
365 1267 528 1340 nucerinum
545 1268 634 1326 ctboc
646 1283 760 1324 munere
774 1267 833 1339 ipse
847 1283 875 1322 se
889 1265 1006 1338 fraudat,
1017 1265 1064 1337 qui
1118 1265 1230 1338 (bottis.
1246 1281 1293 1336 au,
1315 1267 1360 1338 36)
1377 1265 1503 1337 iquanto
1514 1264 1670 1338 ⁴districtius
1680 1265 1716 1322 dc
1737 1267 1822 1325 ambo
1833 1285 1915 1327 mea·

270 1356 404 1414 internum
420 1355 447 1412 ei
459 1355 612 1414 dissimulat
624 1357 824 1428 receptaculum
851 1353 988 1414 exhibere.
1003 1354 1064 1411 Cae·
1118 1352 1188 1422 daci,
1203 1354 1324 1412 mordaci
1339 1362 1367 1410 et
1379 1354 1522 1424 injuriosa,
1538 1353 1572 1410 de
1592 1353 1662 1411 elato
1680 1353 1726 1411 sel
1751 1355 1860 1426 lasciva,
1879 1359 1915 1415 dc

267 1451 360 1502 terum
376 1443 452 1502 ande
475 1443 513 1499 illi
538 1459 603 1502 cura
626 1445 728 1514 cordis,
742 1443 786 1501 oui
806 1444 840 1500 de
867 1443 926 1515 ipsa
953 1442 1064 1515 quidem
1117 1443 1268 1500 adulatorio
1282 1450 1328 1502 aut
1349 1443 1515 1500 detractorio
1529 1441 1745 1514 iudicabuntur?

268 1533 358 1590 adbuc
372 1533 427 1589 oris
442 1533 661 1604 circumspectio,
676 1547 726 1588 seu
751 1545 849 1588 manns
876 1531 999 1588 custodia
1019 1547 1065 1586 su·
1153 1535 1179 1586 3.
1197 1530 1283 1601 Quam
1301 1547 1366 1590 vcra
1387 1532 1530 1601 senentis,
1551 1533 1664 1589 lratrcs:
1680 1536 1713 1592 lrt
1730 1536 1914 1610 multiloquio

266 1621 358 1680 best?
380 1623 441 1678 Non
459 1620 511 1678 sibi
531 1621 625 1678 deesse
657 1621 771 1678 miretur
791 1619 1062 1686 consummationem,
1118 1636 1175 1678 rtort
1189 1621 1309 1693 effaetas
1322 1622 1584 1694 peccatcmiffroo.
1600 1626 1699 1693 mli.)
1710 1623 1744 1680 Ut
1757 1623 1829 1679 euim
1843 1641 1915 1698 prar-

266 1709 313 1783 qui
326 1723 378 1766 nec
392 1708 500 1766 initium
513 1710 705 1782 apprehendit3
721 1709 770 1766 sed
785 1725 820 1764 ne
835 1709 857 1765 is
870 1723 978 1781 quoque
1005 1706 1063 1781 qui,
1098 1727 1101 1732 ·
1119 1715 1221 1765 teneam
1248 1715 1356 1781 caetera,
1377 1708 1399 1765 si
1425 1714 1570 1780 propterea
1592 1709 1709 1766 odaeum
1737 1717 1778 1766 est
1790 1711 1913 1785 verbum,

266 1797 373 1855 initium
384 1799 443 1871 jam
461 1805 555 1855 tenme
569 1797 685 1871 ridetur,
700 1799 723 1854 si
739 1797 772 1854 ad
786 1797 905 1853 medium
929 1811 984 1853 non
1000 1811 1062 1867 per·
1119 1797 1192 1871 quod
1212 1797 1314 1854 nullam
1340 1796 1526 1853 rationabilem
1553 1811 1662 1853 cauam
1692 1798 1800 1865 habnt,
1832 1817 1915 1872 qnam

265 1886 355 1945 venit.
369 1887 499 1960 lingnam
512 1895 554 1943 est
572 1887 675 1943 homini
694 1887 817 1944 saeculari
836 1885 951 1942 mundas
965 1885 1063 1941 habere
1080 1847 1102 1925 Β
1118 1887 1249 1943 rationem
1263 1885 1298 1942 de
1310 1901 1343 1943 eo
1353 1885 1470 1941 reddere
1486 1883 1645 1957 poterimus,
1660 1886 1733 1959 qnod
1746 1893 1789 1944 est
1815 1901 1915 1961 preter

266 1989 363 2032 manus
380 1991 387 2033 τ
403 1976 537 2031 monacho
551 1990 606 2031 non
622 1983 665 2032 est
680 1990 821 2046 maguum,
838 1973 885 2032 sed
901 1975 980 2047 plane
1003 1989 1063 2028 ma-
1117 1975 1271 2032 rationemi
1297 1975 1383 2030 lisoio
1409 1981 1541 2038 vestrum,
1572 1973 1677 2042 iratres,
1695 1975 1772 2044 parri
1800 1976 1915 2034 estimet

267 2079 350 2137 gnum
365 2064 389 2119 ei
403 2063 504 2118 malum
518 2078 579 2120 esse
594 2063 730 2135 probatur,
751 2079 785 2120 ne
808 2063 929 2136 ipsarum
953 2061 1063 2135 quidem
1117 2072 1225 2138 tempus
1244 2063 1316 2137 quod
1331 2063 1359 2118 in
1381 2063 1459 2119 vobis
1490 2062 1659 2121 consumitur
1673 2062 1793 2124 otiosis:
1827 2065 1914 2138 siqni-

266 2153 393 2226 contagia
405 2151 551 2209 declinere.
567 2151 625 2208 lmo
638 2166 705 2208 varo
720 2159 747 2208 et
761 2152 788 2208 in
803 2152 869 2224 ipsis
877 2165 987 2225 quoque
1001 2165 1063 2205 ma·
1116 2155 1179 2210 dem
1208 2161 1314 2224 tempus
1337 2150 1500 2221 acceptabile
1514 2157 1567 2218 est,
1588 2159 1615 2208 et
1628 2149 1688 2206 dies
1714 2152 1815 2209 salutis
1836 2153 1916 2210 Volat

265 2239 347 2296 nibus
359 2241 443 2313 longe
457 2239 573 2313 amplior
591 2240 732 2308 munditia,
753 2248 781 2298 et
793 2239 897 2310 justitia
922 2240 1064 2295 abnndan-
1118 2243 1232 2299 verbum
1245 2238 1432 2306 irrevocabile,
1448 2239 1518 2295 volat
1541 2245 1647 2309 tempus
1660 2239 1847 2310 irremeabile,
1863 2255 1916 2298 nec

264 2326 318 2383 tior
337 2327 442 2385 anobis
456 2329 583 2402 exigitur,
599 2345 680 2401 quatra
709 2329 823 2386 abillis.
852 2328 984 2386 Nimirum
1011 2329 1064 2386 illis
1117 2327 1233 2384 advertit
1257 2327 1389 2400 iusipiens
1417 2329 1482 2400 quid
1500 2327 1612 2383 amittat.
1637 2326 1714 2385 libet
1733 2328 1913 2397 confabulari,

263 2414 365 2472 dicitur
379 2437 386 2474 ε
399 2419 496 2489 lbettc
509 2418 730 2489 somicotiortem
740 2417 765 2490 (l
780 2419 841 2476 dor.
857 2422 922 2484 tvl,
938 2419 985 2487 8)‚·
1013 2424 1062 2475 et:
1118 2417 1203 2484 aiant,
1218 2416 1306 2474 donec
1318 2417 1385 2472 bore
1408 2423 1553 2488 pretereat
1565 2413 1681 2488 (80·).0
1697 2415 1784 2474 donec
1800 2413 1915 2474 atto

269 2505 322 2573 Qui
348 2503 502 2576 furabatur
515 2507 578 2579 jam
607 2521 665 2562 otto
688 2507 804 2577 foretur
828 2505 937 2579 (tiphos.
953 2520 992 2575 tr,
1007 2505 1064 2577 08),
1117 2513 1262 2579 pretereat
1279 2504 1363 2560 borel
1378 2520 1395 2561 o
1408 2504 1497 2560 donec
1508 2511 1677 2575 pertranseat
1691 2503 1813 2576 tempusl
1825 2503 1915 2562 donec

268 2599 422 2665 ceteraque
441 2593 542 2650 similia
558 2606 564 2648 :
582 2609 644 2667 quoe
657 2595 704 2666 qui
729 2593 853 2662 iecerint,
884 2609 1001 2667 regnum
1016 2593 1066 2649 lici
1120 2601 1185 2650 itura
1199 2601 1351 2668 pretereat,
1368 2607 1449 2666 quam
1463 2593 1512 2649 tibi
1530 2595 1564 2648 ad
1579 2593 1711 2664 agendam
1727 2593 1913 2666 poenitem

267 2695 322 2738 non
336 2690 544 2754 consequentur.
558 2683 689 2753 Nunquid
704 2689 730 2737 et
744 2682 823 2739 nobis
846 2683 881 2738 ab
908 2683 1065 2753 huiusmodi
1118 2684 1152 2740 ad
1176 2683 1351 2740 obtinendam
1373 2683 1492 2752 reniam,
1512 2683 1544 2737 ad
1574 2681 1766 2752 acquirendam
1786 2683 1911 2754 gratiam,

266 2769 400 2842 contagiis
427 2785 541 2841 operum
557 2779 584 2826 et
608 2777 663 2826 tam
682 2771 758 2842 graui
786 2785 913 2826 manuum
932 2769 1064 2828 contami·
1119 2772 1151 2828 ad
1172 2773 1287 2844 gloriam
1302 2771 1510 2845 promerendam
1539 2769 1676 2827 miseratio
1699 2769 1853 2828 conditoris
1867 2771 1912 2826 in·

266 2856 375 2913 medone
391 2857 591 2914 timendumest
606 2857 620 2915 l
635 2857 689 2914 Sed
712 2871 766 2930 quc
795 2858 935 2915 nitidiores
955 2873 1064 2924 manus,
1118 2860 1225 2937 dulgetl
1244 2861 1334 2917 donec
1348 2866 1468 2916 transcat
1495 2865 1611 2928 tempus,
1636 2873 1691 2930 quo
1717 2858 1836 2915 divinam
1865 2858 1914 2914 ubi

265 2959 298 3000 eo
313 2944 424 3016 gravius
438 2960 548 3018 quoquo
562 2946 654 3002 minor
668 2945 696 3002 iu
715 2944 754 3002 eis
771 2961 866 3003 noetus
884 2946 999 3003 oiicndit
1016 2959 1023 2998 t
1040 2955 1067 3002 et
1119 2949 1299 3020 repropitiare
1312 2948 1447 3006 debueras
1465 2947 1604 3018 pietatem,
1620 2961 1766 3018 properare
1777 2947 1811 3001 ad
1824 2961 1912 3020 ange-

265 3031 336 3088 sicut
350 3033 495 3103 pretiosam
511 3041 611 3089 vestem
626 3033 726 3105 exigua
745 3034 848 3105 queris
874 3034 982 3091 macula
1005 3043 1066 3090 tur·
1118 3037 1198 3095 licam
1213 3038 1380 3104 societatem,
1397 3037 1535 3109 suspirare
1553 3037 1586 3092 ad
1611 3035 1742 3092 amissam
1765 3035 1911 3091 bsersdita·

265 3120 327 3192 pius
340 3119 491 3190 decolorat3
508 3121 588 3177 nobis
602 3121 636 3177 ad
652 3121 849 3178 immunditiam
863 3122 974 3178 minima
997 3139 1059 3195 quae
1074 3117 1096 3197 c
1112 3137 1176 3196 tem,
1201 3126 1321 3199 aspirare
1352 3126 1385 3181 ad
1415 3125 1574 3197 promissam
1603 3123 1766 3190 felicitatem,
1795 3123 1912 3180 excitare

265 3209 660 3270 libetinobedientiasuificit:
678 3225 730 3267 uec
746 3211 913 3282 jamnaeus
938 3218 990 3278 est,
1014 3215 1062 3267 sed
1112 3217 1253 3274 remissam
1276 3214 1452 3285 voluntatem,
1484 3213 1551 3270 llere
1581 3212 1755 3268 commissam
1782 3210 1910 3283 iniquita·

265 3298 356 3371 pravis
369 3297 483 3370 macula,
498 3298 522 3354 si
536 3299 564 3354 iu
577 3297 730 3356 actionibus
749 3299 849 3356 nostris
862 3298 906 3357 rel
926 3299 1059 3356 minorum
1112 3303 1178 3362 uini
1191 3304 1236 3362 sie
1248 3302 1385 3370 nimirum,
1403 3303 1444 3360 sic
1457 3301 1594 3374 quiante,
1609 3315 1672 3356 cum
1691 3299 1738 3356 diu
1761 3298 1914 3357 desiderata

264 3385 364 3444 residet
377 3386 546 3460 negligentia
558 3387 759 3444 mandatorum.
775 3389 838 3446 llaec
851 3387 934 3461 igitur
948 3402 1060 3458 operum
1113 3393 1235 3450 nituerit
1248 3391 1436 3464 opportunitas
1449 3388 1611 3462 seminanda
1628 3389 1667 3445 sic
1689 3389 1830 3458 rinitores,
1849 3403 1912 3445 cum

263 3473 401 3550 diligentia
415 3476 610 3532 servandorum
624 3475 701 3532 initia
721 3485 822 3534 nosmet
848 3475 1060 3534 conversationis
1113 3488 1297 3555 enspnnintnm
1307 3488 1416 3553 tempus
1429 3479 1576 3550 putationis
1598 3477 1748 3558 advenerit,
1775 3475 1912 3534 iuvenisse

264 3573 381 3632 exercet,
393 3564 553 3620 dumadhuc
560 3563 673 3638 quidem
688 3565 835 3634 modicum,
850 3565 898 3621 sed
908 3565 1060 3634 tanesiam
1113 3570 1315 3643 nnnnpntinnes‚
1332 3577 1359 3627 nt
1371 3567 1450 3642 qnasi
1470 3565 1744 3640 irreprehensibiliter
1757 3565 1816 3621 siue
1827 3579 1911 3637 opere

265 3651 356 3708 lumen
378 3651 407 3708 in
421 3651 501 3708 nobis
515 3661 574 3713 eat:
592 3653 644 3710 nisi
668 3651 738 3710 torte
754 3669 887 3728 magnum
907 3667 938 3710 sc
965 3660 1061 3726 putarit
1113 3661 1185 3716 diem
1196 3658 1361 3733 transegisse
1371 3657 1516 3714 iaetauturi
1538 3655 1584 3712 Sic
1607 3654 1768 3712 instantibus
1783 3653 1912 3711 nundinis

264 3740 365 3795 babere
386 3739 487 3808 lumen,
511 3740 612 3813 quibus
633 3741 737 3798 Veritas
761 3742 819 3798 ait:
841 3743 911 3800 Cam
931 3743 1061 3813 feceritis
1112 3749 1251 3807 institores
1265 3755 1487 3814 necteremoras,
1503 3746 1660 3802 occasiones
1683 3758 1804 3818 querere
1824 3744 1912 3800 solent

264 3831 362 3887 mm
376 3845 440 3902 tw
448 3833 591 3903 proecepto
600 3833 670 3888 “ml
679 3832 763 3899 vobit·
779 3831 885 3890 dicite-⁹
900 3831 973 3900 (20ῑο
986 3829 1060 3887 000·οῐ
1113 3855 1148 3896 uo
1161 3855 1242 3911 quem
1256 3837 1325 3894 lorte
1337 3837 1389 3893 sibi
1403 3851 1437 3892 ex
1453 3835 1494 3892 eis
1515 3843 1650 3907 questum
1679 3833 1822 3906 prorenire
1844 3847 1910 3890 con·

274 3919 383 3976 namet
405 3935 524 3988 samus,-
553 3934 616 3992 qaae
644 3919 790 3978 dctrdmtts
819 3921 914 3992 sotere
940 3919 1060 3992 [ximat
1113 3929 1219 4004 tingat?
1239 3927 1286 3985 Sic
1313 3927 1430 3998 denique
1460 3937 1594 3997 pauperes
1617 3921 1814 3992 mendicantes,
1843 3937 1909 3978 cum

264 4005 346 4077 (IM-
360 4020 428 4076 ¹l¹¹t
444 4006 501 4079 ¹⁰l·
514 4006 550 4063 Se
564 4007 744 4079 1100ῑῦ0οῑθὸ
757 4007 1059 4080 Pwlltlhllfflffiitltm
1113 4017 1204 4074 multis
1223 4015 1386 4074 clamoribus
1404 4021 1531 4071 moestus
1554 4013 1661 4068 tandem
1689 4009 1805 4068 adiuerit
1837 4009 1908 4067 elec-

262 4095 367 4152 monuit
380 4111 441 4152 esse
463 4096 618 4153 dicendum.
636 4097 717 4153 Plane
732 4105 842 4170 propter
855 4095 1034 4154 bumilitatem
1050 4117 1056 4154 :
1113 4121 1287 4178 mosynarum
1301 4102 1472 4172 diauibntur,
1483 4101 1642 4163 diverticula
1655 4107 1777 4171 captam,
1793 4108 1821 4156 ct
1839 4113 1909 4155 coa·

262 4184 310 4240 sed
326 4183 449 4257 nunquid
473 4195 567 4242 contra
592 4185 735 4241 veritatem
750 4189 764 4243 i
778 4186 912 4242 Caeterum
931 4184 956 4243 ri
984 4187 1059 4242 circe
1112 4195 1297 4254 enatantibus
1327 4193 1410 4252 soniis
1424 4206 1526 4256 vacuos
1541 4190 1665 4248 ambiunt
1677 4203 1812 4259 occupare
1825 4202 1910 4246 10000·

262 4271 394 4328 f⁸02⁰f¹¹¹⁰
403 4285 512 4344 l¹¹⁰lll¹0
526 4272 675 4329 ⁰⁰⁵⁸0d1⁸¹1¹
684 4272 837 4330 iflltffimul'
854 4273 944 4330 ⁸dh1¹⁰
969 4273 1059 4345 ”edli-
1112 4299 1170 4354 sus,
1187 4291 1215 4341 et
1228 4281 1321 4342 lovere
1334 4283 1451 4339 latebras
1466 4281 1495 4337 in
1508 4281 1616 4352 angulis
1629 4279 1804 4350 platearum?

262 4361 408 4435 gentiores,
424 4376 503 4417 nemo
517 4360 625 4431 sapiens
644 4377 704 4416 cunt
728 4361 834 4434 liquare
860 4361 975 4420 culicem
1001 4377 1059 4420 mo·
1149 4375 1176 4430 t,
1192 4372 1300 4431 utinam
1325 4379 1415 4429 tannen
1435 4371 1478 4431 vei
1492 4369 1580 4426 sulum
1599 4376 1708 4440 tempus
1723 4367 1786 4426 ritte
1801 4365 1909 4424 emiue-

262 4463 335 4525 neat,
350 4455 397 4529 qui
407 4455 509 4513 utinam
523 4473 577 4514 noa
588 4455 684 4530 glutim
698 4458 739 4516 vel
754 4459 896 4516 murelum.
1074 4408 1179 4526 nntur
1196 4461 1223 4518 in
1244 4459 1347 4519 verbis!
1371 4460 1421 4516 sed
1437 4458 1516 4516 multi
1528 4459 1556 4514 iu
1573 4457 1616 4514 bis
1638 4457 1721 4514 edam
1735 4456 1818 4513 sitam
1833 4455 1910 4512 amit-

298 4545 374 4602 0.Αο
393 4545 484 4616 eiiam
498 4561 597 4602 manus
611 4545 868 4617 manutenuerint,
885 4563 935 4605 nec
949 4547 989 4606 sic
1003 4548 1062 4621 qni·
1114 4565 1173 4614 tere
1194 4549 1427 4621 comprobanture
1451 4563 1503 4606 nec
1521 4546 1603 4604 modo
1629 4545 1681 4618 ipsi
1705 4551 1838 4610 amittere,
1861 4543 1910 4601 scd

261 4635 326 4692 dem
340 4634 469 4692 contiuuo
491 4635 527 4691 ad
550 4651 597 4693 cor
612 4635 740 4692 transitur
755 4655 763 4693 ε
786 4637 862 4694 labiis
889 4653 955 4694 sane
978 4655 1060 4694 muu—
1114 4643 1235 4701 adimere
1248 4654 1373 4712 quoque;
1389 4646 1416 4694 et
1429 4639 1482 4694 boc
1497 4635 1625 4693 tratribus
1639 4636 1706 4693 suis.
1721 4637 1764 4690 ln
1774 4631 1911 4691 nonamit·

261 4724 358 4781 daudis
378 4725 526 4781 meandum
549 4723 667 4780 studium
683 4725 774 4782 media
796 4726 948 4784 sollicitudo
970 4727 1057 4785 debe·
1111 4731 1266 4796 tuntvitam
1280 4728 1458 4794 detractores,
1473 4727 1532 4783 Deo
1546 4723 1674 4794 odibiles,
1689 4723 1817 4788 odibiles,
1827 4718 1910 4776 vitel

263 4819 318 4868 tur.
332 4810 411 4876 Quod
426 4811 449 4867 si
463 4811 587 4869 dixeris:
602 4814 691 4869 iterus
710 4823 750 4871 est
764 4817 812 4886 qui
826 4830 967 4872 sermones
990 4829 1056 4872 suos
1111 4821 1191 4896 Fugit
1202 4818 1257 4876 rita
1269 4831 1339 4890 quos
1349 4816 1407 4874 odit
1421 4833 1428 4882 t
1444 4822 1471 4873 et
1480 4831 1549 4886 quos
1560 4813 1703 4886 ritatugit
1713 4812 1784 4870 mori
1798 4827 1910 4871 amesae

263 4898 408 4967 injudicio
435 4899 581 4972 disponere
605 4901 740 4968 videatur,
762 4901 806 4958 rel
829 4918 861 4959 ox
890 4902 941 4960 boc
968 4903 1059 4960 disces
1111 4919 1164 4967 nni,
1198 4910 1239 4965 An
1260 4921 1315 4964 non
1343 4916 1371 4962 et
1394 4903 1453 4976 ipse
1466 4903 1581 4962 moritur
1607 4901 1655 4976 qui
1678 4917 1810 4960 venenum
1828 4901 1906 4970 bibit,

262 5001 345 5060 quam
359 4986 394 5041 sit
413 5001 475 5044 rara
489 4988 632 5059 periretio,
647 5005 710 5046 cum
737 5006 789 5048 nec
815 4990 968 5064 proiectum
983 4991 1056 5052 inre·
1110 4997 1183 5070 quod
1199 4997 1223 5052 ei
1239 4994 1398 5052 malesuada
1411 4992 1573 5052 detractoris
1591 4991 1684 5064 lingna
1703 4989 1847 5062 propinat?
1870 4990 1908 5045 si-

262 5073 338 5131 neris
351 5075 479 5131 omnibus
497 5092 556 5132 ease
572 5092 755 5135 communem.
772 5081 841 5147 Quis
855 5097 920 5137 sane
934 5089 1059 5138 numerat
1112 5085 1223 5157 quidem
1244 5082 1336 5140 lurtim
1354 5081 1379 5128 at
1408 5080 1563 5140 dilectionis
1584 5079 1640 5135 rita
1673 5077 1854 5146 subtrabitur,
1881 5087 1908 5132 et

261 5171 376 5236 quantas
388 5163 524 5222 modicum
547 5164 648 5241 linguae
668 5168 820 5224 membrum
836 5170 977 5226 contrabat
1002 5185 1059 5227 sor-
1112 5173 1176 5230 dum
1190 5171 1288 5242 nescit,
1311 5171 1442 5244 paulatim
1457 5171 1485 5226 ia
1499 5185 1533 5226 eo
1549 5169 1667 5226 lrabrna
1688 5166 1809 5223 ebaritas
1833 5164 1910 5222 retri-

261 5252 329 5322 des,
344 5269 424 5326 mam
440 5253 586 5329 multiplea
597 5255 625 5311 in
636 5256 715 5312 labiis
731 5257 927 5315 incircumcisis
938 5257 1058 5316 imman—
1111 5261 1207 5336 gestit
1223 5261 1370 5320 auditurus
1383 5267 1426 5316 est
1434 5258 1551 5316 forsitan
1563 5259 1624 5331 ipse
1637 5269 1747 5330 quoque
1761 5254 1806 5312 cui
1819 5253 1911 5310 detra·

263 5339 331 5396 ditia
344 5343 515 5416 coaguletur,
531 5345 677 5418 quantasit
690 5346 827 5418 pernicies
841 5347 897 5403 oris
911 5347 1058 5406 incircum·
1112 5351 1198 5408 bitur.
1225 5351 1355 5423 Undique
1380 5348 1452 5406 euim
1478 5349 1560 5405 rerba
1584 5344 1688 5418 volant,
1709 5354 1737 5404 ct
1765 5343 1909 5402 multarum

261 5430 375 5501 specii?
398 5431 447 5487 list
474 5434 545 5490 cnim
570 5435 663 5508 lingua
685 5435 816 5492 dissoluta
839 5435 866 5492 in
886 5438 1058 5494 sermonibus
1110 5441 1187 5514 prius
1201 5455 1249 5497 ura
1268 5454 1358 5498 sermo
1380 5437 1578 5512 pertransiens,
1604 5433 1715 5492 dilliu'lc
1736 5433 1799 5491 fieri
1819 5441 1910 5506 potest

298 5537 369 5618 (86')
385 5537 455 5595 ilinc
467 5540 610 5612 colligunt,
631 5543 755 5612 nonnuli,
770 5543 994 5604 cisterciensibus
1009 5548 1057 5602 bo-
1110 5545 1240 5616 riiitates;
1254 5545 1318 5604 alibi
1332 5547 1416 5602 etiam
1431 5543 1623 5611 detractiones,
1634 5540 1739 5617 arguit.
1750 5541 1827 5598 Alias
1844 5555 1909 5596 sane

259 5621 318 5689 ratu
330 5609 477 5681 aliquando
490 5610 524 5666 sd
538 5611 766 5671 confabulandum
789 5629 948 5701 consenum
962 5617 1057 5684 iubae,
1111 5635 1139 5674 m
1196 5625 1281 5677 serat
1293 5620 1365 5691 apud
1379 5633 1427 5676 cos
1440 5618 1553 5700 silentii„
1567 5615 1666 5698 religio
1689 5629 1724 5673 cx
1745 5614 1910 5672 0000000003

259 5679 652 5812 ffiaffiirnffictgs's‘um'
665 5682 763 5758 longas
781 5686 1058 5806 confabulationes:
1112 5689 1147 5748 de
1182 5690 1496 5758 drentn,num.tctsx
1509 5688 1659 5746 malama.

571 5769 621 5827 pra
643 5771 672 5813 tn
690 5769 843 5831 temones,
866 5774 956 5833 iocos,
978 5775 1042 5820 aaut
