4064 6344
157 408 211 498 sis
789 397 958 496 cannones
975 433 1010 495 ιι
1025 433 1176 496 esuries.
1761 427 1816 502 ono

159 559 261 636 gnaris,
277 561 324 634 qui
338 575 435 616 aenum
449 567 474 616 te
489 559 547 616 steri
560 559 953 634 cupioiirnsct‘mini,inquit,
972 572 995 653 Α
1013 555 1068 618 filio
1096 561 1252 618 adhibuisse
1275 577 1304 616 se
1328 563 1403 629 sciat,
1429 563 1451 616 si
1471 564 1577 621 demum
1607 563 1761 623 frustratam
1785 584 1815 623 se

160 653 189 706 et
203 650 294 708 nolite
305 665 420 722 peccora
435 648 511 716 (Psoi
539 664 578 715 ru,
595 649 632 720 5).
650 649 678 704 Si
695 657 802 720 peccato
817 648 953 716 irasceris,

162 754 215 792 non
232 738 319 793 selum
342 735 453 792 minime
469 752 573 806 peccas,
597 737 647 794 sed
671 746 698 792 et
721 737 794 810 quod
817 753 957 810 peccaras,

162 825 338 884 exterminas.
354 827 431 882 Nunc
445 843 511 883 vero
526 835 553 882 et
569 835 709 896 peccatam
724 827 825 883 retines
840 823 959 884 medica-

163 924 283 972 mentum
299 914 464 986 respuendo,
481 925 508 972 ct
526 931 640 987 peccare
654 914 767 987 apponis
785 913 959 973 irrationabi-

161 1003 225 1059 liter
239 1003 401 1072 irascendo;
420 1009 501 1059 otest
524 1019 607 1074 supra
626 1004 734 1060 modum
758 1019 873 1076 peccans
893 1018 959 1076 pec·

1013 648 1118 718 viderit,
1135 660 1267 707 stomues
1281 648 1389 706 labores
1403 665 1469 707 suos
1493 665 1554 708 esse
1568 653 1676 726 penitus
1693 653 1815 711 incides-

1013 754 1068 805 ces,
1082 738 1128 794 illo
1147 738 1321 795 nihilomiuus
1343 739 1483 804 moriente,
1500 748 1643 812 propterea
1661 758 1779 820 unquam
1799 761 1815 801 a

1013 825 1120 883 datibus
1134 827 1314 898 temperavit?
1346 825 1378 882 Et
1392 827 1439 882 iila
1451 828 1559 898 quidem
1586 831 1636 886 hoc
1660 846 1712 903 pro
1729 839 1815 888 morte

1014 915 1169 987 temporali;
1194 923 1295 986 quanto
1319 915 1407 988 magis
1420 932 1463 970 mc
1486 933 1534 985 pro
1550 925 1635 973 morta
1650 925 1749 974 eterna
1766 919 1817 976 mei

1014 1001 1061 1058 filii
1072 1011 1164 1060 manet
1179 1005 1271 1078 utique
1288 1005 1407 1076 ploratus
1422 1014 1448 1061 et
1458 1003 1574 1060 ululatus
1587 1007 1698 1080 multus,
1714 1006 1817 1063 etiamsi

163 1099 262 1148 catum.
1015 1092 1081 1148 nihil
1104 1092 1170 1149 mihi
1199 1093 1328 1149 conscius
1344 1111 1414 1160 suin,
1436 1091 1581 1163 quominus
1603 1095 1817 1151 annuntiaverim

201 1183 227 1238 ι.
242 1178 392 1252 Aliquoties
407 1177 515 1236 additur
530 1186 556 1234 et
575 1179 753 1253 impudentia,
770 1185 800 1237 ut
814 1195 867 1238 non
880 1182 962 1239 modo
1015 1181 1077 1238 illi?
1092 1181 1173 1239 Vides
1187 1180 1267 1239 etiam
1284 1183 1422 1254 aquantis
1443 1197 1459 1238 e
1474 1181 1584 1252 regione
1601 1182 1677 1237 malis
1691 1190 1718 1237 et
1734 1199 1776 1254 se,
1791 1191 1819 1238 et

161 1263 279 1326 ’1115
293 1267 464 1338 impatienter
477 1267 546 1323 ierat
560 1269 632 1342 quod
647 1267 804 1340 corripitur,
818 1271 865 1326 sed
882 1271 962 1327 etiarn
1015 1269 1181 1339 nosliberat,
1203 1271 1250 1343 qui
1275 1281 1419 1340 correptus
1440 1279 1578 1326 tvtansuctc
1606 1271 1762 1342 respondet,
1772 1287 1820 1324 ve·

164 1358 194 1415 id
217 1356 288 1413 unda
311 1355 531 1427 reprehenditur,
556 1357 726 1429 impudenter
749 1357 884 1416 ostendat.
907 1359 963 1416 iloc
1016 1360 1135 1416 reconde
1156 1359 1316 1432 acquiescit,
1344 1361 1466 1414 modeste
1480 1359 1657 1429 obtemperat,
1682 1357 1819 1415 humiliter

165 1447 245 1520 plane
263 1444 424 1516 desperatio.
448 1448 549 1516 Frons,
568 1445 665 1518 iuquit,
681 1447 812 1506 mulieris
825 1449 961 1506 mnetri·
1015 1445 1169 1504 contitetur.
1187 1447 1253 1504 Huic
1267 1463 1319 1522 ege
1334 1447 1430 1503 animae
1449 1447 1476 1502 in
1492 1447 1620 1503 omnibus
1635 1465 1678 1504 me
1693 1447 1819 1518 profitear

167 1537 208 1592 cis
216 1535 296 1607 sacto
305 1537 347 1590 est
358 1535 410 1589 titi
415 1533 557 1602 metuisti
566 1534 726 1592 erubescere
736 1533 850 1606 (terem.
863 1551 903 1600 ru,
915 1536 960 1608 ti:
1015 1534 1174 1600 debitorem,
1190 1536 1308 1593 huicine
1324 1537 1477 1592 ministrnm
1500 1543 1527 1592 et
1557 1552 1674 1601 servum,
1692 1547 1819 1606 tanquam

166 1631 193 1679 et
207 1623 265 1680 ait:
285 1623 405 1681 Recessit
418 1621 497 1680 nelos
511 1638 619 1679 menso
635 1626 672 1691 te,
688 1623 768 1678 ultra
782 1638 840 1679 non
852 1624 964 1680 irascor
1015 1621 1184 1695 dignissimae
1201 1623 1306 1678 Domini
1331 1625 1380 1678 mei
1396 1641 1513 1697 sponse,
1544 1632 1648 1696 atquae
1663 1639 1754 1682 resera
1775 1625 1820 1681 di·

165 1713 221 1788 ¹tibi
233 1713 343 1782 (Enoch.
360 1729 413 1778 ιιι,
428 1709 482 1782 ιι).
501 1711 566 1768 Solo
580 1707 676 1767 auditu
693 1713 883 1770 contremisco.
899 1713 963 1768 Sen-
1016 1725 1079 1766 cere
1093 1710 1177 1779 possit
1193 1725 1201 1780 3
1219 1713 1368 1770 comesset
1382 1730 1434 1770 ree
1448 1715 1481 1769 a'n
1491 1714 1622 1771 arsenoite
1638 1731 1700 1782 sno,
1713 1713 1821 1772 nondam

168 1800 238 1856 tisne
252 1799 347 1872 quanti
363 1799 485 1870 pienculi,
501 1798 647 1872 quantique
661 1798 784 1856 horroris
798 1809 824 1857 et
837 1801 964 1856 tremoris
1017 1815 1080 1856 meo
1094 1797 1170 1856 dedit
1185 1797 1298 1858 oderem
1315 1817 1409 1857 auum.

170 1904 212 1944 res
231 1887 266 1943 sit
290 1888 392 1958 pcccati
418 1882 565 1943 defensio?
588 1887 660 1944 Dicit
677 1887 781 1943 ‘itemm
796 1907 803 1942 2
821 1891 875 1962 Epo
898 1859 1001 1964 quesn
1054 1892 1080 1943 6.
1096 1888 1187 1943 Bonus
1197 1887 1353 1942 hamilitatis
1377 1889 1455 1952 odor,
1471 1889 1519 1961 qui
1539 1891 1573 1946 de
1602 1891 1653 1947 hae
1672 1891 1739 1947 valle
1758 1891 1821 1962 plo-

170 1975 594 2048 omoorqnoetcostipoldpoc.
611 1975 649 2046 ιιι,
667 1974 721 2046 ts).
737 1975 861 2048 sicergo
881 1985 907 2033 te
919 1991 964 2032 ze-
1021 1973 1131 2032 radonis
1164 1973 1324 2038 ascendens,
1343 1975 1463 2047 perfusis
1490 1980 1702 2048 circumquaque
1726 1977 1822 2034 vicinis

170 2060 214 2117 lus
227 2060 361 2129 descruit3
380 2067 408 2116 et
430 2073 506 2116 amor
526 2076 533 2115 :
556 2074 606 2116 nec
619 2059 673 2116 eris
692 2074 781 2115 amore
794 2059 902 2134 dignus,
919 2061 966 2133 qui
1021 2061 1188 2136 regionibus,
1205 2063 1293 2134 ipsum
1309 2077 1418 2135 quoqne
1435 2063 1538 2134 regium
1567 2063 1723 2122 accubitum
1746 2073 1821 2136 prate

171 2149 301 2224 indignus
335 2145 511 2220 castigatione
545 2146 672 2204 censeris.
704 2147 785 2204 'Vides
814 2148 876 2220 quia
903 2155 968 2205 tunc
1021 2153 1152 2210 suavitate
1169 2161 1321 2222 respergat.
1338 2149 1385 2205 ssat
1400 2151 1502 2207 nardus
1516 2152 1626 2208 humilis
1637 2153 1729 2222 herba,
1743 2167 1824 2224 quam

171 2237 390 2312 magisirasritur
399 2236 480 2306 Deus,
491 2236 557 2293 dum
568 2253 623 2292 non
633 2235 768 2293 irascitur.
786 2237 969 2296 iliseraomnr

172 2329 268 2398 impio,
283 2326 382 2399 inquit,
398 2330 427 2384 et
446 2341 505 2386 non
523 2325 613 2384 discet
626 2327 722 2396 secere
740 2327 885 2398 justitiam
905 2325 969 2398 (leo.

173 2433 246 2482 xxva,
263 2413 548 2486 notatissimum
568 2415 637 2470 hanc
651 2428 701 2488 ego
716 2413 788 2469 nolo.
806 2415 892 2486 sper
907 2429 970 2469 em-

174 2520 236 2561 nem
250 2503 316 2562 iram
331 2503 470 2560 miseratio
491 2503 553 2569 ists,
569 2501 675 2574 sepiens
699 2501 764 2557 mihi
779 2501 835 2558 vias
847 2487 967 2574 iustitie.

174 2593 265 2650 Satius
291 2593 413 2664 protecto
440 2591 519 2659 mihi,
542 2591 619 2662 juxta
647 2589 791 2662 Prophetae
818 2589 970 2656 consilium,

165 2681 380 2754 'apprehendere
394 2679 572 2752 disciplinam,
598 2678 743 2752 nequando
768 2659 895 2734 irascitur
917 2679 968 2734 Do·

175 2770 274 2836 minus,
289 2778 317 2826 et
331 2783 439 2840 peream
462 2770 497 2824 de
511 2769 554 2824 via
574 2767 649 2837 justa
672 2765 759 2838 (Paul.
784 2784 814 2837 u,
831 2767 886 2838 tt).
902 2766 972 2823 Volo

175 2858 301 2916 irascaris
314 2844 393 2925 mihi,
417 2857 497 2913 Pater
511 2855 759 2912 misericordiarum
773 2875 780 2924 ;
797 2857 844 2911 sed
861 2855 906 2911 ills
920 2855 971 2921 ira,

174 2966 228 3022 qua
243 2947 355 3018 cerripis
369 2947 488 3013 devium,
503 2959 557 3001 non
573 2961 624 3016 qua
641 2944 763 3001 extrudis
777 2947 811 3000 de
829 2945 881 3003 via.
902 2943 971 2999 Illud

174 3044 221 3092 tua
235 3035 314 3091 nobis
329 3033 442 3106 benigna
455 3033 652 3091 animadversio
674 3031 752 3102 parit,
769 3034 823 3088 hoo
837 3031 972 3090 formido·

174 3123 232 3182 losa
245 3122 328 3179 nutrit
342 3123 532 3178 dissimulatio.
550 3121 612 3177 Non
632 3121 704 3177 enim
722 3135 784 3176 cum
806 3121 910 3189 nascio,
926 3121 1011 3206 sede

174 3227 235 3269 cum
251 3211 338 3268 sentio
361 3219 387 3265 te
407 3210 516 3276 iratum,
542 3221 604 3264 tunc
623 3208 742 3266 maxime
756 3207 864 3265 conlido
879 3209 972 3280 propi-

176 3301 265 3357 tium:
290 3298 390 3356 etenim
406 3314 467 3354 cum
491 3298 577 3353 iratos
598 3296 698 3367 fueris,
718 3296 914 3353 misericordiae
929 3313 974 3352 re-

175 3387 339 3446 cordaberis.
351 3385 535 3457 benninquit,
548 3393 580 3442 tn
588 3387 730 3458 propitios
741 3385 826 3457 [ιιιιι
834 3387 883 3452 cis,
894 3387 923 3442 et
931 3386 978 3441 nt-

178 3479 283 3538 cs'acens
297 3478 330 3533 in
342 3491 437 3533 omnes
448 3475 662 3532 adinventiones
674 3471 977 3543 eornmffsutmdvrn,

179 3571 215 3636 tt).
232 3567 342 3638 hioysen
357 3565 476 3636 loquitur
489 3573 516 3618 et
529 3561 632 3630 Aaron,
642 3567 723 3633 atque
733 3561 897 3632 Samuelem,
908 3575 978 3633 quos

180 3655 260 3711 modo
275 3653 442 3725 praemiserat
454 3669 461 3718 ;
477 3657 503 3706 et
517 3651 569 3706 hoc
579 3657 657 3718 venat
665 3649 895 3720 propitiationem,
905 3649 977 3724 qnod

176 3758 272 3800 eorum
293 3743 367 3797 Deus
388 3754 444 3795 nou
464 3739 588 3812 pepercit
615 3737 778 3794 excessibus.
807 3737 819 3791 ι
846 3752 921 3793 ιιιι
947 3747 977 3794 ιι

176 3847 255 3904 ergo,
272 3837 354 3901 atque
366 3830 437 3885 banc
454 3825 502 3882 tibi
520 3825 655 3882 excludito
674 3825 701 3880 in
722 3834 865 3896 aeternum,
881 3823 976 3882 delen-

176 3918 265 3976 dendo
280 3931 410 3987 errorem,
422 3924 448 3971 et
457 3914 611 3971 accusando
624 3911 836 3983 correptionem.
856 3915 897 3968 An
923 3929 977 3968 non

176 4006 248 4062 istud
263 4013 304 4061 est
319 4005 418 4060 malum
433 4004 523 4058 dicere
542 4003 653 4068 bonnm,
671 4010 697 4056 et
718 4002 829 4066 bonum,
856 4000 976 4058 malum?

177 4097 220 4150 An
243 4108 296 4149 non
310 4103 343 4148 ex
367 4094 417 4149 hac
443 4091 536 4147 odiosa
557 4088 725 4160 impudentia
750 4088 891 4158 pullulabit
915 4104 976 4145 mox

178 4181 387 4254 impenitentis,
402 4187 487 4235 mater
500 4177 719 4249 desperationis?
734 4176 820 4248 Quem
830 4177 903 4232 enim
917 4193 977 4248 poe·

177 4273 260 4327 niteat
274 4285 356 4341 super
369 4271 442 4325 hono
454 4266 527 4339 quod
541 4265 643 4338 putati
663 4266 706 4322 Voe
719 4265 779 4322 itte
792 4263 880 4338 inquit
908 4265 975 4335 (iso.

177 4375 205 4423 v,
221 4357 277 4429 ιθ).
298 4359 341 4414 Vae
355 4355 425 4412 istud
449 4363 580 4410 aeternum
609 4359 661 4408 est.
676 4353 755 4409 ttiud
783 4360 824 4408 est
842 4367 975 4426 quemquo

1023 2249 1050 2298 et
1064 2241 1157 2298 calidae
1175 2239 1265 2295 lerunt
1279 2251 1341 2297 esse
1356 2247 1458 2295 naturae
1481 2241 1507 2295 hi
1530 2242 1575 2312 qui
1591 2241 1733 2297 herbarum
1756 2241 1826 2298 v'ires

1023 2329 1157 2386 curiosius
1171 2328 1357 2398 explorarunt.
1372 2325 1406 2382 Et
1424 2327 1487 2384 ideo
1510 2345 1557 2398 por
1574 2329 1642 2384 hene
1657 2330 1748 2386 uileor
1762 2329 1826 2384 mihi

1025 2433 1078 2474 non
1113 2415 1332 2474 inconvenienter
1359 2417 1412 2472 hoc
1436 2417 1494 2472 loco
1515 2419 1641 2472 virtutem
1669 2415 1827 2474 humilitatis

1024 2507 1156 2578 accipere,
1183 2505 1230 2560 s'ed
1242 2517 1302 2577 quae
1317 2505 1401 2560 sancti
1422 2503 1523 2559 amoris
1550 2505 1696 2575 vaporibus
1715 2505 1822 2578 flagret.

1025 2591 1114 2663 Quod,
1132 2599 1271 2663 prepterea
1286 2604 1352 2648 sanc
1372 2593 1587 2664 dico,'quoniam
1616 2601 1658 2649 est
1687 2593 1824 2650 humilitas

1026 2699 1106 2754 quam
1123 2682 1202 2738 nobis
1215 2680 1314 2737 veritas
1329 2679 1407 2750 parit,
1423 2690 1450 2736 et
1466 2695 1521 2736 non
1550 2681 1632 2738 habet
1651 2681 1768 2736 calorem
1784 2689 1829 2739 :et

1026 2779 1067 2826 est
1094 2769 1229 2826 humilitas
1256 2781 1336 2840 quam
1360 2767 1595 2825 charitas'lormat
1621 2777 1648 2824 et
1666 2769 1824 2826 inllammat.

1026 2857 1115 2929 Atque
1129 2857 1188 2914 haec
1202 2853 1310 2914 1116
1322 2857 1432 2927 qnidam
1446 2857 1472 2911 in
1487 2853 1600 2922 ellectu,
1617 2853 1664 2913 iila
1680 2858 1707 2912 in
1732 2857 1828 2928 cogni·

1028 2947 1101 3003 tione
1115 2945 1249 3003 consistit.
1266 2943 1374 3000 Etenim
1389 2953 1428 3010 tu,
1448 2943 1471 2999 si
1508 2945 1681 3016 temetipsum
1709 2946 1782 3000 intus
1794 2946 1829 3001 ad

1027 3038 1120 3091 tumen
1133 3032 1254 3090 veritatis
1267 3040 1293 3089 et
1321 3035 1380 3088 sine
1403 3028 1616 3088 dissimulatione
1642 3029 1780 3104 inspicias,
1803 3041 1829 3091 et

1027 3121 1245 3196 sinepalpstione
1258 3119 1406 3191 dijudices;
1422 3133 1476 3176 non
1491 3119 1584 3176 dubito
1603 3121 1669 3194 quin
1696 3119 1824 3194 humilie-

1027 3211 1065 3268 ris
1078 3217 1105 3266 et
1119 3217 1148 3266 tu
1164 3210 1193 3265 in
1205 3207 1293 3266 oculis
1318 3209 1372 3264 tuis
1386 3207 1471 3265 iactus
1493 3208 1572 3265 uilior
1585 3207 1634 3264 tibi
1647 3223 1682 3264 ex
1704 3207 1754 3265 hac
1767 3224 1830 3266 vera

1030 3297 1186 3370 cognitione
1214 3297 1263 3363 tui,
1291 3289 1416 3370 quemvis
1439 3294 1555 3353 necdum
1581 3295 1697 3353 formose
1722 3295 1750 3351 id
1770 3311 1830 3354 esse

1033 3387 1141 3459 patiaris
1154 3385 1182 3441 iu
1205 3383 1293 3443 oculis
1314 3383 1440 3440 aliorum.
1456 3384 1519 3440 Eris
1540 3383 1625 3459 igitur
1646 3383 1765 3454 humilis,
1781 3386 1830 3442 sed

1032 3473 1065 3531 de
1092 3487 1175 3545 opere
1195 3471 1304 3528 iuterim
1329 3469 1461 3542 veritatis,
1490 3477 1517 3526 et
1544 3472 1656 3529 minime
1683 3471 1770 3528 adhuc
1796 3473 1830 3528 de

1031 3561 1135 3619 autoris
1159 3549 1308 3618 inlusione.
1334 3551 1414 3628 Nam,
1429 3558 1453 3616 si
1471 3559 1589 3618 ιιιῑιιιιι
1603 3557 1701 3631 ipsius,
1717 3571 1777 3633 que
1803 3567 1830 3618 te

1031 3651 1078 3706 tihi
1096 3649 1228 3708 veneten
1250 3657 1331 3722 atque
1357 3647 1500 3707 salubriter
1520 3648 1731 3714 demonstravit,
1753 3649 1830 3706 'sicut

1031 3740 1173 3814 splendore
1194 3736 1371 3808 illuminatus,
1405 3738 1442 3794 ita
1469 3735 1584 3796 edemus
1599 3751 1693 3795 amora
1712 3733 1828 3804 fuissem

1032 3827 1161 3884 voluisses
1178 3825 1270 3898 procul
1285 3826 1378 3893 dubio,
1397 3826 1472 3898 qnod
1492 3827 1520 3881 in
1542 3833 1569 3884 te
1604 3832 1655 3896 est,
1681 3826 1774 3883 cadem
1797 3825 1830 3881 de

1019 3925 1057 3971 'te
1072 3929 1168 3972 omnes
1181 3914 1275 3971 tenere
1295 3916 1467 3983 sententiam,
1496 3929 1577 3985 quem
1603 3916 1690 3985 ipsam
1718 3915 1788 3987 apud
1804 3923 1830 3970 te

1031 4003 1171 4060 νιιιῑιιιιι
1192 4001 1293 4060 habere
1315 4002 1471 4075 cognoscis.
1489 4001 1569 4068 Sene,
1589 3999 1667 4070 Quod
1687 4001 1715 4057 in
1736 4013 1762 4058 te
1790 4011 1831 4059 est

1031 4091 1160 4162 dixerim;
1177 4091 1304 4163 quoniam
1329 4091 1490 4164 plerumque
1517 4104 1569 4144 non
1595 4089 1702 4160 expedit
1727 4089 1831 4146 innote-

1032 4195 1105 4237 scere
1119 4180 1246 4237 omnibus
1260 4177 1352 4236 omnia
1364 4193 1425 4250 quae
1439 4177 1597 4234 nesscimus
1607 4179 1642 4234 de
1658 4177 1831 4250 nobia,atque

1031 4269 1090 4340 ipsa
1104 4267 1224 4325 veritatis
1242 4267 1380 4336 charitate,
1399 4278 1426 4322 et
1453 4265 1591 4322 charitatis
1620 4267 1732 4323 veritate
1755 4275 1831 4322 ueta·

1031 4373 1090 4414 mur
1102 4357 1191 4431 palam
1205 4355 1263 4438 deni
1277 4355 1348 4414 valle
1362 4355 1435 4428 quod
1455 4362 1554 4411 ·neceat
1567 4354 1735 4427 agnoscenti.
1760 4353 1833 4410 Alio·

177 4445 274 4504 ιιιιιιὶ
289 4462 305 4501 a
318 4444 429 4518 propria
440 4441 659 4516 concupiscentia
676 4441 841 4497 abstractum
870 4451 898 4497 et
912 4441 974 4497 ille·
1030 4448 1106 4520 quin,
1121 4445 1144 4502 si
1155 4445 1260 4516 privato
1273 4459 1365 4501 amere
1381 4443 1420 4499 tui
1434 4451 1523 4499 tentus
1539 4443 1645 4499 detines
1666 4441 1764 4510 pariter
1788 4443 1832 4497 in-

177 4545 264 4603 etunn
275 4541 303 4590 et
316 4534 387 4591 atiud
399 4539 495 4604 sponte
509 4541 638 4602 appetere
653 4529 752 4586 matum
770 4537 898 4601 tanquam
926 4506 1014 4585 ιιι-ὓ
1034 4544 1076 4591 tra
1089 4515 1260 4605 reincidam
1275 4533 1395 4590 veriatis
1411 4529 1556 4598 mansum,
1580 4531 1623 4587 eni
1652 4530 1764 4588 dubium
1792 4537 1834 4587 ost

177 4640 254 4691 num,
268 4622 302 4678 ad
317 4629 430 4678 mortem
441 4619 519 4694 quasi
532 4617 566 4674 ad
580 4617 662 4674 vitam
678 4616 746 4673 male
765 4632 892 4674 securum
913 4633 976 4689 pro·

178 4727 285 4786 perere.
301 4711 352 4767 Pro
366 4707 533 4780 hujusmodi,
545 4707 618 4776 dico,
631 4705 740 4762 mallem
761 4707 906 4778 aliquando
932 4717 975 4762 ta·

177 4801 267 4860 coisse
277 4799 499 4857 etdissimulasse
510 4797 582 4868 quod
592 4796 784 4870 agiperpemm
795 4795 971 4866 deprehendi,

178 4907 257 4963 quam
272 4891 304 4946 ad
315 4899 414 4947 ιιιιιιι
429 4885 634 4958 reprehendisse
648 4883 803 4957 perniciem.

214 4983 241 5036 5.
254 4978 334 5036 Dicas
350 4975 442 5034 forsan
457 4973 532 5046 mihi,
547 4973 621 5045 qnod
638 4975 737 5030 bonum
764 4988 866 5043 meum,
882 4973 915 5030 ad
930 4988 974 5026 me

179 5078 342 5140 revertatur,
356 5075 383 5124 et
395 5065 458 5138 quis
468 5063 582 5119 liberavi
597 5062 717 5118 enimam
727 5077 822 5128 meam,
843 5068 869 5118 ot
892 5077 974 5118 mun·

177 5158 229 5214 dus
248 5173 308 5214 sum
324 5172 340 5211 a
358 5153 489 5230 sanguine
505 5151 635 5216 hominis,
651 5151 696 5207 cui
712 5151 868 5206 sarnuntiavi
893 5160 921 5206 et
934 5149 975 5206 lo·

177 5254 256 5303 cutus
270 5263 340 5313 sum,
356 5252 387 5300 ut
397 5251 565 5298 averteretur
579 5242 648 5296 asin
662 5257 710 5296 sua
727 5240 806 5306 mals,
821 5251 848 5295 ct
862 5239 972 5297 viveret.

141 5393 146 5403 ,
178 5335 231 5393 Sed
251 5336 300 5390 etsi
325 5333 464 5388 innumera
484 5330 546 5388 talia
569 5329 661 5398 addas,
690 5343 733 5384 me
757 5337 844 5384 emen
866 5327 976 5394 minime

177 5426 228 5480 ista
256 5421 475 5486 consolabuntur,
499 5427 612 5475 mortem
640 5415 689 5472 lilii
718 5417 875 5473 intuentem.
893 5416 976 5487 Quasi

178 5527 244 5570 vero
258 5508 406 5566 mesmillo
429 5507 640 5578 reprehensione
653 5505 839 5562 liberationem
853 5504 973 5578 quaesie-

179 5598 240 5673 rim,
257 5606 284 5656 et
298 5613 352 5656 non
370 5596 457 5670 magia
471 5593 559 5654 illins!
580 5594 647 5664 Quae
662 5594 735 5651 enim
755 5601 852 5662 mater,
868 5595 974 5652 etiamsi
1003 5643 1010 5650 .

179 5705 289 5748 omnem
306 5703 389 5764 quam
404 5685 492 5760 potuit
502 5700 593 5742 curam
608 5690 636 5740 et
649 5681 817 5758 diligentiam
831 5684 973 5758 aspretami

1035 4625 1125 4680 minus
1149 4631 1174 4678 tc
1187 4622 1332 4680 veritatem
1350 4621 1461 4694 diligere
1488 4619 1532 4675 ιιι
1557 4619 1698 4690 proprium
1722 4617 1833 4690 praefers

1029 4712 1263 4780 voloommodum,
1281 4709 1485 4767 velhouoremi

1062 4803 1089 4858 7.
1104 4800 1185 4857 t'ides
1195 4799 1279 4870 igitur
1292 4813 1347 4854 non
1363 4814 1425 4855 esse
1435 4796 1462 4852 id
1475 4796 1575 4867 ipsum,
1592 4795 1731 4853 hominem
1744 4798 1779 4854 de
1803 4812 1834 4854 se

1027 4893 1150 4964 ipsonon
1165 4889 1247 4944 altum
1273 4889 1332 4958 jam
1343 4895 1448 4956 sapere,
1463 4883 1577 4942 veritate
1604 4883 1715 4943 luminis
1738 4887 1834 4943 redar-

1027 4989 1136 5054 gutum3
1165 4983 1192 5034 et
1217 4975 1365 5031 humilibus
1393 4979 1489 5046 sponte
1516 4973 1684 5041 consentire,
1722 4989 1834 5030 munere

1029 5065 1167 5127 charitatis
1182 5062 1404 5133 adjutumtttnd
1416 5062 1487 5120 enim
1510 5061 1684 5119 necessitatis
1711 5070 1764 5129 est,
1782 5063 1834 5118 boc

1028 5155 1178 5214 voluntatis.
1207 5151 1395 5226 Semetipsnnt
1411 5151 1584 5218 ecinonioit,
1607 5149 1698 5222 inquit
1710 5151 1835 5220 formam

1029 5247 1103 5304 seros
1117 5244 1259 5316 occipiens
1278 5242 1414 5314 (Philipp.
1432 5255 1463 5310 u,
1477 5241 1519 5311 t),
1537 5239 1652 5295 formem
1675 5235 1834 5294 humititatis

1031 5333 1148 5390 tradens.
1164 5333 1228 5402 lpse
1242 5345 1272 5386 se
1287 5329 1445 5397 exinaniuit,
1467 5328 1526 5405 ipse
1544 5341 1575 5382 se
1594 5325 1753 5394 humiliavit,
1780 5341 1835 5382 nou

1030 5421 1205 5480 neccessitate
1215 5419 1320 5491 iudicii,
1336 5417 1385 5474 sed
1408 5417 1492 5475 nestri
1519 5415 1658 5474 channe.
1675 5417 1781 5471 Ροιιιιι
1796 5414 1835 5471 ιι-

1030 5519 1128 5568 mirum
1147 5509 1225 5565 ritem
1237 5525 1267 5564 se
1281 5517 1308 5564 et
1333 5505 1563 5592 contemptibilem
1579 5504 1772 5572 demonstrare,
1786 5505 1834 5561 aad

1031 5600 1111 5672 plane
1122 5614 1177 5656 uon
1191 5607 1323 5668 reputare,
1336 5595 1462 5668 quoniam
1490 5593 1636 5652 sciebatne
1661 5593 1760 5665 ipsum.
1778 5593 1834 5649 Vo-

1029 5689 1131 5747 luntate
1160 5685 1273 5761 proinde
1289 5683 1399 5744 humilis
1411 5683 1470 5756 luit,
1486 5691 1512 5742 et
1527 5699 1581 5743 non
1592 5682 1707 5756 jedida,
1728 5681 1773 5755 qui
1789 5688 1831 5737 ta·
