3950 6350
74 418 125 477 191

7 569 8 576 1
74 539 115 595 sic
128 545 206 610 petat
218 536 254 594 ab
268 551 303 596 ea
315 532 438 599 liberari,
451 540 482 590 nt
496 545 634 606 nunqnam
648 529 700 586 sibi
714 529 742 584 in
757 539 872 598 corpore
890 535 914 626 Α

8 689 9 696 ,
74 631 170 682 mortis
184 627 266 697 hujus
285 623 438 680 libertatem
451 619 601 693 perfectam
623 635 672 676 seu
690 615 812 688 requiem
828 629 875 668 au-

73 717 140 772 deat
154 715 284 790 polliceri.
300 711 359 784 Qua
371 711 400 766 in
416 727 446 768 re
461 709 661 767 consideranda
674 712 718 764 εει
728 704 807 762 nobis
820 711 875 760 tam

74 805 195 880 benigna
220 801 359 878 organas
386 799 485 856 divina
509 799 617 870 pietatis
640 795 819 869 dispensatio,
845 801 876 848 ιιι

75 893 239 966 quibusdam
264 907 314 948 nos
347 886 542 946 tentationibus
561 886 678 960 patiatur
704 882 804 940 diutius
827 895 874 938 oc-

76 981 180 1054 cupari,
195 998 230 1038 ne
244 979 315 1037 forte
332 975 542 1051 periculosiores
555 983 714 1032 occurrant:
730 973 764 1027 ab
779 968 876 1046 aliqui-

75 1071 127 1138 bus
142 1087 207 1129 vero
228 1069 307 1126 citius
326 1067 435 1137 liberet,
455 1073 487 1123 ut
507 1064 645 1138 possimus
663 1063 692 1119 in
712 1061 783 1132 aliis,
808 1074 876 1134 quaa

75 1158 157 1216 nobis
180 1158 302 1216 utiliores
316 1155 375 1212 lore
389 1153 532 1226 previdet,
549 1151 683 1209 exerceri.
699 1149 799 1206 Verum
812 1161 877 1204 con-

77 1247 255 1307 siderandum
268 1245 349 1302 nobis
363 1251 415 1312 est,
428 1241 478 1306 aed
489 1257 544 1298 non
557 1240 650 1310 modo,
679 1254 741 1313 quae
754 1237 808 1293 sint
819 1235 876 1292 ista

76 1343 194 1407 quatuor
216 1351 285 1414 quas
305 1333 351 1388 hic
370 1331 459 1404 ponit.
481 1329 569 1388 Credo
589 1329 662 1407 enim
685 1325 758 1399 quod
778 1331 806 1380 ει
825 1326 877 1380 hoc

7 1445 12 1455 ·
77 1423 187 1490 ordine,
209 1437 265 1495 quo
283 1421 328 1476 liic
350 1425 536 1483 numerantur,
558 1424 654 1474 contra
675 1431 724 1472 eos
747 1413 794 1492 qui
811 1427 878 1470 con·

76 1517 221 1580 perluatur
233 1509 389 1580 insurgunt,
405 1514 433 1566 et
446 1505 521 1564 velut
534 1503 673 1578 principes
683 1509 745 1558 sunt
758 1499 877 1559 omnium

82 1598 274 1657 tentationum.

7 1803 10 1840 1
77 1795 116 1856 Dc
129 1791 224 1850 attere
237 1794 319 1864 porte
326 1697 566 1860 1111111111111
573 1787 634 1846 doc
642 1782 752 1846 lintella
766 1799 784 1838 a
799 1785 881 1840 tiero-

113 1879 144 1920 re
163 1866 340 1921 necterent»
354 1864 383 1918 et
394 1859 428 1916 dc
442 1876 524 1918 uersu
535 1861 628 1929 tecto,
647 1876 659 1908 ι
672 1856 693 1912 Α
709 1856 818 1926 anittc
830 1870 878 1912 cc·
895 1851 917 1935 fl

116 1933 194 1990 tacte
207 1932 303 2002 indie,
317 1951 328 1982 ι
345 1936 399 1989 ειε.

115 2044 141 2095 1.
167 2039 242 2096 Solet
262 2038 290 2094 in
304 2036 402 2095 divinis
417 2033 563 2108 Scripturis
577 2030 727 2110 adversitas
741 2027 880 2104 designari

78 2145 129 2202 per
143 2134 265 2195 noctem;
282 2134 310 2183 et
323 2125 424 2186 acimum
438 2124 502 2196 quia
523 2123 654 2180 adversus
674 2136 721 2179 eos
742 2119 789 2192 qui
808 2135 878 2176 cou-

81 2224 235 2282 vertuntur,
255 2215 371 2286 primum
391 2229 452 2272 esse
471 2220 610 2270 certamen
624 2211 659 2268 de
673 2207 804 2266 molestiis
818 2223 881 2268 cor·

78 2305 154 2379 poris
180 2304 330 2363 consuevit.
355 2303 425 2360 Caro
459 2302 543 2369 enim,
577 2301 708 2357 hactenus
737 2297 879 2366 indomita,

78 2392 206 2470 castigari
221 2401 249 2450 ct
270 2391 299 2450 in
316 2391 475 2452 servitutem
493 2388 579 2464 redigi
596 2403 769 2468 nequaquam
792 2401 880 2464 aequa7

79 2481 188 2538 nimiter
206 2481 322 2553 paritum
341 2479 391 2541 sed
414 2479 503 2536 adbuc
521 2492 626 2533 memor
645 2491 742 2532 recens
764 2474 880 2552 perditae

80 2569 223 2642 libertatis,
257 2568 347 2627 acrius
379 2565 545 2645 concupiscit
580 2565 711 2624 adversus
745 2562 879 2636 spiritum,

80 2658 253 2730 maximeque
267 2657 296 2714 in
314 2657 355 2714 his
369 2654 458 2729 poenis
472 2655 500 2712 in
520 2654 618 2728 quibus
637 2652 702 2710 estis
721 2666 770 2709 vos
790 2649 880 2723 quotie

81 2745 126 2804 die
133 2745 293 2812 morientes,
309 2743 363 2801 imo
383 2759 449 2800 vero
464 2751 552 2800 morte
567 2741 658 2800 allecti
674 2747 731 2796 tota
745 2738 800 2805 die,
816 2752 878 2810 quae

7 2817 10 2830 ¹
82 2843 111 2892 et
124 2849 206 2906 supra
220 2833 294 2890 vires
307 2839 380 2899 sunt,
397 2837 426 2892 et
435 2831 506 2887 ultra
516 2837 650 2900 naturam,
662 2836 691 2886 et
704 2835 798 2886 contra
812 2842 881 2884 con-

80 2923 252 2981 suetudinem
267 2927 397 2980 vestram.
413 2917 481 2986 Quid
504 2917 587 2992 igitur
603 2917 701 2972 mimm
725 2915 748 2973 si
773 2914 882 2974 turbant

81 3011 142 3077 ista,
159 2997 275 3068 maxime
284 3025 332 3066 eos
346 3007 392 3080 qui
405 3007 521 3066 necdum
537 3012 750 3074 consueverunt,
765 3006 882 3070 necdum

596 404 629 462 lN
648 403 745 464 PSAL.
769 402 827 472 QUI
842 397 996 462 alaier
1010 397 1189 474 sauuogvl.

1672 405 1723 471 {90

934 521 1065 582 velabitur
1081 524 1111 580 in
1130 523 1209 582 uobis
1228 525 1318 596 (llam.
1338 542 1399 593 mu,
1419 529 1478 604 tal:
1499 530 1670 590 nuncetiam
1689 546 1723 588 ea

930 629 990 684 quae
1002 628 1054 685 pro
1068 613 1146 670 nobis
1160 613 1271 687 pertulit
1285 614 1417 682 Christus,
1441 624 1471 672 ut
1484 619 1581 680 crebro
1599 620 1724 678 conside·

929 708 1022 758 rantes
1045 709 1146 776 quanta
1164 701 1291 760 sustinuit
1312 702 1357 758 illa
1375 705 1503 775 majestas
1522 724 1572 780 pro
1586 709 1724 774 inutilibus

929 789 1024 856 servis,
1048 791 1241 848 erubescamus
1264 805 1320 846 non
1344 791 1478 853 sustinere
1503 795 1547 856 vel
1568 813 1652 870 parva
1672 815 1725 873 pra

929 877 1018 934 nobis.

933 961 936 968 ’
965 970 991 1022 3.
1012 965 1067 1024 Sed
1081 965 1195 1026 sortasse
1214 969 1351 1040 praevaluit
1370 970 1479 1039 veritas,
1501 973 1652 1044 pracsertim
1671 983 1725 1032 tam

929 1054 1066 1127 multiplex
1082 1062 1110 1114 ει
1124 1073 1320 1131 usquequaque
1334 1059 1514 1132 circumdans,
1526 1076 1581 1117 non
1593 1061 1725 1133 repellere

929 1145 1021 1216 modo,
1041 1145 1088 1200 sad
1104 1144 1187 1202 etiam
1201 1147 1335 1218 expellere
1358 1148 1467 1220 penitus
1490 1149 1562 1206 hunc
1589 1150 1724 1210 timorem.

929 1233 988 1288 Nox
997 1235 1145 1304 praecessit:
1155 1241 1185 1293 ιιι
1194 1233 1265 1293 lilius
1274 1235 1342 1294 lucis
1352 1244 1380 1293 at
1389 1238 1442 1301 diei
1451 1239 1564 1296 honeste
1574 1239 1725 1312 ambtdans,

932 1320 996 1378 time
1017 1321 1153 1394 sagittam.
1178 1323 1286 1381 Leviter
1303 1326 1384 1392 volat,
1404 1324 1501 1383 leviter
1515 1337 1652 1399 penetrat:
1677 1330 1726 1385 sed

931 1409 991 1468 dico
1013 1409 1071 1478 tibi,
1093 1427 1148 1468 non
1169 1409 1230 1469 lere
1252 1413 1350 1486 infligit
1374 1415 1481 1484 vulnus,
1505 1417 1559 1476 cito
1586 1417 1726 1476 interficit.

934 1497 1063 1553 Nimirum
1077 1499 1176 1572 sagitta
1194 1499 1252 1558 uaec
1266 1518 1335 1561 vana
1348 1501 1435 1576 gloria
1450 1514 1507 1564 est:
1528 1521 1583 1570 non
1598 1515 1640 1564 est
1654 1507 1726 1566 unde

932 1584 991 1640 haec
1008 1584 1150 1660 impugnet
1173 1588 1358 1660 pusillanimes
1376 1598 1404 1656 ει
1427 1593 1573 1654 remissos.¹
1593 1594 1645 1664 Qui
1669 1593 1727 1654 ier-

932 1671 1136 1738 ventiotesesse
1144 1675 1341 1762 ridentur-,ipsi
1352 1689 1478 1751 paveant,
1491 1681 1543 1754 ipsi
1550 1683 1600 1740 sibi
1613 1693 1729 1746 caveant

932 1759 960 1817 in
974 1762 1024 1820 hac
1038 1771 1132 1836 parte:
1149 1764 1322 1822 nibilominus
1344 1769 1433 1828 adhuc
1451 1771 1556 1830 solliciti
1575 1788 1630 1830 uon
1644 1773 1727 1830 dese·

933 1866 994 1908 rere
1004 1861 1109 1908 scutum
1120 1850 1204 1912 887
1215 1854 1425 1930 inexpugnabile
1435 1858 1565 1918 veritatis.
1577 1858 1647 1929 Quid
1656 1862 1729 1918 enim

933 1937 1004 1994 aliud
1019 1948 1072 1996 tam
1087 1940 1251 1999 contrarium
1271 1944 1403 2000 vanimtii
1417 1945 1475 2002 Nec
1488 1962 1554 2006 sane
1568 1948 1633 2007 buic
1646 1965 1729 2024 oppo-

933 2027 1024 2090 nenda
1036 2028 1141 2102 sagitte
1159 2037 1265 2086 secreta
1288 2030 1333 2088 illa
1356 2040 1383 2092 ct
1407 2033 1607 2106 quodammodo
1634 2036 1730 2094 intima

933 2115 1054 2174 veritatis
1073 2115 1217 2192 exigimus:
1241 2119 1418 2192 semetipsam
1439 2123 1545 2183 novarit
1570 2125 1671 2194 anima,
1694 2127 1729 2184 de

934 2205 1480 2284 scteneatveritatem.Difficileprorsus,
1492 2213 1520 2270 ni
1540 2214 1628 2284 fallor,
1648 2215 1729 2273 bomo

933 2294 1025 2356 verbis
1044 2295 1210 2358 laudantium
1232 2297 1370 2357 hominem
1388 2298 1416 2358 in
1432 2301 1486 2358 vita
1500 2318 1549 2358 sua
1564 2302 1662 2360 abduci
1677 2318 1730 2376 po·

934 2385 995 2445 terit
1011 2383 1093 2440 altum
1107 2399 1216 2456 sapere,
1231 2385 1253 2441 si
1264 2402 1294 2444 se
1308 2385 1381 2444 intus
1395 2389 1430 2449 ad
1443 2387 1532 2454 lucem
1546 2392 1732 2458 veritatiasol·

933 2472 1005 2528 licita
1029 2471 1246 2530 consideratione
1269 2473 1404 2532 discutiat.
1425 2479 1525 2536 Nonne
1540 2480 1614 2542 enim
1627 2480 1649 2536 si
1664 2496 1729 2552 pro·

933 2560 1019 2634 priam
1039 2558 1140 2634 cogitat
1153 2562 1347 2631 conditionem,
1362 2564 1484 2624 dicturus
1507 2573 1550 2624 est
1564 2568 1633 2628 sibi:
1661 2569 1731 2638 Quid

934 2649 1072 2724 superbis,
1085 2654 1161 2709 terra
1173 2651 1306 2707 etcintc?
1318 2651 1417 2724 (dccli.
1428 2669 1458 2724 x,
1469 2655 1506 2728 9.)
1520 2653 1617 2716 Nonne
1631 2657 1654 2714 si
1668 2673 1733 2729 pro·

933 2737 1020 2812 priam
1034 2738 1188 2798 consideret
1201 2738 1415 2812 corruptionem,
1430 2741 1547 2806 fateatur
1559 2760 1674 2802 necesse
1688 2753 1732 2804 εει

935 2825 1064 2898 quoniam
1086 2842 1141 2885 non
1165 2835 1206 2884 εει
1230 2827 1258 2884 in
1283 2843 1316 2886 eo
1338 2829 1458 2887 bonum?
1480 2830 1535 2888 Sed
1564 2838 1593 2889 ct
1612 2832 1637 2888 si
1659 2831 1731 2893 lorte

935 2912 1036 2988 aliquid
1057 2912 1159 2973 habere
1183 2913 1301 2982 videtur,
1331 2931 1386 2974 non
1410 2916 1540 2987 inveniet,
1564 2927 1639 2994 puto,
1664 2923 1733 2996 quid

936 3001 1101 3074 respondeat
1120 3001 1250 3073 Apostolo
1270 3001 1384 3076 dicenti3
1404 3007 1475 3078 Quid
1494 3009 1574 3070 iales
1588 3009 1660 3082 quod
1674 3027 1732 3070 cora

82 3099 146 3157 satis
156 3099 183 3157 in
197 3107 324 3170 promptu
339 3097 441 3153 habent
456 3111 599 3162 recurrere
614 3094 648 3150 ad
664 3093 827 3157 orationem,
844 3109 883 3149 re
936 3091 1071 3163 accepisti
1080 3089 1094 3144 ?
1114 3090 1137 3160 (l
1158 3092 1218 3151 Gor.
1235 3105 1275 3158 ιι,
1296 3095 1336 3163 1.)
1353 3101 1380 3149 ει
1394 3093 1470 3149 alibi:
1485 3097 1538 3166 Qui
1552 3101 1620 3164 atat,
1639 3101 1732 3158 uident

82 3187 177 3260 lugere
191 3186 225 3243 ad
240 3185 432 3242 meditationes
446 3192 565 3250 sanctas,
581 3188 611 3240 ut
624 3182 662 3240 sic
676 3181 813 3239 relevetur
827 3181 881 3238 diei
898 3157 921 3240 11
936 3198 972 3238 cc
986 3179 1071 3236 cadat
1085 3179 1108 3250 (l
1124 3177 1184 3238 Cor.
1204 3197 1248 3246 rx,
1265 3182 1323 3253 12).
1336 3182 1475 3239 Postremo
1490 3185 1514 3240 si
1529 3183 1647 3242 fideliter
1659 3203 1733 3246 com·¹

80 3275 189 3350 pondus
203 3283 230 3332 ει
241 3275 342 3332 aestnsi
354 3270 548 3332 Necessarium
559 3271 638 3343 plana
648 3270 727 3326 nobis
741 3263 895 3343 interipsa,
935 3275 1021 3353 putet,
1037 3267 1116 3330 facile
1129 3267 1166 3324 illi
1181 3269 1232 3326 erit
1247 3269 1391 3328 advertere
1405 3272 1478 3344 quod
1492 3288 1543 3334 nec
1561 3290 1623 3335 cnvn
1637 3276 1732 3334 decem

82 3373 182 3429 nostrae
206 3361 392 3422 conversionis
414 3362 490 3418 initia
515 3367 622 3442 scutum
642 3359 758 3431 Domini,
778 3367 882 3418 utnon
935 3356 1052 3419 millibus
1066 3357 1151 3429 possit
1164 3373 1307 3414 occurrere
1326 3357 1352 3414 ai
1370 3359 1417 3434 qui
1432 3377 1493 3420 cum
1506 3362 1603 3440 viginti
1617 3363 1734 3426 millibus

84 3455 227 3512 timeamus
240 3467 256 3506 a
270 3453 367 3509 timore
377 3456 521 3507 nocturno.
531 3449 604 3504 lianc
620 3455 710 3504 autam
721 3447 881 3505 diciturnon
935 3446 1011 3504 venit
1024 3446 1059 3503 ad
1072 3461 1114 3513 se,
1129 3454 1157 3506 ει
1170 3459 1275 3506 ommes
1293 3447 1411 3518 justitias
1430 3465 1493 3508 suas
1513 3459 1642 3526 tanquam
1661 3469 1732 3530 pan-

82 3538 259 3596 timeuduma
269 3537 366 3594 timore
376 3544 521 3604 nocturno,
534 3544 561 3591 et
576 3550 630 3590 non
644 3533 769 3590 dicitura
783 3541 881 3606 nocte;
937 3550 1002 3592 num
1016 3541 1191 3592 menstruatae
1206 3535 1335 3608 reputari.

82 3627 214 3699 quianon
233 3624 292 3696 ipsa
306 3623 418 3680 afflictio
434 3622 550 3679 tentatio
564 3632 615 3689 εει,
636 3621 686 3678 sed
701 3621 788 3695 magis
802 3620 883 3676 timor
971 3626 1000 3680 1.
1018 3623 1122 3680 Eadem
1143 3641 1251 3699 quoque
1272 3626 1374 3686 veritas
1396 3627 1479 3686 eleis
1493 3627 1732 3706 nibilominuaop·

79 3715 176 3790 ipsius.
187 3714 257 3770 Nam
267 3719 294 3769 et
303 3710 571 3778 omneslaboramus,
584 3726 644 3766 cum
661 3719 751 3764 tamon
761 3725 815 3765 non
825 3724 883 3765 om·
936 3712 1065 3784 ponenda
1080 3722 1122 3770 εει
1137 3713 1329 3773 tentationibus
1343 3731 1404 3788 quse
1417 3725 1579 3790 sequuntur.
1588 3720 1646 3780 Nec
1660 3721 1733 3780 anim

82 3805 363 3861 mesindetentemur
375 3799 474 3874 :etqui
494 3798 729 3866 tentantur,multa
746 3799 832 3870 magis
852 3799 884 3854 lis
935 3800 981 3860 rel
1001 3799 1040 3858 sic
1060 3799 1166 3858 desistit
1188 3802 1277 3862 hostis
1295 3804 1435 3880 antiquus,
1464 3807 1514 3870 sed
1538 3808 1573 3864 ud
1595 3807 1733 3866 callidiora

81 3907 159 3949 more
168 3891 371 3961 luturaepoeaae,
381 3887 612 3962 quampraesantis
621 3883 864 3944 dolorelaeduntur.
938 3886 1008 3959 lorte
1023 3889 1189 3950 convertitur
1202 3900 1374 3966 argumenta.
1387 3893 1505 3953 Firmani
1518 3897 1644 3968 probavit
1660 3906 1734 3954 utrc-

119 3983 145 4037 1.
172 3975 241 4050 Quia
264 3993 331 4049 ergo
354 3977 434 4033 timor
458 3975 516 4047 ipsa
545 3975 658 4032 tentatio
682 3982 736 4044 εει,
763 3991 884 4049 congrue
938 3993 991 4050 que
1013 3976 1099 4034 latera
1114 3977 1226 4038 turrim:
1248 3991 1304 4034 non
1323 3987 1365 4039 est
1383 3981 1456 4056 quod
1470 3982 1514 4040 vel
1527 3999 1543 4038 a
1557 3981 1674 4050 sinistris
1684 4001 1735 4056 pu-

83 4071 184 4127 dictum
199 4073 240 4124 est
255 4067 281 4124 ei
295 4065 341 4139 qui
355 4065 540 4123 circumdatur
555 4071 633 4124 scuto
646 4063 765 4135 Domini,
778 4065 850 4137 quod
869 4080 885 4120 a
938 4063 1118 4124 sillanimitate
1149 4066 1262 4139 timoris,
1289 4068 1333 4126 vel
1354 4069 1495 4128 adextris
1521 4087 1583 4131 earn
1609 4073 1734 4134 humanis

85 4158 236 4215 tentatione
245 4155 295 4212 hac
306 4171 363 4210 non
373 4154 487 4210 timebit.
500 4153 580 4212 Forte
591 4153 803 4230 impugnabitur,
815 4154 884 4210 lorte
938 4162 1084 4213 concutere
1097 4153 1233 4220 laudibus,
1258 4155 1287 4212 in
1308 4165 1423 4230 utraque
1446 4161 1502 4230 jam
1521 4161 1660 4227 molitione
1678 4162 1735 4222 stu,

85 4245 242 4312 tentabitur,
264 4241 334 4301 iorte
351 4243 457 4300 timebit
478 4248 598 4322 noctem,
620 4241 670 4298 sed
694 4257 747 4298 non
764 4241 789 4298 ei
804 4241 885 4298 timor
939 4252 1050 4312 stratus,
1065 4251 1187 4302 attentet.
1204 4245 1260 4302 Sed
1274 4245 1418 4315 avinius,
1433 4247 1531 4322 inquit,
1552 4251 1675 4322 dejicere
1692 4270 1737 4310 ne-

84 4336 138 4392 isle
158 4331 279 4391 nocebit:
297 4333 385 4408 magis
404 4341 496 4388 autem
516 4331 538 4387 si
554 4346 609 4386 non
623 4329 705 4387 fuerit
718 4329 881 4398 dominatus,
939 4348 1020 4406 queo,
1036 4329 1107 4392 lorte
1119 4333 1245 4407 decipere
1259 4349 1370 4408 possum
1385 4336 1499 4408 alicujus
1514 4340 1624 4412 ingenio
1639 4343 1735 4414 prodi.

87 4432 152 4479 tunc
166 4420 353 4478 immaculatus
371 4420 433 4485 erit,
451 4428 479 4475 et
494 4419 695 4489 emundabitur,
710 4419 779 4476 sicut
799 4417 884 4490 scrip·
900 4447 923 4535 n
940 4422 1013 4479 toria.
1029 4421 1106 4495 Quis,
1122 4431 1212 4494 putas,
1227 4423 1277 4483 erit
1292 4424 1335 4482 hic
1345 4426 1487 4498 proditor?
1497 4428 1581 4486 Plane
1591 4430 1736 4504 cupiditas,

86 4521 142 4568 tum
154 4518 205 4578 εει,
222 4509 285 4584 quia
299 4509 387 4566 territi
401 4509 591 4582 purgabuntur
608 4507 737 4580 (labani,
758 4509 813 4579 16).
829 4508 883 4564 Ca·
939 4511 1015 4568 radix
1040 4509 1204 4584 iniquitatis:
1226 4512 1336 4574 ambitio
1348 4515 1448 4572 subtile
1466 4515 1576 4588 malum,
1599 4525 1737 4578 secretum

85 4609 177 4666 minus
190 4615 233 4668 est
249 4607 328 4664 timor
345 4607 413 4674 istm
435 4607 484 4664 sed
498 4613 529 4666 ut
544 4606 690 4674 examinet,
706 4621 762 4663 non
777 4611 882 4674 exurat,
939 4603 1022 4669 virus,
1040 4602 1125 4674 pestis
1140 4603 1254 4670 occulta,
1276 4603 1330 4662 doli
1349 4604 1456 4674 artilex,
1472 4617 1559 4665 mater
1574 4607 1736 4683 hypocrisis,

85 4698 188 4758 veritas
202 4697 276 4756 lacit.
298 4697 455 4776 Nocturnus
474 4696 554 4768 plane
570 4702 597 4753 et
612 4694 773 4754 tenebrosus
789 4695 883 4764 timor,
939 4689 1032 4748 livoris
1044 4691 1288 4764 parens‚vitiorum
1303 4691 1392 4766 oripo,
1407 4693 1551 4750 criminum
1567 4695 1663 4762 lomes,
1679 4697 1736 4756 vir·

87 4788 138 4844 sed
161 4785 240 4842 facile
261 4785 334 4842 bunc
358 4785 451 4843 radius
474 4785 595 4844 veritatis
609 4791 766 4856 exsuperat.
781 4785 885 4858 Ingerit
941 4785 1027 4839 tutum
1042 4795 1144 4850 erugo,
1160 4779 1232 4836 tinea
1246 4780 1408 4850 sanctitatis,
1424 4783 1583 4849 excecatrix
1600 4786 1736 4858 cordium,

87 4874 162 4932 enim
177 4873 262 4932 oculis
282 4873 372 4936 cordis
391 4890 465 4932 nunc
484 4875 594 4948 quidem
608 4883 719 4948 peccata
737 4890 797 4948 quae
816 4873 885 4932 leci·
942 4885 976 4926 ex
989 4867 1117 4926 remediis
1139 4869 1248 4926 morbos
1261 4883 1367 4938 creans.
1385 4886 1529 4944 generans.
1555 4889 1589 4931 ax
1603 4875 1738 4934 medicina

87 4981 164 5034 mus;
180 4972 220 5032 ut,
238 4962 469 5036 quemadmodum
488 4949 522 5020 de
537 4981 566 5022 se
585 4965 719 5038 propheta
738 4964 785 5036 ait,
805 4963 887 5020 etiam
941 4961 1111 5033 languorem.
1127 4959 1296 5032 Contempsit
1305 4977 1403 5024 vanarn
1413 4962 1539 5036 gloriam,
1548 4965 1597 5037 ait,
1612 4968 1740 5039 quonum

88 5071 140 5114 nos
149 5054 177 5110 in
187 5055 295 5127 flagella
303 5054 391 5129 parati
400 5054 495 5123 aimus,
508 5056 702 5112 annuntiantes
715 5054 887 5127 iniquitatem
942 5065 1012 5109 vana
1026 5057 1081 5109 est:
1097 5049 1167 5108 lorte
1186 5050 1297 5113 solidius
1315 5049 1416 5126 aliquid
1429 5047 1583 5126 affectam,
1603 5056 1674 5114 forre
1693 5057 1742 5113 ho.

88 5152 221 5216 nostram,
251 5151 279 5201 et
306 5145 459 5218 cogitantes
475 5159 525 5218 pro
546 5153 658 5218 peccato
681 5151 778 5200 nostro
798 5143 886 5218 (Psct.
944 5155 1035 5208 norea,
1050 5137 1120 5196 lorte
1140 5139 1253 5198 divitias.
1270 5138 1391 5212 Quantos
1410 5141 1462 5200 boc
1475 5143 1615 5218 negotium
1630 5159 1740 5215 peram·

90 5246 204 5304 xxxvii,
231 5237 272 5302 18,
300 5234 364 5306 19),
384 5249 457 5294 nunc
475 5249 540 5296 vero
559 5241 660 5304 {eterna
679 5233 809 5306 supplicia
828 5249 889 5306 quae
944 5229 1039 5285 balans
1052 5229 1081 5285 in
1095 5229 1217 5287 tenebris
1235 5229 1307 5286 trudi
1320 5229 1384 5287 lacit
1399 5231 1564 5288 intenebras
1579 5232 1739 5302 exteriores,

91 5319 250 5392 meruimus,
265 5331 294 5380 ut
308 5324 336 5381 in
350 5339 445 5382 corum
453 5323 656 5399 comparatione
665 5339 725 5398 quae
739 5321 886 5390 evadimus,
943 5326 1020 5376 veste
1034 5317 1153 5392 spolians
1169 5317 1294 5392 puptiali,
1314 5326 1342 5376 et
1360 5319 1488 5379 virtutrun
1504 5321 1633 5380 exercitia
1652 5320 1743 5381 fructa

91 5407 289 5484 universaquae
303 5413 421 5485 patimur
431 5412 542 5471 delicias
557 5421 728 5486 reputemus:
740 5428 812 5468 nunc
822 5427 891 5484 qno·
944 5407 1053 5482 pietatis
1067 5406 1223 5464 evacuans?
1238 5413 1354 5480 quantos
1367 5409 1452 5482 pestis
1465 5411 1524 5466 baec
1538 5411 1665 5484 nequiter
1678 5429 1743 5486 sup-

91 5515 147 5576 que
160 5501 281 5558 coelcatia
294 5503 405 5575 praemia
417 5503 452 5560 ad
468 5519 530 5577 qne
543 5502 691 5572 tendimus,
705 5501 802 5560 crabro
815 5501 891 5558 vide-
945 5498 1080 5572 plantatos
1099 5495 1216 5570 turpiter
1231 5511 1342 5570 quoque
1353 5498 1463 5569 dejecit,
1480 5506 1510 5556 ut
1527 5499 1619 5558 catetl
1629 5500 1742 5576 quique,

91 5585 156 5644 licet
175 5601 358 5651 memorantes
371 5591 499 5666 quoniam
515 5607 570 5658 nnn
584 5599 648 5649 sont
662 5588 806 5668 condignae
823 5601 890 5664 paa-
945 5603 1014 5666 qnos
1031 5585 1242 5654 latuitoccultus
1260 5586 1383 5656 effossor,
1402 5587 1521 5647 subitam
1530 5596 1745 5664 expavescerent

92 5677 186 5736 aiones
204 5679 284 5750 hrrjus
302 5680 431 5755 temporis
446 5683 481 5740 ad
496 5681 614 5740 futuram
631 5680 747 5758 ,gloriam
767 5695 830 5758 ,quae
845 5696 891 5739 re·
946 5675 981 5734 ad
1008 5671 1134 5742 ruinam?
1156 5671 1225 5748 Quid
1247 5689 1313 5745 vero
1337 5673 1409 5739 hunc
1434 5677 1506 5738 lavet
1528 5697 1649 5740 carmem
1671 5679 1744 5741 allud
