4064 6344
130 417 201 477 1089
765 408 938 470 saltatorius
952 408 986 470 lli
1004 404 1154 466 dilutus.
1719 411 1789 476 1090

127 557 221 599 mones
237 556 243 594 :
271 540 380 598 tertium
395 554 461 612 paro
478 537 573 611 lulius,
589 535 671 593 edere
687 535 773 608 perol,
789 535 812 592 si
836 533 929 590 audire
944 549 968 628 p
986 532 1014 587 in
1029 532 1081 588 hoo
1096 531 1154 588 eolo
1169 537 1316 605 utrumque
1331 531 1418 591 licet?
1432 535 1471 590 De
1485 549 1605 607 quonam
1623 534 1687 591 mibi
1697 535 1787 593 Evan-

126 647 179 687 non
196 631 303 687 taedeat.
323 631 356 686 Et
371 625 552 684 necessarium
577 642 646 683 reor.
663 626 732 681 Nam
743 623 816 697 quod
830 624 861 680 ad
874 639 926 680 no-
982 621 1119 694 geliorum
1130 621 1191 678 loco
1210 621 1358 694 producitis
1377 621 1455 679 istam
1470 624 1672 696 exceptionem,
1688 625 1734 697 qui
1750 641 1784 682 ua
1824 633 1828 646 '

10 779 16 794 ¹
125 728 208 776 stram
224 719 336 791 quidem
347 724 451 789 spectat
469 715 644 772 domesticam
657 715 774 786 vineam,
795 729 856 786 quae
878 727 927 770 vos
983 709 1037 767 iota
1052 711 1174 782 quidem,
1198 723 1228 767 ut
1250 709 1319 766 ialeo
1341 711 1505 786 gloriamini,
1523 713 1688 785 praeteritis?
1708 715 1783 788 Patet

124 809 201 876 estis,
217 807 284 863 satie
303 823 345 863 me
359 806 474 862 arbitror
488 803 515 860 in
543 803 651 860 duobus
678 802 771 860 iecisse
795 802 927 858 sermoni·
981 815 1032 855 vos
1045 809 1072 855 et
1086 797 1274 871 superstitiose
1285 799 1429 857 observare
1444 801 1477 856 de
1483 799 1648 872 juramento,
1664 811 1692 859 et
1703 801 1784 876 flagi·

126 897 177 952 bus
192 912 241 966 pro
255 895 422 951 munimento
438 894 476 950 illi
496 893 627 950 adversus
655 890 768 948 insidias
797 889 926 962 tripartiti
984 888 1052 944 tiose
1068 889 1278 959 praesumerede
1291 887 1409 960 periurio
1436 887 1686 958 Opcrvcrsitaterul
1704 890 1784 962 Quod

127 986 237 1056 generis
257 983 386 1054 vulpium,
410 984 457 1055 qui
477 991 541 1038 sunt
560 981 723 1046 adulatores,
748 981 924 1046 detractores,
982 977 1016 1031 ad
1036 975 1169 1032 cautelam
1196 975 1348 1032 consultum
1362 983 1413 1042 est,
1443 975 1576 1044 videlieet,
1603 980 1784 1052 camarare,-

126 1087 158 1128 ac
172 1071 317 1128 seductorii
333 1071 442 1144 quidam
458 1070 580 1144 spiritus,
600 1069 678 1144 gnari
695 1078 722 1126 et
736 1068 837 1124 assueti
857 1067 926 1122 mala
982 1065 1032 1119 boc
1058 1064 1100 1120 isti
1122 1063 1238 1120 mandati
1266 1064 1325 1120 viee
1353 1072 1407 1118 tam
1431 1065 1601 1120 contentiose
1614 1066 1781 1124 observant:

126 1161 177 1218 sub
195 1161 287 1234 speeie
310 1160 373 1217 boni
402 1160 540 1216 inducero.
558 1161 657 1218 Verum
684 1158 825 1215 dominicae
840 1155 927 1213 viuere
983 1160 1011 1209 et
1026 1153 1098 1225 quod
1114 1152 1248 1209 immobili
1255 1155 1316 1223 jure
1328 1153 1461 1210 sancitum
1475 1159 1517 1209 est
1530 1169 1584 1209 non
1610 1155 1784 1224 pejerandum

126 1266 180 1309 non
201 1251 246 1306 ita.
266 1250 341 1305 lllam
356 1249 466 1320 loquor,
486 1263 547 1320 quae
573 1246 693 1318 implevit
712 1258 823 1317 terr-am,
844 1245 926 1317 cujus
981 1241 1094 1308 scilieet,
1108 1243 1160 1299 boc
1172 1248 1299 1314 tanquam
1328 1241 1486 1298 iudiiierena
1503 1257 1553 1314 pro
1579 1257 1629 1299 sua
1647 1243 1786 1300 voluntate

124 1347 151 1396 et
165 1355 213 1396 nos
227 1338 315 1410 portio
329 1352 423 1393 sumus
438 1353 445 1390 :
461 1337 567 1395 vineam
595 1336 724 1410 grandem
747 1334 838 1402 nimis,
869 1334 927 1392 Do·
984 1328 1158 1401 dispensant.
1171 1329 1230 1384 Non
1254 1328 1387 1401 inquiunt.
1404 1330 1451 1386 Sed
1473 1345 1507 1386 ¹¹0
1524 1329 1680 1402 mysterium
1697 1329 1785 1400 publi·

127 1427 191 1482 mini
213 1427 361 1498 plantatam
377 1441 465 1492 manu,
490 1424 657 1495 redemptam
684 1424 827 1496 sauguine,
854 1422 928 1498 riga·
982 1434 1085 1476 oemus.
1101 1418 1183 1489 Quasi
1198 1418 1287 1493 gloria
1301 1419 1349 1475 Dei
1365 1435 1420 1476 nou
1436 1421 1471 1475 sit
1483 1421 1602 1478 revelare
1617 1437 1784 1478 sermonem.
1805 1493 1806 1496 Ἴ

125 1515 290 1585 tamverbo,
306 1521 485 1588 propagatam
504 1513 603 1587 gratia,
619 1510 788 1570 fecundatam
817 1511 926 1584 spiritu.
983 1506 1025 1562 bu
1051 1507 1099 1564 Dei
1114 1506 1239 1565 invident
1265 1508 1377 1580 gloriae;
1412 1508 1466 1565 Sed
1493 1509 1581 1583 magis
1605 1509 1688 1566 oredo
1713 1509 1785 1585 quod

126 1603 199 1676 Ergo
215 1603 276 1676 plus
290 1605 395 1673 proprii
411 1616 505 1658 curam
515 1617 624 1674 gerens,
639 1599 667 1656 in
686 1601 930 1658 commoneminus
984 1596 1102 1668 pandere
1131 1597 1292 1654 erubescant
1315 1597 1434 1655 scientes
1457 1598 1616 1672 inglorium.
1646 1599 1713 1655 Nam
1736 1615 1786 1656 ne-

124 1691 226 1763 prolui.
243 1691 333 1747 blovet
349 1707 392 1748 me
407 1697 495 1746 autem
512 1704 561 1761 pro
584 1689 645 1763 ipsa
665 1689 812 1746 multitudo
831 1687 929 1744 deuro-
987 1683 1068 1740 ianua
1078 1685 1232 1742 etobscens
1245 1686 1461 1759 dicunturagere
1476 1687 1503 1743 in
1518 1697 1639 1759 secreto,
1654 1688 1786 1762 siquidem

125 1781 250 1837 lieutium
272 1795 344 1847 eam,
383 1777 580 1836 defensantium
624 1778 755 1851 paucitas,
784 1776 929 1834 difficultas
983 1783 1009 1830 et
1029 1773 1158 1844 vulpium
1174 1775 1439 1846 posterioraietent.

123 1868 299 1928 defensionis.
316 1867 509 1926 Difficultatem
523 1867 666 1925 occultatio
694 1866 767 1923 iacit.
786 1867 855 1922 Nam
864 1827 965 1923 cumB
1016 1863 1044 1916 3.
1078 1862 1131 1917 Sed
1155 1870 1234 1918 tocco
1266 1879 1328 1934 quaa
1358 1871 1490 1937 negarent
1506 1881 1512 1918 :
1527 1865 1561 1919 ed
1577 1865 1722 1924 manifesta
1736 1884 1786 1926 ra·

124 1957 245 2015 Ecclesia
259 1973 368 2029 semper
382 1958 417 2012 ab
435 1954 515 2011 initio
538 1956 580 2012 sui
593 1955 688 2026 vulpes
709 1955 844 2024 habuerit,
873 1953 926 2010 cito
980 1950 1142 2023 spondeant.
1171 1950 1213 2005 An
1226 1949 1306 2019 juxta
1333 1950 1514 2024 Evangelium
1543 1962 1637 2010 cavent
1663 1965 1784 2011 sanetum

124 2061 220 2102 omnes
234 2049 378 2116 comperte
392 2051 420 2100 et
433 2052 520 2116 captae
536 2052 610 2101 sunt.
642 2041 814 2114 Conlligebat
839 2043 926 2098 haere-
980 2037 1045 2093 dare
1060 2035 1183 2103 mnibus,
1212 2042 1240 2092 el
1253 2037 1413 2110 margaritas
1427 2037 1519 2109 porcis
1537 2039 1650 2110 (uetat.
1666 2055 1717 2108 vu,
1734 2043 1784 2113 6)i

124 2135 192 2190 ticus
221 2133 307 2206 palam
329 2132 402 2206 (nam
430 2131 493 2188 inde
530 2132 675 2188 haereticus
704 2130 832 2198 maxime,
853 2131 925 2202 quod
981 2128 1016 2183 At
1028 2125 1099 2182 istud
1115 2132 1209 2198 aperte
1231 2125 1308 2182 lateri
1334 2131 1384 2194 eet,
1402 2143 1433 2183 se
1449 2141 1503 2184 non
1518 2142 1579 2184 esse
1602 2128 1635 2184 dc
1649 2128 1784 2196 Ecclesia,

125 2223 216 2294 palam
230 2223 337 2281 vincere
359 2221 507 2294 cupiebat),
531 2229 558 2277 et
567 2219 769 2278 succumbebat.
783 2220 824 2274 lta
846 2233 916 2291 ergo
980 2215 1029 2286 qui
1046 2231 1142 2271 omnes
1170 2215 1267 2288 quide
1286 2215 1403 2271 Ecclesia
1427 2224 1500 2286 sunt,
1521 2233 1601 2274 canes
1628 2226 1742 2274 censent
1760 2227 1787 2276 et

123 2310 270 2369 iacileillae
291 2309 469 2384 capiebantur
483 2308 588 2381 vulpes.
607 2307 679 2377 Quid
699 2307 771 2364 onim
799 2306 823 2364 si
839 2307 926 2378 positu
982 2318 1092 2374 porcos.
1108 2303 1173 2359 Sine
1199 2303 1360 2377 exceptione
1390 2305 1666 2378 enimomnibusqni
1682 2306 1716 2362 de
1739 2323 1788 2363 sua

123 2399 253 2457 inlunem
275 2401 387 2456 veritate
400 2399 545 2456 haereticus
564 2398 592 2454 in
611 2414 668 2454 suae
683 2397 838 2470 pertinaeiae
849 2403 926 2452 tene·
981 2398 1056 2448 secta
1082 2408 1134 2449 non
1150 2399 1222 2459 sunt,
1239 2407 1318 2448 suum
1342 2391 1417 2460 illud,
1448 2393 1580 2466 quidquid
1603 2401 1655 2459 est,
1679 2395 1787 2453 subtra-

124 2490 181 2547 bris
204 2505 358 2558 remanens,
387 2489 464 2546 solus
490 2489 558 2546 ioris
592 2488 722 2563 religatus
765 2487 927 2544 aresceret?
981 2480 1098 2536 bendum
1117 2480 1270 2537 exstimant.
1296 2479 1427 2538 Caeterum
1454 2483 1505 2538 boo
1519 2481 1568 2539 etsi
1581 2483 1709 2552 sentiant,
1733 2499 1787 2540 non

126 2575 364 2637 14884491
380 2577 566 2636 Nihilominus
579 2584 658 2649 eapte
673 2576 845 2648 reputabatur
868 2575 928 2634 vul·
980 2568 1193 2641 respondebunt,
1219 2585 1253 2626 ne
1268 2568 1403 2625 manifesti
1416 2567 1490 2638 iant,
1514 2585 1611 2643 nempe
1625 2574 1697 2644 quod
1711 2571 1787 2630 omni

125 2684 183 2740 pes,
198 2668 376 2725 condemnata
399 2666 547 2740 impietate,
574 2673 600 2721 et
620 2664 704 2736 impio
727 2663 800 2721 l'oras
827 2663 922 2731 misso,
982 2657 1061 2714 modo
1091 2657 1210 2729 lugiunt,
1226 2658 1275 2714 sed
1300 2672 1354 2714 uon
1377 2656 1520 2730 effugient.
1537 2659 1682 2729 Responde
1704 2661 1783 2728 mihi,

125 2757 245 2814 ostentui
265 2755 359 2828 utiquc
378 2757 435 2827 jam
449 2754 564 2825 victuro,
580 2769 637 2810 non
664 2753 775 2811 fructui.
801 2754 841 2810 Er
865 2756 925 2822 hoc,
980 2763 996 2804 o
1013 2749 1108 2818 bomo,
1124 2747 1169 2820 qui
1186 2747 1339 2819 plusquam
1369 2750 1477 2818 oportet
1495 2746 1580 2821 sapis,
1591 2748 1691 2820 etplus
1703 2765 1784 2823 quant

126 2848 204 2915 juxta
219 2846 388 2917 prophetam,
408 2853 484 2901 erant
496 2843 536 2898 illi
550 2843 633 2898 ubera
653 2841 768 2911 arentia,
793 2850 820 2898 et
833 2849 926 2898 venter
981 2837 1034 2894 dici
1054 2844 1140 2908 potest
1152 2835 1263 2907 desipis.
1280 2834 1330 2892 Dei
1340 2845 1391 2902 est,
1408 2851 1442 2891 au
1457 2851 1522 2904 non,
1537 2837 1698 2909 mysterium
1711 2839 1786 2912 qnod

127 2934 228 2993 sterilis
240 2933 335 3007 (Ore,
350 2947 391 3002 ru,
420 2933 486 3006 at);
511 2931 575 3004 quia
604 2946 662 2988 non
678 2931 824 3004 repullulat
850 2944 927 2986 error
984 2923 1127 2982 occultari
1150 2924 1178 2981 Si
1194 2931 1244 2994 eet,
1269 2939 1317 2980 cur
1332 2938 1386 2980 non
1413 2925 1447 2980 ad
1462 2925 1523 2995 ey'us
1537 2925 1655 2997 gloriam
1671 2926 1789 2997 pandis?

126 3021 234 3094 publice
248 3021 412 3089 confutatus,
428 3029 456 3076 et
470 3019 572 3077 falsitas
588 3027 683 3093 aperta
697 3035 752 3076 nou
780 3018 927 3094 germinat.
983 3015 1052 3070 Nam
1072 3013 1158 3086 gloria
1186 3012 1244 3082 Dei,
1260 3013 1378 3071 revelare
1401 3027 1566 3070 sermonem.
1596 3014 1625 3070 si
1643 3028 1717 3085 non,
1737 3031 1788 3071 cur

163 3114 190 3166 2.
205 3107 277 3177 Quid
292 3108 421 3166 iaciemus
435 3107 478 3163 bis
498 3107 703 3182 malignissimis
731 3107 869 3179 vulpibus,
899 3114 928 3162 ut
943 3104 965 3183 c
979 3101 1062 3159 fidem
1077 3103 1160 3158 babes
1174 3101 1202 3157 in
1214 3116 1248 3156 eo
1275 3101 1348 3173 qqod
1369 3116 1422 3159 uon
1437 3107 1478 3156 est
1501 3101 1562 3168 Dei,
1582 3101 1632 3156 nisi
1648 3102 1712 3175 quia
1726 3104 1786 3160 bae-

125 3199 312 3272 capiqueant‚
330 3213 390 3270 quae
419 3213 516 3254 nocere
535 3213 616 3270 quam
632 3197 741 3254 vincere
755 3195 870 3262 malunt,
899 3201 928 3250 et
980 3192 1143 3248 reticusesl
1160 3192 1213 3248 Aut
1232 3188 1314 3266 igitur
1336 3189 1385 3245 Dei
1401 3198 1535 3246 secretum
1555 3193 1587 3246 ad
1603 3191 1650 3248 Dei
1670 3192 1785 3264 gloriam

127 3303 163 3344 ne
177 3301 304 3361 apparere
320 3286 430 3359 quidem
443 3285 549 3356 volunt,
570 3286 619 3342 scd
634 3284 767 3355 serperet
794 3283 928 3340 Omnibus
980 3282 1115 3354 prodant;
1132 3287 1180 3336 aut
1203 3279 1254 3334 Dei
1270 3284 1370 3352 negent
1398 3279 1568 3350 mysterium,
1584 3285 1611 3336 et
1625 3279 1736 3336 minime
1755 3296 1786 3340 se

117 3392 181 3432 una
195 3377 306 3432 intentio
318 3374 455 3432 haereticis
466 3389 574 3447 semper
593 3373 644 3429 luit
666 3381 774 3445 captare
802 3372 927 3444 gloriam,
982 3367 1126 3425 baereticos
1150 3374 1269 3440 negeut;
1285 3376 1331 3423 aut
1346 3375 1419 3424 certe
1433 3365 1610 3424 nibilominus
1623 3368 1782 3425 manifestos

128 3463 360 3538 desingularitate
374 3463 504 3520 scientiae.
528 3461 594 3518 Sola
622 3461 674 3518 ista
700 3459 845 3533 malignior
872 3475 928 3514 oae-
983 3474 1014 3514 se
1024 3457 1159 3513 fateantur
1186 3455 1310 3511 inimicos
1321 3457 1416 3528 gloriae
1438 3455 1502 3526 Dei;
1518 3455 1565 3527 qui
1589 3457 1783 3530 noluntmani·

128 3553 194 3610 teris
208 3553 396 3625 versutiorque
411 3551 572 3618 haeresibus,
589 3547 700 3605 damnis
715 3548 836 3621 pascitur
858 3547 929 3604 alie·
982 3546 1080 3602 festum
1096 3543 1164 3609 lieri,
1191 3542 1304 3614 quodei
1334 3554 1431 3600 norunt
1460 3542 1517 3600 iore
1533 3549 1567 3600 ad
1581 3544 1708 3617 gloriam.
1725 3545 1785 3602 Stat

127 3642 182 3712 nis,
220 3641 338 3713 propriae
380 3640 532 3714 negligens.
556 3639 653 3706 Docta,
691 3638 787 3704 eredo,
833 3651 929 3692 exem·
983 3649 1081 3706 nempe
1093 3631 1240 3704 Scriptura
1252 3631 1368 3688 veritas:
1388 3633 1482 3690 Gloria
1496 3647 1615 3706 reprom
1624 3635 1786 3694 coloraver-

127 3731 328 3804 plisveterum,
347 3745 409 3803 quae
432 3728 548 3800 proditae
569 3728 684 3794 evadere
708 3739 765 3782 non
794 3725 934 3806 valebant„
984 3721 1783 3797 bem,9lorioiloireoeloresermonem(Pr.nnv,2)(titt).

127 3818 178 3877 sed
193 3818 334 3876 confestim
358 3816 545 3890 capiebantur,
558 3823 638 3872 cauta
656 3823 698 3872 est
711 3829 784 3871 novo
803 3811 930 3870 maleficii
983 3813 1042 3869 Nou
1057 3811 1099 3868 vis
1113 3818 1142 3866 tu
1156 3809 1293 3864 revelaret
1311 3809 1374 3865 Non
1387 3826 1454 3882 ergo
1468 3811 1509 3868 vis
1522 3811 1608 3868 Deum
1623 3812 1783 3884 glorilioare.

127 3925 231 3983 genere
245 3906 352 3982 operari
380 3905 539 3978 mysterium
571 3903 731 3978 iniquitatis,
752 3917 787 3960 eo
806 3901 930 3959 licentius
984 3901 1037 3957 Sed
1059 3899 1130 3956 lorte
1164 3897 1260 3971 recipit
1286 3897 1454 3970 scripturam
1491 3899 1575 3958 banc.
1603 3902 1641 3956 lta
1668 3910 1786 3960 esttec-

127 4013 182 4072 quo
192 3997 328 4053 latentius.
340 3995 466 4067 Denique
481 3994 616 4065 indixere,
633 4003 661 4050 ut
680 3992 787 4060 dicitur,
813 3992 931 4049 latebras
985 3990 1038 4044 lius
1067 3985 1207 4060 Evangelii
1232 4001 1261 4042 se
1277 3984 1437 4058 profitentur
1467 3988 1688 4057 aemulatores,et
1702 3989 1784 4050 solos.

129 4085 193 4154 sibi,
222 4085 400 4143 firmaverunt
428 4081 480 4138 sibi
508 4097 661 4138 sermonem
696 4096 824 4154 nequam.
853 4081 930 4150 lure,
985 4076 1175 4147 Respondeant
1192 4074 1302 4147 proinde
1325 4074 1482 4148 Evangelio.
1511 4075 1587 4145 Quod
1607 4076 1786 4149 elaqueat

129 4175 239 4246 periura
255 4192 264 4242 ς
279 4185 411 4230 secretum
427 4171 542 4244 prodere
556 4169 622 4226 noli.
652 4166 796 4226 Enimvero
811 4169 878 4224 elias
896 4181 931 4222 ne
992 4163 1262 4232 repedationem
1278 4163 1408 4231 lamiam
1428 4164 1652 4238 etqooala‘ncere
1664 4166 1782 4231 auditis,

129 4261 247 4318 tenuiter
262 4261 369 4332 quidem
379 4261 470 4332 jurare
484 4258 617 4314 ullatenus
645 4257 833 4330 acquiescunt,
858 4271 926 4326 pro·
979 4255 1133 4330 praedicate
1146 4268 1231 4325 seper
1246 4255 1322 4309 tacto
1339 4251 1450 4324 (narrt.
1469 4268 1496 4320 x,
1512 4253 1643 4326 27111111
1658 4253 1787 4313 nonlicet

128 4362 191 4424 pter
218 4350 287 4405 illud
313 4349 347 4404 de
371 4346 543 4420 Evangelio:
561 4347 621 4406 Non
630 4348 735 4418 jurare
765 4361 855 4420 neque
876 4363 928 4422 per
946 4342 1070 4466 nsilere.
1087 4341 1234 4414 Usquequo
1248 4340 1385 4399 occultum
1404 4345 1519 4410 tenetur,
1536 4343 1609 4416 quod
1620 4343 1786 4415 pelamlteus

128 4442 243 4506 coelom,
259 4452 405 4512 neqoeper
425 4434 653 4506 terrnmlliottlv.
668 4450 694 4500 v,
711 4435 756 4504 st,
769 4435 826 4505 311),
838 4439 889 4490 etc.
905 4435 929 4493 0
983 4429 1041 4486 lieri
1065 4430 1159 4504 jubet?
1173 4430 1322 4504 Usquequo
1336 4433 1461 4502 opertum
1484 4438 1525 4488 est
1546 4431 1720 4506 Evangelinm
1734 4446 1786 4491 ve-

129 4529 206 4584 stulti
217 4536 244 4584 et
260 4527 327 4582 tardi
343 4525 438 4590 corde,
455 4522 551 4595 repleti
565 4521 646 4595 plane
664 4521 817 4579 Pharisaico
833 4523 929 4594 spiritu
984 4521 1088 4576 etrum?
1116 4517 1258 4590 Suspicor;
1286 4528 1409 4576 vestrum
1424 4527 1532 4576 nonest
1544 4521 1621 4578 Pauli
1637 4536 1720 4579 :nam
1741 4520 1785 4576 ille

128 4617 266 4690 liquantes
286 4614 410 4683 culicem,
426 4620 454 4669 et
477 4611 608 4668 camelum
632 4609 798 4684 glutientes!
814 4611 927 4681 (1111111.
984 4605 1170 4664 suumiatetur
1184 4613 1308 4678 opertum
1340 4621 1394 4664 non
1406 4623 1476 4665 esee.
1494 4611 1566 4681 Etsi,
1587 4609 1685 4682 inquit,
1702 4625 1784 4682 oper-

130 4721 217 4774 axru,
232 4704 288 4777 21).
297 4703 391 4760 iurare
405 4717 461 4760 non
485 4701 557 4768 ticet,
586 4709 614 4756 et
641 4700 762 4774 pejerare
786 4700 927 4760 licetine
984 4701 1046 4754 tum
1060 4695 1294 4768 cstEoonpeliom
1304 4711 1412 4764 mecm,
1427 4699 1459 4755 to
1478 4697 1521 4754 lviv
1542 4701 1671 4770 opertam
1685 4701 1786 4774 estqui

169 4841 290 4913 (2261111
305 4838 419 4896 similem
433 4851 542 4894 sacreum
557 4837 614 4893 bare
628 4837 709 4894 verba
725 4836 872 4906 Scriptura
885 4851 928 4890 ae-
983 4832 1024 4888 bis
1034 4830 1125 4891 verbis
1146 4831 1228 4888 utitur
1256 4833 1412 4889 bernardus
1437 4834 1489 4890 boc
1508 4848 1643 4892 sermone.
1653 4835 1717 4893 ttee
1730 4849 1791 4902 non

130 4912 205 4993 oepit
219 4913 247 4968 S.
263 4911 412 4984 Gregorius
422 4909 601 4982 ttegnnsltb.
619 4913 631 4964 1
652 4909 681 4965 in
695 4909 793 4964 Erech.
814 4907 887 4963 bom.
899 4909 926 4972 6,
983 4903 1017 4959 ad
1032 4904 1194 4976 culpandum
1208 4903 1353 4978 genuinam
1370 4902 1520 4974 lectionem,
1536 4905 1583 4962 sed
1594 4906 1627 4962 ad
1637 4907 1784 4964 ostenden·

132 4987 192 5040 init.
208 4983 274 5040 Cum
296 4991 384 5037 tamen
400 4978 479 5037 trodio
497 4980 669 5051 sensuplane
684 4978 819 5037 contrario
833 4977 928 5050 legan-
982 4975 1046 5032 dum
1062 4977 1200 5048 quomodo
1224 4976 1316 5031 Patres
1338 4975 1465 5050 legerint,
1488 4985 1568 5047 prout
1589 4992 1685 5035 eorum
1703 4978 1784 5037 lectio

133 5067 177 5112 tur
192 5055 220 5109 in
235 5054 352 5110 editione
370 5052 494 5125 Vulgata,
512 5052 562 5108 boc
582 5053 681 5108 modo:
700 5051 796 5109 Gloria
816 5050 863 5106 liei
886 5055 928 5106 est
1003 5047 1087 5104 assim
1102 5045 1226 5120 plurimis
1249 5046 1277 5103 in
1296 5046 1395 5104 loeisa
1419 5056 1510 5105 nostra
1533 5048 1647 5124 Vulgata
1660 5048 1782 5107 dissidet.

132 5127 226 5184 celare
239 5126 355 5182 verbam
371 5129 398 5181 ot
416 5125 508 5196 glorio
521 5138 622 5193 repom
635 5125 807 5194 investigare
822 5136 929 5178 sermo·
982 5063 1048 5188 Gula
1058 5127 1147 5176 autem
1159 5125 1236 5190 putet
1263 5117 1377 5204 singulis
1392 5119 1459 5177 locis
1472 5121 1505 5174 ed
1520 5134 1644 5178 normam
1664 5119 1785 5192 Vulgatte

130 5213 199 5255 nean
219 5198 293 5254 Unde
308 5206 398 5254 rnonet
411 5192 552 5252 Cornelius
566 5191 725 5264 aLapidein
739 5191 922 5258 trunclocum,
981 5191 1177 5266 corrigendos?
1205 5190 1273 5247 lllud
1288 5192 1332 5247 bre
1361 5190 1449 5248 obiter
1468 5205 1619 5260 monemus,
1643 5191 1785 5248 sententie

133 5285 255 5328 crassum
268 5271 393 5324 mendum
409 5281 470 5323 esse
485 5263 514 5320 in
527 5265 661 5336 Gregorio
682 5284 688 5318 ε
711 5272 737 5319 et
753 5279 806 5320 uon
822 5269 925 5318 tantum
983 5263 1147 5330 Salomonis,
1163 5265 1239 5334 juata
1267 5262 1410 5320 lectionem
1437 5263 1557 5332 Patrum,
1581 5263 1703 5338 apprime
1716 5278 1784 5320 eou-

133 5341 218 5399 verba
238 5339 383 5409 Scripturae
411 5335 534 5408 corrigit,
562 5337 611 5391 aed
635 5345 662 5392 et
687 5333 814 5408 Gregorii
833 5335 926 5404 verba,
983 5334 1163 5406 gruercillaur
1182 5332 1272 5408 ang‘eli
1287 5333 1432 5407 liaphaelis
1446 5334 1479 5390 ad
1494 5343 1637 5408 utrumque
1651 5333 1783 5392 Tobiam:

133 5419 229 5468 eontra
256 5410 314 5479 eius
328 5419 446 5465 meatem
471 5415 498 5463 et
511 5406 672 5474 institutum,
688 5406 740 5461 nisi
768 5404 859 5476 t'allor,
873 5405 926 5462 im·
984 5407 1320 5464 Etanimsacremcntem
1334 5406 1583 5478 repisolrsooodera
1601 5406 1704 5464 locem
1721 5411 1782 5465 eat:

133 5490 230 5540 mutat
245 5483 310 5538 Nam
327 5497 401 5538 mens
415 5477 542 5552 Gregorii
564 5486 605 5536 est
619 5494 652 5535 eo
665 5475 726 5535 loeo
747 5495 754 5534 :
770 5478 927 5548 Prophetica
982 5492 997 5534 o
1017 5481 1170 5536 manetem
1177 5479 1365 5546 Deireoelore,
1378 5479 1574 5549 bonomfioom.
1584 5478 1722 5550 Toboap.
1732 5492 1783 5543 nu,

132 5554 245 5627 quidem
268 5553 395 5624 mysteria
423 5550 538 5607 obscura
557 5565 635 5617 csse;
659 5559 777 5606 attamen
806 5549 871 5622 quia
894 5547 930 5604 ad
985 5494 1049 5622 7⁹7.
1077 5549 1207 5622 Alioquin
1233 5548 1267 5606 de
1304 5549 1494 5608 conciliatione
1531 5549 1613 5620 hujus
1640 5549 1783 5607 sententie

129 5628 181 5684 llei
195 5623 313 5698 gloriam
332 5632 445 5694 spectat,
462 5620 590 5692 mysteria
605 5621 739 5678 sermonis
751 5623 811 5693 ejus
825 5621 931 5694 aperire
986 5637 1048 5678 cum
1065 5627 1165 5696 gneum
1179 5620 1332 5679 Salomonis
1348 5620 1464 5679 viderint
1475 5622 1646 5693 interpretes.
1660 5621 1782 5697 Vulgata

129 5696 158 5753 in
173 5697 226 5754 boe
239 5695 320 5754 nobis
333 5692 551 5762 incarmbendom,
563 5701 615 5750 etc.
636 5692 737 5750 Eodem
747 5695 827 5764 plane
852 5707 933 5749 sensu
987 5691 1058 5750 iavet
1073 5709 1191 5766 graecum
1207 5693 1295 5749 LXX.
