4116 6348
152 397 157 406 '
178 407 230 471 aar
798 406 971 468 ssuuouus
990 409 1032 467 uu
1050 399 1211 469 ortanus
1774 423 1826 482 ,3⁸2

178 538 280 610 quippe
303 545 346 593 εει
369 535 490 592 εεειιιιιιε
511 534 540 589 ln
561 533 689 590 Triuitete
707 549 825 606 persona
844 554 850 590 :
869 545 895 592 ct
919 537 978 593 lieet
994 553 1017 630 g
1032 537 1195 592 aromatibus
1213 539 1384 595 accedamus.
1409 529 1564 612 Significant
1582 557 1669 604 erstem
1701 529 1754 606 tros
1773 541 1826 606 illae

178 627 302 682 eamdem
317 624 529 682 incarnationem
542 621 623 676 simul
633 621 747 678 fecerint
760 625 841 679 Pater
854 630 882 679 ει
895 623 977 680 Filius
1018 619 1159 680 'mulieres
1172 631 1227 678 tres
1241 625 1268 679 in
1283 627 1362 681 nobis
1384 625 1552 699 efficientias,
1564 633 1624 706 qu'ae
1640 637 1690 694 sibi
1705 633 1827 712 congrua

178 721 206 770 ει
225 711 342 786 Spiritus
364 719 488 780 sanctus;
513 720 675 766 nontamen
698 711 778 766 Pater
792 719 839 765 aut
860 710 977 783 Spiritus
1019 721 1188 783 ‘comparant
1203 723 1329 768 aromata.
1347 713 1413 782 Qum
1427 725 1490 772 sunt
1514 720 1591 777 itlaei
1614 718 1699 796 ιιειιε,
1719 743 1824 793 manus,

178 811 291 859 sanctus
314 811 355 858 est
379 801 542 866 incarnatus,
565 798 612 854 sed
636 799 713 854 solus
735 797 828 856 Filius.
854 799 978 872 Implevit
1032 799 1136 870 lingua.
1153 799 1249 856 Omnis
1264 801 1335 857 enim
1351 802 1397 873 qui
1411 806 1484 871 emit,
1500 805 1548 862 det
1557 819 1583 865 et
1593 811 1692 882 accipit
1705 813 1825 888 aliquid:

153 913 156 920 ⁴
177 891 290 964 quidem
308 899 334 948 et
349 891 430 946 Pater
442 896 469 944 ει
491 887 607 960 Spiritus
621 895 731 944 sanctus
754 904 860 944 carnem
876 889 977 960 liliis
1032 903 1064 945 ex
1079 888 1151 962 qnod
1166 890 1222 954 det,
1237 889 1335 960 perdit,
1352 899 1381 945 ut
1400 891 1536 962 possideat
1558 897 1630 969 quod
1655 901 1825 972 accipiebat

177 995 232 1051 quo
253 988 350 1036 neuter
375 993 470 1034 eorum
492 985 600 1049 poterat
622 977 763 1049 separari3
785 979 833 1033 sed
856 977 977 1050 implevlt
1031 975 1205 1050 igiturmens
1218 993 1356 1034 nummum
1369 981 1485 1051 propriae
1499 983 1644 1041 voluntatis
1666 995 1693 1043 et
1716 1005 1827 1062 compa-

177 1069 328 1139 majestate,
350 1081 406 1123 uon
431 1067 615 1137 susceptione.
631 1066 747 1138 ideoque
762 1065 844 1121 l'ilius
859 1068 977 1123 ostendit
1031 1073 1074 1121 rat
1088 1065 1214 1122 ait'ectum
1229 1066 1432 1138 compassionis,
1449 1070 1537 1126 zelum
1549 1072 1674 1142 justitiet,
1687 1077 1827 1137 discretio·

177 1152 204 1211 iu
220 1171 301 1212 came
314 1155 463 1227 potentiam
481 1152 568 1212 Patris
582 1169 633 1226 per
647 1170 741 1225 opera,
757 1153 879 1210 exhibuit
892 1154 975 1211 boni·
1018 1167 1091 1210 ‘nem
1100 1153 1216 1211 consilii.
1226 1156 1279 1210 Dat
1291 1171 1388 1211 manus
1397 1157 1587 1233 obedientiam,
1598 1167 1625 1219 ει
1635 1163 1734 1220 emitiu
1743 1167 1826 1225 tribu-

178 1253 260 1301 tatem
279 1243 394 1317 Spiritus
415 1243 502 1300 sancti
522 1243 685 1299 remittendo
704 1251 832 1315 peccata3
854 1253 881 1299 et
904 1244 976 1316 quod
1031 1241 1130 1300 latione
1144 1242 1435 1316 patientiaminopcre
1448 1251 1687 1322 perseverantiam,
1703 1253 1730 1308 in
1745 1271 1826 1313 carne

178 1349 257 1390 suum
276 1338 343 1402 erat,
361 1333 416 1390 imo
430 1332 502 1406 quod
524 1332 584 1405 ipse
600 1342 668 1399 eret,
689 1332 715 1387 id
729 1338 771 1388 εει
785 1331 930 1402 Sapientia,
946 1348 977 1388 εε
1031 1331 1232 1386 continentiam.
1248 1332 1299 1386 Dat
1314 1331 1560 1404 linguonummum
1582 1338 1770 1410 confessionis,
1800 1353 1827 1399 et

177 1422 324 1479 occultavit
351 1437 400 1493 prr
427 1419 472 1476 illa
500 1420 628 1492 praedicta
656 1420 805 1492 signacula.
832 1421 910 1476 Facta
937 1429 979 1478 est
1032 1419 1255 1491 accipitmodum
1272 1419 1298 1474 iu
1314 1422 1491 1492 correctione,
1507 1424 1612 1497 copiam
1642 1427 1669 1483 iu
1698 1431 1825 1488 exhorta·

178 1512 260 1583 igitur
274 1527 319 1566 rcs
341 1511 411 1565 mira
431 1519 459 1565 ει
482 1509 660 1580 οιιειιιρειιιιε.
681 1507 817 1564 Infirmata
839 1517 879 1564 εει
892 1509 977 1564 virtus
1019 1507 1115 1576 tione,
1130 1505 1275 1563 efficaciam
1290 1507 1317 1562 in
1332 1512 1519 1580 persuasione.

178 1615 291 1668 summa,
304 1605 332 1655 ει
350 1600 392 1670 (ιιι
412 1599 449 1653 ita
462 1598 562 1664 dicam,
578 1596 600 1651 si
624 1595 675 1653 dici
691 1597 780 1664 liceat,
801 1599 873 1670 quod
889 1605 975 1653 temen
1066 1599 1093 1649 a.
1110 1593 1219 1651 Talibus
1235 1598 1380 1668 unguentis
1401 1603 1568 1675 compositis,
1584 1603 1650 1662 dum
1664 1607 1697 1662 ad
1726 1623 1825 1664 monu-

177 1699 334 1746 raserentcr
356 1687 429 1757 dico)
446 1687 520 1758 quasi
546 1685 675 1742 infatuata
698 1691 740 1740 εει
761 1685 903 1758 sapientia.
920 1685 977 1742 Nec
1031 1692 1151 1739 mentum
1174 1683 1251 1738 simul
1272 1687 1401 1754 venerint,
1426 1687 1615 1762 colloquuntur
1645 1693 1771 1766 ioricam,
1799 1708 1827 1754 et

178 1779 312 1834 erubesco
340 1775 438 1840 dicere,
455 1776 527 1848 quod
542 1791 596 1829 non
619 1774 727 1832 erubuit
741 1775 842 1830 Ductor
857 1773 977 1848 gentium
1030 1767 1146 1827 dieunt:
1165 1771 1233 1838 Quis
1247 1772 1371 1829 revolvet
1384 1774 1462 1830 nodis
1478 1777 1599 1848 lapidem
1624 1780 1658 1836 cd
1675 1784 1745 1839 ostio
1759 1799 1823 1842 uso·

178 1867 286 1923 docere.
307 1865 352 1920 Sic
365 1879 464 1934 nempe
478 1863 600 1930 credidit,
618 1861 658 1918 sie
676 1861 778 1928 docuit,
794 1861 834 1918 sic
846 1864 976 1934 scripturn
1029 1856 1185 1916 nomenti?
1195 1859 1291 1931 (llaec.
1305 1875 1364 1930 ιιι,
1381 1865 1408 1928 l,
1424 1865 1462 1932 3).
1475 1865 1553 1934 Lapis
1567 1866 1617 1921 istc
1627 1869 1727 1934 estrei
1742 1871 1826 1927 nimia

177 1953 297 2024 reliquit.
312 1954 376 2018 Noa,
397 1950 494 2026 inquit,
508 1951 700 2024 praedicamus
721 1951 864 2008 Christum
880 1955 975 2008 croci-
1031 1946 1146 2014 tristitie,
1163 1947 1204 2004 vei
1220 1945 1336 2020 pigritia,
1352 1949 1395 2005 sel
1411 1950 1510 2006 duritia
1527 1970 1534 2009 ι
1555 1969 1626 2024 quaa,
1658 1957 1722 2012 dum
1736 1959 1825 2016 cordis

177 2041 280 2111 ficum,
295 2041 402 2098 iudaeis
416 2037 526 2114 quidem
540 2040 718 2105 scandalum,
733 2040 862 2112 paratibus
879 2045 977 2099 uotam
1029 2035 1131 2091 1111111111
1156 2037 1282 2104 obstruit,
1312 2037 1409 2094 trustra
1441 2041 1474 2094 ed
1502 2043 1657 2112 ungendum
1687 2055 1824 2103 mortuum

178 2131 355 2188 stultitiam:
366 2131 435 2202 ipsis
448 2131 547 2186 autern
559 2129 665 2187 vocatu
680 2127 784 2186 ladoeis
798 2133 884 2202 utque
900 2131 977 2186 Grae·
1030 2139 1116 2190 mens,
1127 2125 1169 2181 1111
1183 2138 1291 2192 minus,
1307 2126 1352 2182 vel
1367 2128 1459 2198 lingua
1472 2147 1533 2186 oum
1544 2133 1711 2203 quibuslibet
1718 2151 1824 2192 aroma-

178 2223 229 2285 cis,
251 2219 398 2276 Christum
419 2219 471 2276 Dei
492 2219 640 2285 uirtutem,
663 2223 691 2274 ει
713 2219 762 2274 Dei
785 2221 976 2291 sapientium,-

177 2310 243 2383 putu
257 2307 328 2381 quod
342 2307 468 2364 stultum
491 2309 534 2364 est
548 2308 609 2374 Dei,
625 2307 783 2380 sapientius
797 2310 839 2364 εει
852 2306 975 2362 ltomior'·

178 2399 243 2462 dus;
258 2401 286 2452 ει
300 2396 370 2470 pstod
383 2397 533 2466 infirmum
545 2399 588 2452 eat
598 2396 658 2462 Dei,
674 2396 780 2465 tertius
794 2398 836 2452 εει
850 2394 978 2452 domiui·

1029 2213 1102 2269 tibus
1117 2213 1199 2270 renis.
1212 2213 1264 2270 Sed
1280 2215 1406 2286 quoniam
1422 2218 1619 2290 scriptumest:
1633 2225 1824 2297 Proeporutio·

1029 2319 1095 2361 uem
1108 2303 1200 2362 cordis
1215 2305 1276 2375 ejus
1291 2304 1401 2362 audivit
1411 2308 1553 2365 ouristrm
1563 2311 1650 2380 (Psoi.
1660 2329 1697 2378 ur,
1716 2317 1771 2384 lt),
1782 2316 1823 2372 vi-

1031 2391 1098 2447 dent
1119 2391 1234 2462 lapidem
1243 2392 1404 2464 revolutum,
1416 2394 1551 2451 introeunt
1560 2398 1588 2451 in
1598 2410 1803 2456 mouumentum
1816 2419 1821 2457 :

178 2486 229 2542 bui
242 2486 269 2554 (1
287 2486 346 2545 007·
366 2489 392 2557 ¹2
406 2485 512 2554 13151
1030 2489 1146 2552 atquem
1164 2479 1408 2552 ungere-volebant
1421 2491 1568 2555 mortuum,
1597 2487 1709 2543 audiunt
1735 2491 1823 2545 susci-

213 2577 241 2629 ι.
265 2573 449 2630 verumtatem
474 2573 534 2628 haeo
546 2571 633 2627 virtus
649 2571 837 2628 abscondenda
861 2579 930 2644 erat,
950 2580 980 2629 et
1030 2567 1202 2636 tammonis
1214 2567 1267 2624 hoc
1281 2567 1404 2625 indicati
1422 2570 1529 2642 quihoc
1543 2573 1690 2643 praedicet?
1704 2577 1825 2650 Angelus

178 2663 206 2716 ιιι
229 2661 381 2718 humilitate
406 2659 588 2734 perficienda;
610 2669 641 2715 ut
664 2660 784 2716 omnium
803 2659 977 2732 implerentur
1029 2656 1121 2728 utique
1135 2656 1211 2711 testis
1225 2655 1438 2714 resurrectionis.
1453 2657 1569 2714 Videtur
1581 2653 1682 2718 scilicet
1696 2663 1780 2734 hujus
1796 2665 1823 2722 in

177 2751 286 2807 omouls
301 2751 502 2821 prophetarum.
518 2747 618 2804 Passus
638 2757 681 2805 est
699 2765 765 2820 ergo
786 2749 813 2803 in
828 2765 908 2806 cruce
922 2749 975 2804 im·
1030 2760 1083 2818 quo
1098 2744 1221 2800 Christus
1231 2743 1386 2810 resurrexit,
1400 2746 1490 2804 vultus
1504 2747 1600 2818 laetior,
1622 2763 1748 2821 aspectus
1778 2771 1824 2810 vo.

178 2839 317 2912 passibilis
338 2839 422 2906 Deus,
438 2844 466 2893 et
484 2837 512 2893 in
526 2852 607 2894 osma
620 2846 713 2894 nostra
726 2837 831 2893 mortali
851 2847 976 2895 mortuus
1029 2834 1142 2900 nustior,
1172 2849 1264 2889 sermo
1279 2831 1385 2904 purior,
1402 2835 1522 2890 incessus
1545 2839 1703 2910 modestior,
1735 2851 1761 2898 et
1787 2843 1822 2898 ad

178 2945 209 2986 ec
223 2926 517 3000 sepultusimmortslis
530 2926 580 3006 Dei
593 2925 685 2984 Filius.
697 2926 751 2982 Sed
766 2940 829 2982 ecce
839 2927 916 2981 tertie
931 2925 976 2982 die
1029 2940 1110 2980 omne
1123 2939 1193 2994 opus
1205 2923 1307 2978 bonum
1322 2922 1432 2994 spiritus
1454 2929 1614 2999 promptior.
1640 2928 1707 2998 Qoae
1733 2931 1823 2987 omui.

178 3012 975 3086 resurrexitamortuis:et,quiagnusexstiteretinpas-
1029 3014 1152 3086 quisunt
1165 3011 1236 3068 aliud
1265 3027 1347 3084 quam
1374 3013 1482 3084 qnidam
1512 3016 1626 3072 internae
1654 3019 1825 3076 resurrectio·

179 3105 267 3174 sione,
281 3104 325 3160 leo
348 3101 435 3160 tactus
455 3109 495 3158 est
519 3102 547 3156 in
569 3100 775 3158 resurrectione.
797 3102 933 3160 surremit
950 3107 978 3159 ει
992 3099 1015 3177 c
1029 3101 1071 3158 nis
1085 3101 1177 3157 hilaris
1191 3101 1324 3158 nuntius?
1335 3102 1438 3159 Caetera
1451 3119 1572 3177 quoque,
1587 3122 1649 3178 qnae
1668 3106 1694 3162 in
1724 3107 1823 3164 christi

178 3197 249 3252 uicit
264 3194 304 3250 teo
318 3193 352 3250 da
367 3190 443 3250 tribu
458 3191 551 3260 tudam
566 3190 628 3263 quia
647 3199 771 3260 mortem,
786 3207 870 3264 quam
884 3207 916 3248 ex
931 3191 976 3246 in·
1029 3192 1227 3248 resurrectione
1241 3195 1319 3263 geste
1333 3191 1375 3247 rel
1390 3193 1547 3260 dictasunt,
1565 3201 1658 3266 utpote
1667 3197 1701 3252 de
1715 3195 1824 3256 invento

179 3283 304 3338 firmitate
317 3289 411 3338 nostra
434 3280 556 3353 pertulit,
573 3296 606 3336 ex
619 3279 718 3335 virtute
739 3295 787 3336 sua
808 3281 976 3354 resurgendo
1029 3281 1148 3348 sudario,
1164 3297 1196 3338 ac
1209 3280 1242 3336 de
1256 3281 1316 3350 ipso
1331 3280 1447 3337 Domino
1462 3281 1490 3337 in
1510 3283 1623 3340 Galilaea
1645 3285 1772 3355 videndo,
1797 3296 1825 3344 et

179 3371 302 3428 caleavit.
317 3373 473 3443 Resurgens
490 3371 561 3425 enim
578 3383 595 3423 a
609 3369 734 3440 mortuis,
748 3371 801 3437 jam
820 3385 874 3427 nou
890 3371 975 3426 mori·
1030 3369 1160 3443 aliisquae
1175 3369 1331 3441 evangelica
1345 3369 1467 3444 contipet
1482 3371 1607 3438 historia,
1624 3382 1738 3444 possunt
1747 3375 1825 3431 nimi.

179 3470 232 3530 tur,
256 3475 331 3517 mors
352 3459 391 3515 illi
405 3457 474 3514 ultra
492 3472 547 3513 non
572 3455 753 3512 dominabitur
767 3458 856 3528 (Rom.
882 3471 920 3523 m,
937 3461 974 3529 9).
1031 3475 1088 3513 rum
1099 3458 1176 3527 juxte
1190 3465 1306 3529 coeptam
1318 3459 1498 3530 tropologiam
1507 3459 1695 3533 interpretari:
1710 3472 1738 3519 ut
1752 3465 1824 3536 quod

179 3549 357 3621 Resurgendo
372 3554 464 3602 antem
478 3555 506 3601 et
524 3548 550 3601 in
566 3543 665 3602 cuelum
679 3544 861 3610 ascendendo,
877 3545 975 3600 libmm
1030 3547 1157 3602 historice
1180 3547 1321 3618 praecessit
1339 3547 1366 3600 in
1387 3548 1484 3618 capite,
1510 3561 1713 3622 consequenter
1743 3553 1823 3611 etiarn

179 3637 297 3711 aperuit,
307 3637 369 3711 quie
379 3635 545 3692 nimirumex
561 3633 718 3690 auctoritate
728 3649 810 3688 sacrae
820 3635 974 3706 Scriptura,
1030 3637 1154 3690 credatur
1168 3633 1226 3692 lieri
1240 3634 1381 3691 moraliter
1396 3635 1423 3689 iu
1437 3637 1498 3706 ejus
1512 3653 1637 3708 corpora.
1689 3629 1693 3636 ’

178 3727 251 3800 quod
266 3729 340 3784 Deus
353 3731 436 3795 esset,
451 3723 570 3779 innotuit
589 3721 740 3778 manifeste.
757 3723 834 3780 Unde
847 3723 975 3794 scriptum
1283 3720 1400 3779 snuuo
1415 3723 1475 3778 LlX
1489 3723 1575 3798 (lla).

177 3824 219 3873 est
236 3830 243 3871 ι
260 3815 399 3872 Scottum
412 3827 499 3885 super
511 3812 603 3877 εειεε,
623 3811 711 3878 Deus,
727 3814 756 3868 ει
768 3827 852 3884 super
865 3827 977 3869 omnem
1129 3813 1168 3868 De
1183 3810 1275 3867 tritus
1289 3810 1409 3884 pauidus
1419 3811 1542 3870 laomiuis
1557 3817 1728 3888 spiritualis.

181 3909 292 3963 terrum
311 3902 403 3974 picria
420 3905 472 3957 too
488 3898 575 3972 (Psoi.
594 3911 661 3966 utu,
677 3899 705 3968 6)
722 3915 729 3953 :
744 3898 853 3969 Septem
867 3914 976 3972 quoque
1070 3899 1173 3964 Amica,
1186 3898 1332 3957 commodo
1339 3899 1412 3954 mitra·
1422 3903 1660 3975 trespooestlmc.
1671 3919 1711 3974 ιιι,
1724 3907 1762 3980 ὅ).
1773 3911 1826 3965 ιε-

179 3993 305 4066 ejusdem
319 3987 381 4046 libri
406 3988 546 4062 signacula
568 3986 661 4056 solvit,
683 3985 791 4059 quaudo
811 3985 977 4042 intellectum
1029 3985 1108 4042 nicus
1122 3986 1215 4042 adeas
1230 3985 1264 4040 de
1281 3985 1325 4042 via
1347 3997 1438 4044 noster
1452 3989 1565 4054 amicus,
1590 3990 1615 4045 id
1644 4001 1686 4048 cst
1712 3995 1826 4066 quilibet

178 4081 281 4156 eloquii
291 4081 360 4137 sacri
370 4077 490 4136 fidelium
500 4077 635 4133 mentibus
645 4076 832 4133 reseravimus
846 4076 975 4148 quidquid
1029 4073 1337 4146 convorsusproximus,
1353 4075 1440 4132 tritus
1454 4075 1568 4146 panibus
1591 4077 1750 4138 reiciendus
1772 4093 1824 4141 ast.
1929 4139 1933 4148 ,

178 4172 215 4228 de
237 4169 374 4243 mysteriis
401 4167 456 4225 suis
482 4167 527 4223 lex
552 4175 576 4224 el
603 4165 744 4238 prophetae
767 4165 818 4220 sub
839 4165 976 4238 allegoriis
1031 4163 1136 4218 Primus
1151 4163 1231 4235 panis
1246 4163 1473 4232 estccntineutia,
1488 4181 1541 4238 qua
1560 4167 1732 4240 restringitur
1758 4187 1821 4228 cor·

180 4259 375 4334 predixerant,
391 4258 425 4313 de
437 4255 483 4311 lais
497 4255 610 4320 scilicet,
623 4269 685 4327 quae
697 4269 746 4326 per
760 4252 897 4308 hominem
911 4260 979 4309 tem-
994 4295 1016 4370 u
1033 4267 1094 4324 pus,
1111 4267 1144 4307 ne
1160 4250 1290 4323 deinceps
1305 4267 1354 4324 per
1369 4253 1523 4310 mortiferas
1549 4256 1700 4328 voluptates
1714 4258 1823 4316 delluat.

178 4348 311 4422 poraliter
324 4346 425 4420 ges-iu
441 4346 500 4400 haec
515 4344 549 4400 de
564 4359 593 4400 se
607 4342 746 4417 predicta,
761 4351 787 4397 et
801 4344 828 4396 in
840 4359 870 4400 se
884 4359 915 4398 ac
929 4360 978 4411 per

180 4451 212 4493 se
227 4437 371 4508 completa,
386 4433 446 4490 luce
460 4431 561 4489 clarius
573 4430 709 4486 iudicarit.

412 4536 529 4596 sunuo
547 4535 628 4592 tvm
641 4535 742 4608 (aar).

180 4635 221 4690 lte
236 4632 327 4689 tritus
341 4628 510 4686 mutieribus
527 4630 675 4683 mortuom
694 4623 875 4696 uupeutidos,
890 4623 920 4678 id
933 4631 975 4680 est

179 4707 288 4769 memte,
299 4717 400 4768 mono,
414 4701 522 4771 limpore,
533 4698 656 4754 sulutem
663 4698 791 4768 proximi
799 4696 975 4753 curantibus.

216 4795 243 4847 l.
263 4789 336 4860 Quid
347 4797 388 4845 est
397 4787 473 4860 quod
482 4794 667 4860 postmortem
676 4786 737 4856 ejus
750 4795 805 4841 tres
813 4783 867 4839 illae
877 4795 976 4840 senates

178 4882 308 4940 mulieres
330 4887 453 4937 emerunt
468 4882 599 4942 aromata,
615 4883 643 4930 ut
662 4875 688 4930 in
711 4882 884 4931 monumento
898 4874 975 4946 posi·

177 4983 236 5028 tum
252 4975 385 5044 ungerent
398 4967 483 5024 cumi
497 4963 569 5035 Quid
581 4963 609 5020 iu
628 4979 678 5020 auu
697 4963 803 5021 actione
817 4963 896 5019 nobis
910 4963 974 5020 reli·

176 5054 296 5134 querunt
317 5055 499 5114 imitandus?
513 5053 566 5110 lies
590 5051 661 5108 euim
677 5062 765 5125 gesta,
781 5060 809 5107 ut
823 5051 862 5107 ait
879 5051 975 5106 beatus

176 5149 340 5223 Gregorius,
356 5145 456 5218 aliquid
477 5143 503 5197 in
528 5148 619 5198 sancta
633 5140 754 5196 Ecclesia
772 5141 862 5212 signat
876 5155 974 5212 geren·

177 5239 246 5294 darm
272 5235 383 5307 (llotutl.
410 5231 544 5304 Puscltoe).
567 5231 602 5285 Ει
624 5245 674 5284 nus
698 5243 764 5302 ergo
791 5229 814 5284 si
838 5228 973 5284 Christum

177 5336 326 5396 mortuum,
340 5325 367 5379 id
384 5330 426 5379 est
438 5321 521 5376 fidem
531 5319 629 5377 Christi
645 5326 774 5375 mortuam
789 5319 817 5373 in
831 5319 914 5374 corde
928 5334 976 5374 cu-

176 5418 298 5490 juspiam
324 5411 401 5470 ιιιιιε
414 5410 587 5474 εειεειιιιιιιε,
608 5409 694 5465 danda
721 5409 799 5463 nobis
822 5417 972 5480 operaest,

175 5519 208 5568 ut
228 5506 262 5564 ed
276 5502 432 5576 ungendum
454 5514 554 5571 corpus
580 5495 687 5557 1191
716 5508 853 5553 mortuum
876 5496 974 5568 emptis

231 5603 308 5674 lll')
324 5601 413 5666 Alios,
430 5599 463 5653 ld
478 5613 510 5652 es
523 5595 624 5653 Parsia

1033 4340 1175 4397 &condus
1189 4347 1229 4396 est
1243 4339 1395 4412 humilitas,
1408 4355 1461 4413 qua
1478 4342 1617 4400 instruitur
1629 4344 1727 4418 anima,
1742 4363 1777 4404 ue
1790 4351 1824 4406 de

1032 4430 1091 4500 ipse
1105 4444 1154 4484 sua
1177 4428 1344 4484 continentis
1359 4428 1506 4500 superbiat.
1519 4430 1641 4504 ,Tertius
1667 4441 1708 4490 εει
1735 4435 1825 4496 terror

1030 4517 1179 4582 claritatis,
1194 4533 1248 4590 quo
1263 4517 1417 4574 accenditur
1430 4507 1595 4592 spiritus‚⁴ut
1609 4533 1765 4598 utmmque,
1795 4526 1822 4588 id

1030 4617 1073 4666 est
1092 4624 1190 4680 corpus
1204 4609 1380 4678 assummum,
1396 4608 1423 4662 in
1438 4610 1557 4665 castitate
1567 4620 1594 4666 et
1604 4611 1753 4672 humilitate
1763 4632 1824 4687 per-

1030 4706 1186 4754 severanter
1214 4697 1424 4754 custoditurus
1446 4698 1531 4754 tribus
1558 4698 1713 4770 virtutibus,
1733 4703 1761 4759 id
1783 4715 1824 4762 εει

1030 4787 1157 4856 cas'titeti,
1185 4784 1357 4852 humilitatis,
1386 4785 1533 4852 charitatis,
1576 4796 1699 4862 tanquam
1737 4793 1840 4852 tubus,

1033 4872 1359 4945 panibusreliciturhomo
1369 4873 1420 4930 Dei
1429 4876 1665 4946 etroboraturzut
1674 4885 1821 4940 secundum

1030 4964 1201 5036 Apostolum,
1211 4963 1238 5018 in
1255 4964 1299 5019 die
1313 4963 1442 5021 adventus
1452 4965 1559 5022 Domini
1570 4966 1605 5023 sit
1619 4967 1725 5042 integer
1738 4972 1823 5044 spiri-

1030 5062 1082 5118 tus,
1093 5053 1183 5107 anime
1194 5057 1331 5122 etcorpus
1350 5051 1378 5124 (l
1392 5053 1482 5111 Thess.
1498 5073 1525 5113 tr.
1541 5057 1598 5128 23).
1618 5059 1747 5130 Spiritum
1771 5075 1821 5115 au-

1030 5151 1083 5198 tern
1099 5158 1167 5198 roco
1181 5141 1298 5215 gratiam
1321 5159 1380 5214 quac
1402 5143 1481 5212 iuxta
1502 5147 1655 5218 apostolum
1684 5151 1820 5220 eumdem,

1030 5232 1138 5302 adjuvat
1152 5231 1334 5288 infirmitatem
1351 5239 1472 5288 nostram
1484 5234 1574 5306 (liom.
1590 5253 1650 5310 vrrs,
1666 5239 1712 5312 26)
1726 5253 1760 5294 ιιε
1775 5239 1822 5292 de-

1029 5318 1163 5391 ficiemus,
1178 5320 1264 5376 donec
1279 5337 1329 5378 suo
1343 5327 1466 5393 tempore
1481 5331 1614 5382 metemus
1627 5327 1727 5384 bonum
1751 5330 1822 5401 quod

1030 5409 1224 5465 seminavimus
1233 5411 1336 5481 (Gotot.
1348 5425 1388 5478 vr,
1399 5413 1437 5486 9).
1446 5413 1673 5487 Vocaturprimus
1682 5419 1758 5490 panis
1767 5434 1825 5478 ceu

1028 5499 1825 5582 nelisvelcorporalis;secuudus,rationalis5tertius,spiri

232 5676 297 5748 ιιι)
312 5672 400 5734 Alias,
415 5671 448 5724 te
464 5667 613 5726 aspersis.
627 5665 758 5736 liejectus
770 5674 813 5723 εει
829 5668 861 5722 ιι
876 5664 947 5724 inter
960 5667 1126 5725 sententias.

269 5783 392 5839 Parnoi..
412 5774 582 5833 ccxxxtlt.

1649 5790 1684 5843 22
