4150 6348
152 413 208 476 tta
694 407 729 468 ht
747 405 852 468 sisto
870 408 898 468 S.
919 405 1093 467 bttuuhtts
1112 403 1217 466 stulto
1236 405 1260 466 1.
1531 468 1538 484 ,
1750 411 1805 474 tou

152 539 360 597 fuhseiuoense
373 536 468 593 molto
479 529 573 608 (fpo'c,
588 549 649 604 ιιι,
661 537 688 604 t,
702 537 741 606 3).
751 534 865 591 Nostros
876 534 949 591 enim
963 546 989 626 g
1040 535 1067 591 b.
1082 531 1150 601 Quae
1164 546 1226 588 cum
1240 530 1278 587 ita
1292 531 1356 603 sint,
1376 544 1499 605 pensate,
1513 545 1615 610 quanta
1628 538 1709 596 atium
1724 539 1805 599 mbis

153 621 952 697 andoree,nonsnos;nostrns‚nonsunslacrymasoffernnt
1009 619 1187 678 sollicitudine
1200 635 1273 691 opus
1300 629 1352 692 est,
1375 621 1556 694 dilectissimi,
1580 633 1609 683 ut
1631 626 1730 702 dignus
1752 643 1804 688 ιιι

150 717 210 775 Deo
225 715 327 773 :nobis
340 729 448 787 quoque
458 714 518 784 eius
529 727 641 768 munera
651 712 781 779 referunt,
792 722 884 769 etnon
895 729 953 770 sua.
1009 709 1184 767 exhibeamus
1203 725 1297 766 eorum
1318 710 1482 784 frequentia,
1498 722 1525 770 et
1539 729 1573 771 eo
1587 717 1668 772 niodo
1683 733 1803 776 conver-

188 808 217 862 3.
232 806 294 863 Nou
310 805 349 861 sic
372 802 495 860 minister
507 801 552 858 illa
565 801 707 858 sublimior
720 801 834 869 eunctis,
857 802 904 858 sed
928 809 954 858 at
1009 814 1100 856 samur
1120 798 1149 854 in
1173 806 1318 870 conspeetu
1342 799 1514 872 angelorum,
1543 818 1578 858 ue
1605 802 1676 860 forte
1694 818 1804 864 sanctos

150 894 284 950 humilior
307 889 449 958 universis,
463 890 511 960 qui
534 889 709 962 semetipsum
735 888 833 946 obtulit
850 889 953 946 sacrifi·
1008 885 1319 951 offendamusobtutus.
1351 888 1399 945 llae
1429 889 1502 946 enim
1516 889 1607 958 nohis,
1637 891 1661 946 si
1695 897 1803 964 qnando

150 985 225 1040 cium
240 981 338 1048 leudis,
354 978 490 1051 qniPatri
505 976 624 1035 offerens
645 977 858 1047 animamsuam,
875 979 953 1037 nohis
1007 975 1144 1047 provocati
1164 973 1270 1034 102!
1303 977 1421 1050 peccatis
1444 985 1471 1034 et
1492 978 1667 1052 negligentiis
1693 981 1803 1048 nostris,

151 1070 286 1128 ministrat
299 1083 384 1138 usque
403 1065 484 1123 hodie
505 1081 613 1122 earnem
635 1079 723 1120 suam.
747 1065 836 1136 liujus
860 1068 952 1138 utique
1007 1061 1133 1136 indignos
1157 1080 1207 1122 nos
1231 1065 1412 1135 judicaverint
1435 1065 1577 1137 praeseutia
1600 1075 1628 1123 et
1652 1065 1804 1124 visitatione

151 1158 220 1213 tanti
233 1155 350 1213 ministri
364 1156 452 1227 gratie
466 1153 532 1208 nihil
545 1152 652 1222 mirum,
668 1153 691 1208 si
705 1153 847 1229 dignanter
862 1155 949 1222 nobis,
1007 1167 1067 1221 sun,
1082 1161 1113 1209 nt
1122 1153 1179 1223 jam
1195 1168 1307 1210 neeesse
1329 1155 1480 1211 habeamus
1503 1163 1531 1212 et
1550 1169 1600 1212 nos
1624 1154 1761 1228 plangere,
1777 1162 1805 1213 ιι

151 1245 207 1303 imo
222 1252 249 1302 et
270 1245 386 1302 libenter
404 1242 493 1318 angeli
516 1243 601 1300 sancti
622 1242 788 1300 ministrent.
804 1243 860 1316 fpsi
879 1244 951 1302 enim
1005 1240 1093 1298 dicere
1100 1258 1161 1300 curn
1169 1243 1303 1312 Propheta
1319 1261 1325 1299 :
1341 1245 1433 1301 Amici
1445 1247 1503 1304 mei
1511 1249 1540 1301 et
1553 1245 1680 1318 proximi
1687 1245 1804 1302 melod-

151 1343 242 1391 amant
253 1349 315 1405 nos,
331 1333 395 1406 qnia
408 1347 458 1389 ιιι
480 1333 606 1390 Christus
626 1332 736 1390 amavit.
756 1332 860 1389 Dicitur
879 1343 950 1390 certe
1004 1346 1118 1388 versam
1129 1334 1698 1407 macppropirrgucoarnnt,eistetensem
1713 1339 1741 1391 et
1755 1336 1804 1408 qui

152 1423 256 1498 vulgari
269 1422 388 1496 quodam
403 1421 545 1492 proverbio
567 1417 643 1486 :Qui
667 1435 711 1476 me
733 1427 815 1490 amat,
831 1427 902 1478 arnat
924 1429 951 1478 et
1006 1419 1146 1476 iaatcme
1156 1422 1250 1486 croci,
1262 1419 1295 1478 de
1307 1421 1386 1494 longe
1399 1421 1806 1493 steterunt,etoimfccicbont

150 1527 248 1570 canem
260 1525 358 1568 meam.
379 1510 438 1567 Nos
456 1525 531 1576 varo,
547 1524 564 1567 o
583 1509 656 1566 beati
678 1508 780 1582 angeli,
799 1509 886 1566 catelli
901 1525 949 1566 su·
1005 1507 1361 1578 quieuerebontccimom
1373 1524 1467 1567 menen
1476 1508 1733 1583 (Prol.rtxxrrr.t2,
1744 1510 1804 1584 te);

143 1616 214 1656 :mus
224 1599 334 1657 Domini
348 1597 431 1666 illius,
447 1614 528 1669 quern
542 1604 618 1654 tanto
639 1596 741 1654 affectu
754 1595 883 1670 diligitis,
899 1613 949 1654 ca·
1006 1594 1140 1667 elongatis
1154 1593 1284 1652 nintirum
1298 1596 1348 1666 eis,
1363 1612 1479 1668 quorum
1502 1601 1647 1670 prasentia
1661 1609 1804 1674 protegere

153 1687 221 1757 telli,
238 1690 358 1760 inquam,
376 1687 515 1758 cupientes
530 1685 645 1743 saturari
667 1685 702 1743 de
722 1685 807 1754 micis,
829 1702 890 1758 quae
904 1701 950 1742 ca·
1006 1697 1065 1750 nos,
1087 1688 1114 1738 et
1128 1683 1286 1755 propulsare
1299 1691 1406 1756 poterat
1425 1685 1574 1744 inimicum,
1595 1688 1673 1760 Quod
1697 1689 1722 1745 si
1748 1695 1805 1746 tem

150 1778 222 1835 dunt
235 1779 268 1835 de
283 1793 375 1834 mensa
388 1777 560 1833 dominorum
573 1783 738 1842 nostrorum,
754 1773 800 1846 qui
815 1775 951 1834 estisros.
1006 1773 1188 1830 necessarium
1231 1771 1362 1831 habemus
1403 1774 1608 1833 familiaritatem
1639 1777 1805 1852 dignationis

150 1864 188 1920 Ει
201 1865 259 1923 ιιι
273 1864 397 1933 dixerim,
413 1863 519 1934 fratros,
533 1869 563 1920 nt
578 1861 735 1934 ampliorem
748 1863 782 1919 de
796 1870 895 1920 coetero
910 1879 953 1920 er·
969 1849 991 1927 B
1007 1860 1145 1934 angelica,
1161 1861 1280 1918 cavenda
1305 1861 1383 1920 nobis
1410 1877 1505 1920 eorum
1528 1865 1645 1934 offensa,
1667 1874 1694 1922 et
1714 1867 1742 1920 in
1762 1867 1805 1924 his

151 1969 188 2030 ga
213 1955 307 2010 beatos
330 1952 444 2025 angelos
466 1950 593 2007 fiduciam
616 1949 748 2018 habeatis,
778 1967 810 2009 aa
837 1951 953 2024 proinde
1007 1947 1124 2006 maxime
1138 1950 1331 2016 exercendum,
1345 1952 1445 2020 quibus
1458 1966 1508 2007 eos
1522 1952 1647 2009 novimus
1666 1953 1803 2010 oblectari.

149 2039 312 2100 familiarius
330 2041 359 2098 in
381 2039 455 2097 omni
469 2038 628 2096 necessitate
652 2047 741 2096 vestra
762 2055 858 2096 eornm
873 2041 952 2098 iuro·
1007 2037 1076 2094 Sunt
1088 2036 1160 2094 enim
1171 2039 1286 2110 plurima
1300 2054 1360 2112 que
1375 2040 1414 2096 eia
1430 2039 1547 2111 placent,
1564 2047 1591 2097 ct
1605 2057 1667 2112 qum
1682 2041 1806 2098 innubis

149 2129 218 2186 cetis
238 2128 351 2197 auxilia,
376 2127 424 2184 sed
446 2135 474 2184 et
496 2125 604 2198 dignius
629 2126 657 2183 in
681 2142 777 2183 ιιιιιιι
808 2127 953 2196 presentia
1007 2125 1126 2182 invenire
1149 2126 1265 2184 delcetat
1281 2143 1288 2185 :
1303 2135 1333 2184 ut
1350 2136 1390 2184 est
1414 2127 1557 2195 sobrietas,
1592 2132 1710 2200 castitas,
1736 2146 1806 2200 pau-

150 2219 315 2288 conversari,
333 2226 361 2275 et
375 2216 509 2287 magisne
523 2216 610 2290 magis
635 2231 730 2272 eorum
754 2216 834 2274 robis
856 2219 953 2274 conci·
1009 2223 1098 2287 pertas
1113 2215 1272 2283 uoluntaria,
1288 2217 1375 2272 crebri
1391 2217 1419 2272 in
1433 2219 1532 2276 eaelum
1549 2219 1679 2290 gemitus,
1700 2225 1727 2275 et
1742 2233 1807 2276 orn-

150 2308 219 2364 liare
236 2307 361 2383 gratiam,
389 2312 498 2376 captare
517 2304 742 2372 benevolentiam,
763 2320 876 2362 exorare
895 2306 953 2365 cle-
1008 2302 1109 2361 tionem
1123 2320 1185 2361 cum
1199 2303 1337 2377 lacrymis,
1351 2315 1379 2361 et
1396 2305 1487 2364 cordis
1499 2305 1661 2365 intentione.
1677 2307 1807 2365 Attamen

149 2394 282 2454 mantiam
304 2394 445 2453 studeatis.
472 2393 558 2464 Cuius
587 2392 627 2449 rei
655 2395 741 2466 gratia
770 2395 953 2452 necessarium
1007 2407 1091 2464 super
1106 2392 1195 2449 omnia
1209 2394 1267 2449 ιιι
1280 2393 1412 2452 unitatem
1426 2402 1454 2451 et
1467 2410 1562 2466 pacem
1576 2409 1592 2450 a
1606 2395 1807 2469 nobisaxigunt

150 2485 223 2542 duco
244 2485 310 2540 alias
324 2499 433 2557 quoque
447 2480 570 2541 charitati
583 2491 681 2539 vestrae
694 2495 831 2548 exponere
847 2499 952 2556 causas,
1007 2479 1097 2554 angeli
1110 2479 1196 2553 pacis.
1212 2479 1312 2550 Quidni
1327 2482 1442 2538 maxime
1457 2482 1624 2540 delectentur
1639 2481 1728 2550 inhia,
1744 2497 1807 2556 que

149 2587 212 2646 quae
230 2581 257 2629 et
275 2573 343 2646 ipsae
362 2573 454 2629 beatos
476 2572 586 2643 angelos
603 2586 654 2642 pro
683 2577 775 2627 nostra
801 2571 953 2632 infirmitate
1007 2568 1122 2626 formam
1135 2569 1278 2642 quamdam
1293 2568 1408 2626 civitatis
1426 2585 1483 2626 suae
1497 2577 1693 2641 representem
1710 2571 1738 2626 in
1754 2587 1808 2626 no-

150 2660 267 2718 reddant
281 2661 432 2727 sollicitos;
449 2661 553 2730 absque
575 2673 626 2715 suu
649 2674 714 2716 sane
736 2658 881 2724 ansietate,
904 2663 952 2718 sed
1006 2659 1058 2728 his,
1075 2663 1106 2716 nt
1120 2659 1252 2716 mirentur
1265 2658 1525 2717 Jerusalemnorem
1539 2660 1670 2716 interret
1683 2659 1809 2718 Dieoan·

149 2765 205 2807 non
231 2749 336 2820 absque
359 2748 474 2804 utilitate
496 2757 609 2816 nostra;
631 2763 681 2804 ιιι
702 2747 736 2803 ad
759 2747 952 2806 detrimentum
1006 2754 1073 2820 tent,
1092 2755 1122 2804 ut
1138 2747 1277 2818 quomodo
1294 2746 1409 2804 civitatis
1430 2745 1502 2802 illius
1528 2747 1696 2820 participatio
1717 2755 1760 2804 est
1778 2748 1807 2804 in

150 2838 287 2896 felicitatis
300 2852 367 2908 sue,
382 2839 430 2894 sed
446 2837 481 2893 ad
496 2846 607 2906 nostre,
618 2836 715 2892 salutis
729 2843 914 2910 augmentum.
1005 2835 1124 2908 idipsum
1143 2837 1231 2908 (Prot.
1252 2850 1333 2905 cxxi,
1349 2837 1390 2906 3),
1406 2834 1445 2893 sic
1458 2843 1485 2892 ιι
1503 2851 1553 2894 ιιι
1567 2836 1685 2909 idipsum
1703 2836 1806 2894 sends-

189 2929 216 2982 f.
231 2925 344 2982 Constat
356 2925 414 2980 sine
437 2925 530 2994 dnbio,
554 2923 668 2979 rationis
691 2923 840 2995 participes
861 2933 889 2980 et
902 2940 950 2990 ca-
1005 2941 1076 2992 mus,
1092 2924 1211 2994 idipsum
1230 2924 1351 2981 dieamus
1365 2939 1469 2996 omnes,
1485 2932 1511 2981 et
1532 2941 1587 2982 non
1602 2925 1656 2983 sint
1679 2925 1708 2982 in
1728 2927 1808 2984 nobis

153 3031 236 3088 paces
248 3011 422 3070 beatitudinis
440 3013 574 3066 humanas
592 3011 697 3068 animas
711 3011 853 3084 angelicae,
873 3014 896 3068 si
911 3011 953 3068 di-
1008 3013 1177 3083 scbiamnta;
1205 3013 1253 3070 sad
1275 3013 1364 3086 magis
1386 3028 1480 3070 omnes
1502 3015 1585 3072 simul
1603 3030 1689 3072 unum
1707 3029 1807 3084 corpus

152 3119 216 3160 cere
229 3103 257 3158 id
270 3101 429 3168 audeamus,
443 3107 572 3171 cognatas
587 3115 648 3156 esse
666 3107 768 3156 neturae
785 3118 793 3156 :
813 3090 865 3157 ιιι
878 3101 953 3157 decet
970 3129 992 3208 c
1010 3101 1096 3160 simus
1111 3102 1138 3158 iu
1154 3103 1272 3174 Christo,
1287 3102 1389 3175 singuli
1404 3111 1496 3162 autem
1508 3104 1577 3162 alter
1591 3104 1703 3162 ulterius
1717 3119 1806 3164 mam-

150 3209 213 3260 ιιι,
231 3189 333 3248 obeati
357 3188 478 3260 spiritus,
494 3194 587 3245 contra
610 3187 678 3262 legis
698 3196 862 3262 praeceptum
877 3189 955 3248 dedi·
1007 3191 1066 3248 bra.

152 3279 242 3356 gnari,
259 3293 337 3350 quam
351 3276 461 3334 uisitare
475 3275 590 3346 debetis,
606 3275 725 3348 speeiem
747 3283 870 3345 vestram,
892 3277 955 3334 licet
1045 3279 1107 3336 hil
1125 3287 1219 3337 contra
1233 3293 1299 3338 vero
1313 3278 1381 3336 nihil
1396 3295 1473 3352 taque
1485 3279 1611 3347 offendit,
1625 3289 1652 3338 et
1675 3281 1708 3338 ad
1732 3282 1807 3340 indi-

152 3371 181 3427 in
215 3368 339 3434 multam,
361 3372 391 3421 ut
412 3365 464 3438 ipsi
493 3365 614 3432 cernitis,
629 3365 734 3438 dejecta
760 3365 795 3421 sit
816 3366 952 3422 uilitatem.
1009 3367 1164 3444 gentionem
1180 3374 1312 3438 provocat
1336 3382 1396 3436 eos,
1411 3372 1553 3442 quomodo
1573 3368 1757 3428 dissensiones
1779 3384 1807 3430 ιι

151 3458 209 3514 Sed
224 3472 312 3528 neque
334 3455 495 3512 arbitramur
520 3468 580 3520 vos,
600 3452 710 3524 superni
734 3453 817 3524 cives,
841 3454 955 3513 cirimtis
1009 3455 1144 3524 scandala,
1168 3455 1192 3511 si
1212 3453 1283 3512 forte
1300 3456 1472 3515 inveniantur
1490 3457 1519 3514 in
1544 3457 1634 3515 nobis.
1657 3458 1807 3518 Audiamus

153 3554 251 3607 restrae
265 3544 372 3602 excidio
399 3543 538 3614 delectari,
559 3549 586 3600 et
608 3542 687 3598 ruina
712 3557 862 3614 murorum,
888 3558 956 3616 quos
1010 3543 1230 3618 siquidem,quid
1244 3543 1372 3616 loquatur
1389 3544 1424 3600 ed
1436 3544 1592 3603 Corinthios
1607 3546 1717 3604 Paulus.
1736 3549 1807 3611 Cam

153 3637 302 3692 semirutos
315 3649 375 3690 esse
393 3633 448 3706 ipsi
466 3631 575 3689 ridetis.
600 3631 682 3702 Cuius
697 3631 919 3689 instaurationem
933 3632 956 3687 si
1010 3636 1087 3692 enim
1096 3635 1134 3690 sit
1144 3634 1271 3692 interme
1280 3635 1358 3692 zelus
1369 3639 1398 3692 et
1407 3637 1561 3706 contentio,
1571 3652 1668 3696 noane
1676 3638 1808 3696 corceles

153 3723 326 3790 desideratis,
342 3731 372 3779 ut
386 3720 497 3796 dignum
512 3729 568 3787 ιιι,
590 3719 757 3794 frequenter,
772 3736 874 3794 quaeso,
895 3730 956 3779 ante
1010 3721 1088 3788 estis,
1100 3724 1129 3777 ct
1142 3722 1298 3779 secondom
1308 3721 1451 3780 bominem
1462 3723 1641 3783 ambulatis?
1654 3725 1681 3798 (l
1692 3728 1754 3785 Cor.
1765 3741 1807 3794 nr,

154 3815 283 3868 thronum
307 3809 402 3885 gloriae
426 3811 540 3868 uerbum
565 3811 654 3884 precis
678 3811 782 3877 iterate,
808 3809 953 3869 dicentes:
1011 3810 1052 3884 3.)
1065 3811 1095 3866 tn
1114 3810 1236 3882 Epistola
1259 3825 1369 3882 quoque
1382 3810 1461 3866 Jndse
1475 3811 1590 3884 apostoli
1609 3813 1726 3886 legimus
1749 3815 1806 3872 sic:

156 3903 278 3975 Benigne
291 3905 349 3974 soc,
365 3903 494 3968 bernice,
508 3902 542 3957 in
556 3899 628 3959 horta
649 3901 797 3957 volentate
812 3904 864 3958 ιιι
877 3901 956 3968 Sion,
1011 3899 1045 3955 fii
1054 3902 1123 3956 acar
1137 3899 1187 3971 qui
1200 3901 1347 3971 segregent
1360 3899 1531 3972 semetipsos,
1547 3901 1698 3970 animolas,
1717 3903 1810 3974 Spiri-

153 3995 191 4047 ιιι
206 3990 385 4058 aedificentur
398 3990 475 4047 muri
491 3990 648 4048 Jerusalem
659 3988 746 4058 (Psoi.
762 4005 789 4060 n,
805 3987 861 4060 ιιι).
876 3989 906 4045 Si
919 3989 957 4045 di·
1012 3991 1075 4046 tom
1088 4002 1146 4044 non
1168 3985 1300 4044 hebentes
1316 3985 1408 4058 (dodra
1430 3987 1485 4060 ts).
1506 3987 1604 4044 Videre
1627 3995 1669 4045 est
1685 3989 1807 4046 animam

154 4075 241 4153 figitis
253 4079 377 4137 decorem
399 4079 497 4136 domus
510 4077 571 4148 Dei,
586 4079 641 4135 imo
655 4078 718 4152 quia
739 4093 803 4134 rere
823 4077 956 4151 diligitis3
1011 4075 1130 4133 hominis
1144 4074 1372 4148 quemadmodum
1396 4074 1521 4132 universa
1543 4075 1667 4149 corporis
1689 4078 1810 4135 menbra

154 4167 333 4241 experiantur
348 4167 436 4224 zelum
453 4172 573 4224 restrum
588 4166 641 4224 riri
665 4175 693 4222 ιι
714 4165 865 4234 rationales,
887 4164 956 4238 lapi·
1011 4164 1126 4233 vivifice,
1138 4164 1302 4222 coherentia
1315 4164 1377 4220 sibi.
1394 4165 1570 4239 Separaergo
1583 4166 1809 4238 quodvisajuuc·

154 4256 216 4322 des,
231 4257 278 4328 qui
298 4256 351 4313 soli
374 4256 403 4313 in
421 4255 641 4312 instaurationem
662 4256 723 4326 ejns
746 4253 823 4310 uobis
842 4259 958 4326 possunt
1014 4260 1072 4310 tura
1086 4260 1256 4320 ceterorum,
1277 4259 1305 4308 ιι
1319 4251 1379 4308 uide
1393 4267 1427 4310 an
1441 4253 1476 4310 de
1490 4260 1589 4326 cetero
1602 4254 1668 4311 illud
1682 4253 1808 4314 vivificet.

155 4343 330 4402 reedificari.
354 4344 403 4402 liic
422 4351 474 4411 cst,
493 4343 672 4414 dilectissimi,
690 4341 828 4400 funiculus
850 4342 957 4416 triplex,
1015 4343 1060 4399 Sic
1068 4349 1110 4399 est
1122 4340 1263 4413 omnisqui
1277 4341 1342 4398 dicit
1350 4342 1492 4420 anathema
1500 4343 1566 4399 lesu
1577 4343 1606 4416 (f
1617 4344 1677 4402 Cor.
1693 4357 1746 4412 ιιι,
1758 4344 1786 4416 3)
1801 4363 1809 4401 ι

156 4449 212 4507 quo
228 4434 264 4490 de
279 4434 386 4491 excelso
398 4435 529 4492 coelorum
543 4433 695 4491 habitaculo
715 4433 750 4489 ad
768 4433 957 4501 consolandos,
975 4408 998 4486 ii
1015 4432 1087 4505 quod
1102 4445 1183 4488 uento
1201 4430 1265 4487 dicit
1281 4431 1394 4504 loquens
1409 4430 1437 4487 in
1452 4433 1555 4504 Spiritu
1569 4432 1639 4504 liei,
1661 4433 1724 4505 qnia
1746 4447 1813 4488 ane-

156 4524 193 4579 ad
208 4521 368 4594 visitandos,
384 4523 417 4578 ed
442 4522 613 4595 adjuvandos
632 4537 681 4577 nos
702 4521 845 4578 attrahitur
867 4537 962 4594 super-
1015 4522 1105 4577 thema
1120 4519 1256 4592 separatio
1274 4527 1326 4575 est.
1343 4519 1387 4576 Sic
1401 4528 1452 4588 est,
1469 4521 1590 4592 inquam,
1604 4520 1695 4578 omnis
1708 4523 1756 4595 qui
1776 4523 1810 4580 eh

156 4609 283 4668 eminens
297 4612 413 4668 charitas
427 4610 599 4684 angelorum,
614 4617 725 4682 propter
740 4609 837 4678 Deum,
848 4617 960 4683 propter
1012 4608 1115 4665 unimte
1129 4605 1267 4672 dividitor,
1286 4621 1336 4663 nee
1350 4605 1458 4662 dubites
1471 4607 1536 4678 quin
1550 4609 1586 4664 ab
1611 4623 1644 4664 eo
1668 4609 1812 4665 recesserit

157 4714 220 4766 uos,
236 4709 347 4773 propter
365 4716 394 4756 se
409 4700 494 4771 ipsos.
509 4700 621 4770 Propter
644 4698 733 4756 Deum
756 4699 860 4770 utique,
879 4699 959 4769 cujus
1012 4696 1124 4768 spiritus
1140 4695 1213 4752 ritae.
1228 4694 1319 4765 Digne
1334 4695 1418 4767 igitur
1431 4697 1625 4764 contentiosos,
1645 4705 1672 4752 et
1694 4695 1743 4768 qui
1765 4707 1810 4756 se·'

158 4798 233 4844 tanta
247 4803 312 4861 erga
326 4803 378 4845 nos
391 4787 583 4844 misericordiae
596 4785 698 4845 uiscera
722 4787 775 4860 ipsi
795 4801 914 4859 quoque,
931 4793 960 4842 ut
1011 4791 1107 4857 parant
1124 4781 1296 4854 semetipsos,
1313 4783 1429 4854 apostoli
1452 4783 1575 4840 carnales
1588 4791 1686 4842 vocant
1700 4791 1728 4840 ιι
1748 4785 1810 4841 ιιι-

157 4874 270 4948 dignum
294 4883 346 4944 est,
362 4869 512 4932 imitantur.
527 4876 640 4946 Propter
662 4890 723 4948 nos,
746 4875 893 4949 inquibus
916 4874 959 4931 ni·
995 4874 1105 4950 males,
1123 4870 1255 4946 Spiritum
1277 4886 1333 4929 uon
1351 4871 1493 4930 hahentes.
1513 4873 1612 4930 Dicunt
1635 4889 1702 4947 ergo
1725 4876 1812 4932 saneti

158 4962 260 5019 mirum
276 4965 411 5036 propriam
431 4963 634 5020 similitudinem
658 4963 830 5020 miserantur.
846 4965 960 5034 Propter
1013 4963 1051 5019 illi
1069 4963 1177 5020 etbeati
1195 4961 1317 5034 spiritns,
1342 4961 1390 5020 ubi
1405 4961 1533 5044 scandala
1547 4963 1699 5023 invenerint
1713 4972 1740 5021 et
1753 4965 1811 5022 dis·

157 5069 189 5108 se
204 5052 289 5124 ipsos,
305 5065 421 5125 qnorum
438 5052 546 5109 ordines
561 5051 754 5110 instaurandos
769 5067 801 5107 ex
812 5052 890 5108 nobis
902 5059 960 5108 toto
998 5044 1172 5109 'sensiones2
1187 5048 1260 5119 Quid
1274 5047 1354 5109 nohis
1366 5057 1393 5106 et
1412 5053 1579 5126 generationi
1601 5053 1664 5112 hnic
1681 5053 1811 5126 Spiritum

156 5139 296 5196 desiderio
315 5142 515 5212 prestolantur.
530 5141 560 5210 lp
576 5156 624 5198 ore
637 5141 709 5199 enim
723 5141 899 5214 parvulorum
914 5140 960 5213 qni
1014 5155 1070 5198 non
1087 5140 1195 5198 habenti
1208 5140 1223 5196 f
1236 5141 1308 5197 Nam
1335 5140 1363 5220 si¹
1385 5139 1492 5198 adesset
1519 5139 1646 5214 Spiritus,
1676 5157 1725 5215 per
1748 5159 1811 5200 eunt

156 5226 326 5287 lactemodo
340 5239 498 5299 vescuntur,
518 5223 684 5288 et'nondum
701 5230 787 5289 solido
807 5218 878 5301 cilio,
895 5245 961 5303 per·
1014 5232 1108 5302 utique
1122 5231 1241 5288 charitas
1263 5229 1468 5302 diffunderetur,
1498 5237 1525 5287 et
1545 5229 1633 5288 unitas
1654 5246 1709 5288 non
1735 5234 1811 5290 scin-

156 5316 275 5375 ficienda
289 5325 329 5376 est
344 5319 402 5376 laus
417 5319 458 5376 illa
476 5320 624 5391 majestatis
637 5317 744 5385 diuinae,
765 5316 842 5391 cujus
856 5319 961 5376 baben·
1015 5320 1131 5376 deretur.
1153 5319 1190 5374 Et
1203 5318 1295 5376 dicunt
1309 5336 1317 5374 :
1332 5319 1392 5376 Non
1406 5333 1597 5390 permanemus
1611 5335 1674 5376 euru
1691 5319 1811 5376 homini-

157 5416 199 5464 tes
224 5407 358 5480 primitias
379 5409 497 5482 angelici
515 5409 637 5484 spiritus,
662 5411 741 5466 beata
765 5407 891 5464 nimirum
914 5408 961 5464 de·
1015 5411 1067 5468 hus
1081 5408 1140 5464 istis
1161 5409 1190 5463 in
1217 5416 1358 5479 aternum,
1382 5407 1447 5480 (pria
1470 5421 1533 5464 cero
1546 5415 1618 5469 sunt.
1647 5407 1714 5478 Quae
1739 5410 1812 5466 enim

156 5496 306 5554 lactatione
320 5498 447 5556 fruuntur
468 5515 475 5553 :
496 5499 545 5554 sed
568 5505 641 5556 tanto
670 5497 775 5558 auidius
794 5512 846 5554 nos
866 5513 962 5568 exspe·
1016 5497 1159 5558 conventio
1173 5496 1228 5554 luci
1243 5497 1276 5552 ad
1300 5499 1425 5554 tenebras
1439 5497 1453 5553 i
1466 5497 1524 5553 Nos
1546 5497 1581 5554 de
1603 5513 1687 5576 regno
1701 5497 1813 5556 unitatis

155 5593 243 5657 etant,
259 5593 361 5659 quanto
376 5584 616 5646 consummationis
638 5588 698 5660 ejus
718 5583 922 5658 exspectatione
935 5594 962 5643 ιι
1016 5596 1045 5644 ιι
1059 5587 1132 5658 pacis
1147 5600 1252 5660 sumus,
1266 5597 1293 5643 et
1307 5584 1433 5644 homines
1447 5585 1515 5642 istos
1530 5587 1556 5642 in
1580 5588 1705 5644 eamdem
1720 5589 1812 5646 unita-

156 5673 326 5750 expetitione
340 5675 528 5738 sollicitantur.
1015 5683 1070 5732 tem
1103 5684 1131 5734 et
1153 5689 1247 5748 pacem
1271 5674 1448 5758 sperabamus
1474 5689 1533 5734 esse
1559 5677 1698 5738 ιιιιιιιι.
1734 5678 1814 5738 Νιιι
