<?xml version="1.0" encoding="UTF-8"?>
<!DOCTYPE html PUBLIC "-//W3C//DTD XHTML 1.0 Transitional//EN"
    "http://www.w3.org/TR/xhtml1/DTD/xhtml1-transitional.dtd">
<html xmlns="http://www.w3.org/1999/xhtml" xml:lang="en" lang="en">
 <head>
  <title>
</title>
<meta http-equiv="Content-Type" content="text/html;charset=utf-8" />
  <meta name='ocr-system' content='tesseract 3.04.00' />
  <meta name='ocr-capabilities' content='ocr_page ocr_carea ocr_par ocr_line ocrx_word'/>
</head>
<body>
  <div class='ocr_page' id='page_1' title='image "./patrologiaecurs142unkngoog/patrologiaecurs142unkngoog_0217.png"; bbox 0 0 4118 6346; ppageno 0'>
   <div class='ocr_carea' id='block_1_1' title="bbox 208 365 1860 588">
    <p class='ocr_par' dir='ltr' id='par_1_1' title="bbox 208 365 1860 588">
     <span class='ocr_line' id='line_1_1' title="bbox 209 365 1858 440; baseline 0.005 -8"><span class='ocrx_word' id='word_1_1' title='bbox 209 376 264 432; x_wconf 80' lang='lat' dir='ltr'>tlt</span> <span class='ocrx_word' id='word_1_2' title='bbox 680 369 710 427; x_wconf 90' lang='lat' dir='ltr'>S.</span> <span class='ocrx_word' id='word_1_3' title='bbox 727 367 905 426; x_wconf 79' lang='lat' dir='ltr'>tEhNhhttl</span> <span class='ocrx_word' id='word_1_4' title='bbox 923 365 1068 426; x_wconf 75' lang='lat' dir='ltr'>learns</span> <span class='ocrx_word' id='word_1_5' title='bbox 1086 368 1416 434; x_wconf 75' lang='lat' dir='ltr'>chana-vnttttnsrs</span> <span class='ocrx_word' id='word_1_6' title='bbox 1805 385 1858 440; x_wconf 81' lang='lat' dir='ltr'>tlt</span> 
     </span>
     <span class='ocr_line' id='line_1_2' title="bbox 208 493 1860 588; baseline 0.004 -32"><span class='ocrx_word' id='word_1_7' title='bbox 208 497 308 574; x_wconf 85' lang='lat' dir='ltr'>gelinm</span> <span class='ocrx_word' id='word_1_8' title='bbox 330 495 383 569; x_wconf 88' lang='lat' dir='ltr'>ipsi</span> <span class='ocrx_word' id='word_1_9' title='bbox 401 509 451 550; x_wconf 90' lang='lat' dir='ltr'>nos</span> <span class='ocrx_word' id='word_1_10' title='bbox 471 499 647 570; x_wconf 88' lang='lat' dir='ltr'>genuerunt;</span> <span class='ocrx_word' id='word_1_11' title='bbox 668 507 721 551; x_wconf 90' lang='lat' dir='ltr'>non</span> <span class='ocrx_word' id='word_1_12' title='bbox 751 501 842 551; x_wconf 82' lang='lat' dir='ltr'>temam</span> <span class='ocrx_word' id='word_1_13' title='bbox 865 493 926 561; x_wconf 87' lang='lat' dir='ltr'>sihi,</span> <span class='ocrx_word' id='word_1_14' title='bbox 952 493 1001 551; x_wconf 90' lang='lat' dir='ltr'>sed</span> <span class='ocrx_word' id='word_1_15' title='bbox 1017 509 1040 588; x_wconf 68' lang='lat' dir='ltr'>g</span> <span class='ocrx_word' id='word_1_16' title='bbox 1055 497 1206 576; x_wconf 79' lang='lat' dir='ltr'>egolpotlo</span> <span class='ocrx_word' id='word_1_17' title='bbox 1222 499 1250 570; x_wconf 89' lang='lat' dir='ltr'>(l</span> <span class='ocrx_word' id='word_1_18' title='bbox 1262 501 1325 560; x_wconf 83' lang='lat' dir='ltr'>Cor.</span> <span class='ocrx_word' id='word_1_19' title='bbox 1341 517 1360 570; x_wconf 88' lang='lat' dir='ltr'>r,</span> <span class='ocrx_word' id='word_1_20' title='bbox 1380 505 1428 574; x_wconf 84' lang='lat' dir='ltr'>ta;</span> <span class='ocrx_word' id='word_1_21' title='bbox 1450 503 1539 563; x_wconf 89' lang='lat' dir='ltr'>lCor.</span> <span class='ocrx_word' id='word_1_22' title='bbox 1548 519 1588 570; x_wconf 86' lang='grc' dir='ltr'>ιιι,</span> <span class='ocrx_word' id='word_1_23' title='bbox 1605 501 1649 578; x_wconf 81' lang='lat' dir='ltr'>l);</span> <span class='ocrx_word' id='word_1_24' title='bbox 1662 503 1762 563; x_wconf 90' lang='lat' dir='ltr'>Christi</span> <span class='ocrx_word' id='word_1_25' title='bbox 1773 505 1860 582; x_wconf 84' lang='lat' dir='ltr'>magis</span> 
     </span>
    </p>
   </div>
   <div class='ocr_carea' id='block_1_2' title="bbox 207 583 1860 758">
    <p class='ocr_par' dir='ltr' id='par_1_2' title="bbox 207 583 1860 758">
     <span class='ocr_line' id='line_1_3' title="bbox 208 583 1857 667; baseline 0.005 -23"><span class='ocrx_word' id='word_1_26' title='bbox 208 587 323 647; x_wconf 87' lang='lat' dir='ltr'>Christo,</span> <span class='ocrx_word' id='word_1_27' title='bbox 338 583 402 657; x_wconf 86' lang='lat' dir='ltr'>quia</span> <span class='ocrx_word' id='word_1_28' title='bbox 416 599 466 654; x_wconf 91' lang='lat' dir='ltr'>per</span> <span class='ocrx_word' id='word_1_29' title='bbox 479 583 656 658; x_wconf 85' lang='lat' dir='ltr'>Evangeliam</span> <span class='ocrx_word' id='word_1_30' title='bbox 676 584 786 641; x_wconf 79' lang='lat' dir='ltr'><strong>Christi.</strong></span> <span class='ocrx_word' id='word_1_31' title='bbox 802 583 871 640; x_wconf 87' lang='lat' dir='ltr'>Hine</span> <span class='ocrx_word' id='word_1_32' title='bbox 886 590 913 638; x_wconf 90' lang='lat' dir='ltr'>et</span> <span class='ocrx_word' id='word_1_33' title='bbox 928 583 1001 657; x_wconf 87' lang='lat' dir='ltr'>qnod</span> <span class='ocrx_word' id='word_1_34' title='bbox 1055 600 1151 643; x_wconf 90' lang='lat' dir='ltr'>amnes</span> <span class='ocrx_word' id='word_1_35' title='bbox 1166 587 1260 646; x_wconf 85' lang='lat' dir='ltr'>etheri</span> <span class='ocrx_word' id='word_1_36' title='bbox 1274 591 1379 660; x_wconf 86' lang='lat' dir='ltr'>volens,</span> <span class='ocrx_word' id='word_1_37' title='bbox 1396 599 1424 649; x_wconf 90' lang='lat' dir='ltr'>et</span> <span class='ocrx_word' id='word_1_38' title='bbox 1441 593 1504 649; x_wconf 91' lang='lat' dir='ltr'>dici.</span> <span class='ocrx_word' id='word_1_39' title='bbox 1522 593 1617 666; x_wconf 86' lang='lat' dir='ltr'>Itaque</span> <span class='ocrx_word' id='word_1_40' title='bbox 1631 609 1727 651; x_wconf 88' lang='lat' dir='ltr'>semen</span> <span class='ocrx_word' id='word_1_41' title='bbox 1741 604 1857 667; x_wconf 90' lang='lat' dir='ltr'>aposto·</span> 
     </span>
     <span class='ocr_line' id='line_1_4' title="bbox 207 672 1860 758; baseline 0.007 -28"><span class='ocrx_word' id='word_1_42' title='bbox 207 675 321 731; x_wconf 81' lang='lat' dir='ltr'><strong>moleste</strong></span> <span class='ocrx_word' id='word_1_43' title='bbox 345 673 406 730; x_wconf 91' lang='lat' dir='ltr'>tulit</span> <span class='ocrx_word' id='word_1_44' title='bbox 422 673 521 730; x_wconf 88' lang='lat' dir='ltr'>Paulus</span> <span class='ocrx_word' id='word_1_45' title='bbox 535 672 666 748; x_wconf 88' lang='lat' dir='ltr'>quosdam</span> <span class='ocrx_word' id='word_1_46' title='bbox 686 689 780 732; x_wconf 88' lang='lat' dir='ltr'>eorum</span> <span class='ocrx_word' id='word_1_47' title='bbox 795 673 858 742; x_wconf 90' lang='lat' dir='ltr'>dici,</span> <span class='ocrx_word' id='word_1_48' title='bbox 874 673 1002 746; x_wconf 88' lang='lat' dir='ltr'>aquibus</span> <span class='ocrx_word' id='word_1_49' title='bbox 1054 673 1142 732; x_wconf 91' lang='lat' dir='ltr'>lorum</span> <span class='ocrx_word' id='word_1_50' title='bbox 1161 694 1255 735; x_wconf 90' lang='lat' dir='ltr'>sumus</span> <span class='ocrx_word' id='word_1_51' title='bbox 1277 696 1330 753; x_wconf 89' lang='lat' dir='ltr'>per</span> <span class='ocrx_word' id='word_1_52' title='bbox 1343 681 1585 754; x_wconf 74' lang='lat' dir='ltr'>pradIcatiouem3</span> <span class='ocrx_word' id='word_1_53' title='bbox 1607 683 1656 740; x_wconf 89' lang='lat' dir='ltr'>sed</span> <span class='ocrx_word' id='word_1_54' title='bbox 1672 699 1722 755; x_wconf 92' lang='lat' dir='ltr'>por</span> <span class='ocrx_word' id='word_1_55' title='bbox 1735 685 1860 758; x_wconf 92' lang='lat' dir='ltr'>adoptio·</span> 
     </span>
    </p>
   </div>
   <div class='ocr_carea' id='block_1_3' title="bbox 206 762 1859 926">
    <p class='ocr_par' dir='ltr' id='par_1_3' title="bbox 206 762 1859 926">
     <span class='ocr_line' id='line_1_5' title="bbox 207 762 1859 846; baseline 0.008 -26"><span class='ocrx_word' id='word_1_56' title='bbox 207 763 292 840; x_wconf 90' lang='lat' dir='ltr'>geniti</span> <span class='ocrx_word' id='word_1_57' title='bbox 306 762 415 821; x_wconf 79' lang='lat' dir='ltr'>inerant</span> <span class='ocrx_word' id='word_1_58' title='bbox 429 779 478 834; x_wconf 90' lang='lat' dir='ltr'>per</span> <span class='ocrx_word' id='word_1_59' title='bbox 493 763 677 835; x_wconf 84' lang='lat' dir='ltr'>Evangelium,</span> <span class='ocrx_word' id='word_1_60' title='bbox 701 763 848 839; x_wconf 84' lang='lat' dir='ltr'>indignans</span> <span class='ocrx_word' id='word_1_61' title='bbox 872 763 1001 819; x_wconf 89' lang='lat' dir='ltr'>adversus</span> <span class='ocrx_word' id='word_1_62' title='bbox 1055 781 1118 820; x_wconf 92' lang='lat' dir='ltr'>nem</span> <span class='ocrx_word' id='word_1_63' title='bbox 1133 773 1161 822; x_wconf 91' lang='lat' dir='ltr'>et</span> <span class='ocrx_word' id='word_1_64' title='bbox 1183 769 1370 827; x_wconf 80' lang='lat' dir='ltr'>hereditatem</span> <span class='ocrx_word' id='word_1_65' title='bbox 1391 787 1485 829; x_wconf 89' lang='lat' dir='ltr'>seman</span> <span class='ocrx_word' id='word_1_66' title='bbox 1498 772 1607 840; x_wconf 90' lang='lat' dir='ltr'>Christi,</span> <span class='ocrx_word' id='word_1_67' title='bbox 1629 780 1658 830; x_wconf 92' lang='lat' dir='ltr'>et</span> <span class='ocrx_word' id='word_1_68' title='bbox 1672 773 1859 846; x_wconf 86' lang='lat' dir='ltr'>apostolomm</span> 
     </span>
     <span class='ocr_line' id='line_1_6' title="bbox 206 851 1184 926; baseline 0.004 -17"><span class='ocrx_word' id='word_1_69' title='bbox 206 869 254 912; x_wconf 87' lang='lat' dir='ltr'>cos</span> <span class='ocrx_word' id='word_1_70' title='bbox 266 853 312 926; x_wconf 87' lang='lat' dir='ltr'>qni</span> <span class='ocrx_word' id='word_1_71' title='bbox 324 851 452 909; x_wconf 82' lang='lat' dir='ltr'>dicebaut</span> <span class='ocrx_word' id='word_1_72' title='bbox 467 871 473 908; x_wconf 95' lang='lat'><strong>:</strong></span> <span class='ocrx_word' id='word_1_73' title='bbox 490 856 543 925; x_wconf 81' lang='lat' dir='ltr'>Epo</span> <span class='ocrx_word' id='word_1_74' title='bbox 554 870 618 910; x_wconf 84' lang='lat' dir='ltr'>som</span> <span class='ocrx_word' id='word_1_75' title='bbox 634 853 726 919; x_wconf 79' lang='lat' dir='ltr'>Pauli,</span> <span class='ocrx_word' id='word_1_76' title='bbox 744 868 791 926; x_wconf 82' lang='lat' dir='ltr'>epo</span> <span class='ocrx_word' id='word_1_77' title='bbox 806 869 868 910; x_wconf 85' lang='lat' dir='ltr'>som</span> <span class='ocrx_word' id='word_1_78' title='bbox 890 853 999 925; x_wconf 78' lang='lat' dir='ltr'>oepha,</span> <span class='ocrx_word' id='word_1_79' title='bbox 1055 863 1184 925; x_wconf 82' lang='lat' dir='ltr'>nepotes.</span> 
     </span>
    </p>
   </div>
   <div class='ocr_carea' id='block_1_4' title="bbox 726 959 1337 1070">
    <p class='ocr_par' dir='ltr' id='par_1_4' title="bbox 726 959 1337 1070">
     <span class='ocr_line' id='line_1_7' title="bbox 726 959 1337 1070; baseline 0.011 -8"><span class='ocrx_word' id='word_1_80' title='bbox 726 999 765 1064; x_wconf 84' lang='lat' dir='ltr'>nv</span> <span class='ocrx_word' id='word_1_81' title='bbox 786 959 1062 1064; x_wconf 54' lang='lat' dir='ltr'>assenarica}</span> <span class='ocrx_word' id='word_1_82' title='bbox 1072 1002 1105 1065; x_wconf 82' lang='lat' dir='ltr'>a.</span> <span class='ocrx_word' id='word_1_83' title='bbox 1127 1001 1164 1065; x_wconf 91' lang='lat' dir='ltr'>v.</span> <span class='ocrx_word' id='word_1_84' title='bbox 1187 1004 1337 1070; x_wconf 77' lang='lat' dir='ltr'>naara.</span> 
     </span>
    </p>
   </div>
   <div class='ocr_carea' id='block_1_5' title="bbox 126 1105 1909 5722">
    <p class='ocr_par' dir='ltr' id='par_1_5' title="bbox 527 1105 1860 1272">
     <span class='ocr_line' id='line_1_8' title="bbox 527 1105 1860 1182; baseline 0.006 -18"><span class='ocrx_word' id='word_1_85' title='bbox 527 1105 643 1164; x_wconf 80' lang='lat' dir='ltr'>snhtto</span> <span class='ocrx_word' id='word_1_86' title='bbox 662 1105 684 1162; x_wconf 93' lang='lat'>1.</span> <span class='ocrx_word' id='word_1_87' title='bbox 1061 1106 1112 1162; x_wconf 90' lang='lat' dir='ltr'>bus</span> <span class='ocrx_word' id='word_1_88' title='bbox 1135 1106 1194 1178; x_wconf 90' lang='lat' dir='ltr'>ipsa</span> <span class='ocrx_word' id='word_1_89' title='bbox 1215 1125 1276 1182; x_wconf 86' lang='lat' dir='ltr'>quae</span> <span class='ocrx_word' id='word_1_90' title='bbox 1290 1127 1324 1167; x_wconf 88' lang='lat' dir='ltr'>ex</span> <span class='ocrx_word' id='word_1_91' title='bbox 1343 1111 1402 1170; x_wconf 88' lang='lat' dir='ltr'>Deo</span> <span class='ocrx_word' id='word_1_92' title='bbox 1421 1119 1462 1168; x_wconf 86' lang='lat' dir='ltr'>est</span> <span class='ocrx_word' id='word_1_93' title='bbox 1476 1111 1593 1170; x_wconf 86' lang='lat' dir='ltr'>charitas</span> <span class='ocrx_word' id='word_1_94' title='bbox 1608 1128 1707 1170; x_wconf 87' lang='lat' dir='ltr'>narem</span> <span class='ocrx_word' id='word_1_95' title='bbox 1721 1114 1860 1172; x_wconf 88' lang='lat' dir='ltr'>mensibus</span> 
     </span>
     <span class='ocr_line' id='line_1_9' title="bbox 1060 1198 1397 1272; baseline 0.018 -21"><span class='ocrx_word' id='word_1_96' title='bbox 1060 1198 1239 1262; x_wconf 84' lang='lat' dir='ltr'>corporaliter</span> <span class='ocrx_word' id='word_1_97' title='bbox 1253 1201 1397 1272; x_wconf 79' lang='lat' dir='ltr'>requievit.</span> 
     </span>
    </p>

    <p class='ocr_par' dir='ltr' id='par_1_6' title="bbox 1097 1288 1858 1362">
     <span class='ocr_line' id='line_1_10' title="bbox 1097 1288 1858 1362; baseline 0.012 -21"><span class='ocrx_word' id='word_1_98' title='bbox 1097 1290 1123 1342; x_wconf 83' lang='grc'>3.</span> <span class='ocrx_word' id='word_1_99' title='bbox 1140 1288 1173 1341; x_wconf 87' lang='lat' dir='ltr'>Et</span> <span class='ocrx_word' id='word_1_100' title='bbox 1194 1288 1253 1343; x_wconf 82' lang='lat' dir='ltr'>haec</span> <span class='ocrx_word' id='word_1_101' title='bbox 1270 1288 1380 1361; x_wconf 89' lang='lat' dir='ltr'>quidem</span> <span class='ocrx_word' id='word_1_102' title='bbox 1398 1298 1512 1362; x_wconf 91' lang='lat' dir='ltr'>propter</span> <span class='ocrx_word' id='word_1_103' title='bbox 1529 1306 1581 1348; x_wconf 91' lang='lat' dir='ltr'>nos</span> <span class='ocrx_word' id='word_1_104' title='bbox 1599 1290 1724 1357; x_wconf 80' lang='lat' dir='ltr'>dixerim,</span> <span class='ocrx_word' id='word_1_105' title='bbox 1750 1291 1858 1360; x_wconf 83' lang='lat' dir='ltr'>iratres,</span> 
     </span>
    </p>

    <p class='ocr_par' dir='ltr' id='par_1_7' title="bbox 126 1373 1868 4501">
     <span class='ocr_line' id='line_1_11' title="bbox 248 1373 1861 1454; baseline 0.003 -22"><span class='ocrx_word' id='word_1_106' title='bbox 248 1378 273 1434; x_wconf 90' lang='lat' dir='ltr'>l.</span> <span class='ocrx_word' id='word_1_107' title='bbox 295 1377 378 1454; x_wconf 83' lang='lat' dir='ltr'>Virgo</span> <span class='ocrx_word' id='word_1_108' title='bbox 392 1376 473 1433; x_wconf 90' lang='lat' dir='ltr'>hodie</span> <span class='ocrx_word' id='word_1_109' title='bbox 493 1375 614 1449; x_wconf 87' lang='lat' dir='ltr'>gloriosa</span> <span class='ocrx_word' id='word_1_110' title='bbox 628 1374 712 1430; x_wconf 88' lang='lat' dir='ltr'>coelos</span> <span class='ocrx_word' id='word_1_111' title='bbox 726 1373 887 1440; x_wconf 88' lang='lat' dir='ltr'>ascendens,</span> <span class='ocrx_word' id='word_1_112' title='bbox 907 1388 1005 1442; x_wconf 88' lang='lat' dir='ltr'>super·</span> <span class='ocrx_word' id='word_1_113' title='bbox 1061 1374 1150 1430; x_wconf 90' lang='lat' dir='ltr'>sciens</span> <span class='ocrx_word' id='word_1_114' title='bbox 1168 1376 1277 1433; x_wconf 75' lang='lat' dir='ltr'>difficile</span> <span class='ocrx_word' id='word_1_115' title='bbox 1297 1393 1358 1435; x_wconf 88' lang='lat' dir='ltr'>esse</span> <span class='ocrx_word' id='word_1_116' title='bbox 1380 1384 1410 1434; x_wconf 92' lang='lat' dir='ltr'>ut</span> <span class='ocrx_word' id='word_1_117' title='bbox 1432 1379 1460 1434; x_wconf 92' lang='lat' dir='ltr'>in</span> <span class='ocrx_word' id='word_1_118' title='bbox 1484 1386 1559 1435; x_wconf 89' lang='lat' dir='ltr'>tanta</span> <span class='ocrx_word' id='word_1_119' title='bbox 1574 1379 1663 1450; x_wconf 88' lang='lat' dir='ltr'>inopia</span> <span class='ocrx_word' id='word_1_120' title='bbox 1687 1381 1803 1437; x_wconf 88' lang='lat' dir='ltr'>charitas</span> <span class='ocrx_word' id='word_1_121' title='bbox 1817 1381 1861 1438; x_wconf 92' lang='lat' dir='ltr'>illa</span> 
     </span>
     <span class='ocr_line' id='line_1_12' title="bbox 209 1459 1858 1542; baseline 0.002 -19"><span class='ocrx_word' id='word_1_122' title='bbox 209 1481 306 1523; x_wconf 92' lang='lat' dir='ltr'>norum</span> <span class='ocrx_word' id='word_1_123' title='bbox 319 1465 418 1542; x_wconf 88' lang='lat' dir='ltr'>gaudia</span> <span class='ocrx_word' id='word_1_124' title='bbox 441 1464 539 1521; x_wconf 91' lang='lat' dir='ltr'>civium</span> <span class='ocrx_word' id='word_1_125' title='bbox 554 1463 672 1536; x_wconf 80' lang='lat' dir='ltr'>copiosis</span> <span class='ocrx_word' id='word_1_126' title='bbox 694 1463 754 1520; x_wconf 91' lang='lat' dir='ltr'>sine</span> <span class='ocrx_word' id='word_1_127' title='bbox 766 1462 849 1518; x_wconf 90' lang='lat' dir='ltr'>dnbio</span> <span class='ocrx_word' id='word_1_128' title='bbox 863 1459 1007 1519; x_wconf 75' lang='lat' dir='ltr'>cumulavit</span> <span class='ocrx_word' id='word_1_129' title='bbox 1060 1463 1192 1534; x_wconf 86' lang='lat' dir='ltr'>perlecta,</span> <span class='ocrx_word' id='word_1_130' title='bbox 1208 1481 1263 1521; x_wconf 92' lang='lat' dir='ltr'>nou</span> <span class='ocrx_word' id='word_1_131' title='bbox 1274 1483 1400 1539; x_wconf 81' lang='lat' dir='ltr'>quaereus</span> <span class='ocrx_word' id='word_1_132' title='bbox 1413 1485 1474 1538; x_wconf 86' lang='lat' dir='ltr'>qnae</span> <span class='ocrx_word' id='word_1_133' title='bbox 1489 1476 1618 1537; x_wconf 89' lang='lat' dir='ltr'>soasunt,</span> <span class='ocrx_word' id='word_1_134' title='bbox 1630 1469 1718 1526; x_wconf 89' lang='lat' dir='ltr'>valeat</span> <span class='ocrx_word' id='word_1_135' title='bbox 1732 1469 1858 1526; x_wconf 89' lang='lat' dir='ltr'>inveniri.</span> 
     </span>
     <span class='ocr_line' id='line_1_13' title="bbox 208 1550 1862 1632; baseline 0.002 -22"><span class='ocrx_word' id='word_1_136' title='bbox 208 1555 371 1628; x_wconf 90' lang='lat' dir='ltr'>augmentis.</span> <span class='ocrx_word' id='word_1_137' title='bbox 388 1554 451 1610; x_wconf 74' lang='lat' dir='ltr'>llaec</span> <span class='ocrx_word' id='word_1_138' title='bbox 466 1560 509 1609; x_wconf 86' lang='lat' dir='ltr'>est</span> <span class='ocrx_word' id='word_1_139' title='bbox 522 1552 605 1620; x_wconf 89' lang='lat' dir='ltr'>enim,</span> <span class='ocrx_word' id='word_1_140' title='bbox 627 1552 704 1621; x_wconf 76' lang='lat' dir='ltr'>cuius</span> <span class='ocrx_word' id='word_1_141' title='bbox 718 1550 885 1608; x_wconf 70' lang='lat' dir='ltr'>salutationis</span> <span class='ocrx_word' id='word_1_142' title='bbox 903 1567 954 1608; x_wconf 86' lang='lat' dir='ltr'>vox</span> <span class='ocrx_word' id='word_1_143' title='bbox 978 1559 1006 1607; x_wconf 89' lang='lat' dir='ltr'>et</span> <span class='ocrx_word' id='word_1_144' title='bbox 1060 1553 1095 1608; x_wconf 90' lang='lat' dir='ltr'>Ut</span> <span class='ocrx_word' id='word_1_145' title='bbox 1108 1556 1200 1610; x_wconf 90' lang='lat' dir='ltr'>tamen</span> <span class='ocrx_word' id='word_1_146' title='bbox 1210 1554 1320 1611; x_wconf 91' lang='lat' dir='ltr'>interim</span> <span class='ocrx_word' id='word_1_147' title='bbox 1330 1557 1425 1613; x_wconf 88' lang='lat' dir='ltr'>sileam</span> <span class='ocrx_word' id='word_1_148' title='bbox 1435 1557 1577 1624; x_wconf 85' lang='lat' dir='ltr'>beneficia,</span> <span class='ocrx_word' id='word_1_149' title='bbox 1590 1557 1791 1631; x_wconf 78' lang='lat' dir='ltr'>qnaeproillius</span> <span class='ocrx_word' id='word_1_150' title='bbox 1804 1559 1862 1632; x_wconf 79' lang='lat' dir='ltr'>glo</span> 
     </span>
     <span class='ocr_line' id='line_1_14' title="bbox 208 1641 1862 1721; baseline 0.002 -22"><span class='ocrx_word' id='word_1_151' title='bbox 208 1644 282 1715; x_wconf 89' lang='lat' dir='ltr'>ipsos</span> <span class='ocrx_word' id='word_1_152' title='bbox 297 1643 432 1700; x_wconf 87' lang='lat' dir='ltr'>exsultare</span> <span class='ocrx_word' id='word_1_153' title='bbox 451 1641 514 1698; x_wconf 86' lang='lat' dir='ltr'>facit</span> <span class='ocrx_word' id='word_1_154' title='bbox 528 1642 556 1697; x_wconf 93' lang='lat' dir='ltr'>in</span> <span class='ocrx_word' id='word_1_155' title='bbox 570 1641 681 1714; x_wconf 86' lang='lat' dir='ltr'>gaudio,</span> <span class='ocrx_word' id='word_1_156' title='bbox 697 1655 766 1713; x_wconf 89' lang='lat' dir='ltr'>qnos</span> <span class='ocrx_word' id='word_1_157' title='bbox 780 1647 903 1696; x_wconf 84' lang='lat' dir='ltr'>materna</span> <span class='ocrx_word' id='word_1_158' title='bbox 918 1641 1006 1696; x_wconf 88' lang='lat' dir='ltr'>adhuc</span> <span class='ocrx_word' id='word_1_159' title='bbox 1060 1641 1210 1699; x_wconf 87' lang='lat' dir='ltr'>rihcatione</span> <span class='ocrx_word' id='word_1_160' title='bbox 1235 1645 1445 1718; x_wconf 87' lang='lat' dir='ltr'>consequimur;</span> <span class='ocrx_word' id='word_1_161' title='bbox 1463 1646 1485 1702; x_wconf 93' lang='lat' dir='ltr'>si</span> <span class='ocrx_word' id='word_1_162' title='bbox 1500 1661 1561 1702; x_wconf 93' lang='lat' dir='ltr'>eam</span> <span class='ocrx_word' id='word_1_163' title='bbox 1575 1646 1721 1721; x_wconf 80' lang='lat' dir='ltr'>diligimus,</span> <span class='ocrx_word' id='word_1_164' title='bbox 1736 1647 1862 1718; x_wconf 87' lang='lat' dir='ltr'>gaudebi-</span> 
     </span>
     <span class='ocr_line' id='line_1_15' title="bbox 126 1728 1861 1809; baseline 0.005 -25"><span class='ocrx_word' id='word_1_165' title='bbox 126 1777 130 1784; x_wconf 93' lang='lat'>.</span> <span class='ocrx_word' id='word_1_166' title='bbox 209 1733 318 1790; x_wconf 88' lang='lat' dir='ltr'>viscera</span> <span class='ocrx_word' id='word_1_167' title='bbox 336 1732 465 1788; x_wconf 87' lang='lat' dir='ltr'>claudunt</span> <span class='ocrx_word' id='word_1_168' title='bbox 488 1731 567 1803; x_wconf 83' lang='lat' dir='ltr'>(Lac.</span> <span class='ocrx_word' id='word_1_169' title='bbox 582 1747 601 1798; x_wconf 85' lang='lat' dir='ltr'>r,</span> <span class='ocrx_word' id='word_1_170' title='bbox 618 1729 675 1802; x_wconf 83' lang='lat' dir='ltr'>tl).</span> <span class='ocrx_word' id='word_1_171' title='bbox 689 1729 767 1798; x_wconf 88' lang='lat' dir='ltr'>Quod</span> <span class='ocrx_word' id='word_1_172' title='bbox 782 1729 804 1784; x_wconf 92' lang='lat' dir='ltr'>si</span> <span class='ocrx_word' id='word_1_173' title='bbox 817 1728 923 1801; x_wconf 88' lang='lat' dir='ltr'>parvuli</span> <span class='ocrx_word' id='word_1_174' title='bbox 936 1744 1006 1784; x_wconf 91' lang='lat' dir='ltr'>nec-</span> <span class='ocrx_word' id='word_1_175' title='bbox 1060 1746 1120 1786; x_wconf 90' lang='lat' dir='ltr'>mns</span> <span class='ocrx_word' id='word_1_176' title='bbox 1134 1731 1236 1805; x_wconf 87' lang='lat' dir='ltr'>utique,</span> <span class='ocrx_word' id='word_1_177' title='bbox 1262 1734 1325 1806; x_wconf 87' lang='lat' dir='ltr'>quia</span> <span class='ocrx_word' id='word_1_178' title='bbox 1349 1734 1423 1789; x_wconf 87' lang='lat' dir='ltr'>vadit</span> <span class='ocrx_word' id='word_1_179' title='bbox 1442 1735 1474 1790; x_wconf 91' lang='lat' dir='ltr'>ad</span> <span class='ocrx_word' id='word_1_180' title='bbox 1490 1735 1595 1792; x_wconf 84' lang='lat' dir='ltr'>Filium.</span> <span class='ocrx_word' id='word_1_181' title='bbox 1623 1735 1716 1802; x_wconf 87' lang='lat' dir='ltr'>Plane,</span> <span class='ocrx_word' id='word_1_182' title='bbox 1739 1735 1861 1809; x_wconf 88' lang='lat' dir='ltr'>iuquam,</span> 
     </span>
     <span class='ocr_line' id='line_1_16' title="bbox 208 1817 1860 1900; baseline 0.002 -24"><span class='ocrx_word' id='word_1_183' title='bbox 208 1823 273 1878; x_wconf 91' lang='lat' dir='ltr'>dum</span> <span class='ocrx_word' id='word_1_184' title='bbox 293 1820 347 1876; x_wconf 92' lang='lat' dir='ltr'>nati</span> <span class='ocrx_word' id='word_1_185' title='bbox 372 1820 462 1876; x_wconf 85' lang='lat' dir='ltr'>anima</span> <span class='ocrx_word' id='word_1_186' title='bbox 485 1818 631 1892; x_wconf 79' lang='lat' dir='ltr'>liquefacta</span> <span class='ocrx_word' id='word_1_187' title='bbox 645 1825 687 1876; x_wconf 93' lang='lat' dir='ltr'>est</span> <span class='ocrx_word' id='word_1_188' title='bbox 704 1826 733 1874; x_wconf 91' lang='lat' dir='ltr'>ut</span> <span class='ocrx_word' id='word_1_189' title='bbox 747 1817 830 1873; x_wconf 79' lang='lat' dir='ltr'>Maria</span> <span class='ocrx_word' id='word_1_190' title='bbox 852 1819 941 1874; x_wconf 89' lang='lat' dir='ltr'>locuta</span> <span class='ocrx_word' id='word_1_191' title='bbox 953 1823 1004 1887; x_wconf 91' lang='lat' dir='ltr'>est,</span> <span class='ocrx_word' id='word_1_192' title='bbox 1021 1821 1044 1900; x_wconf 72' lang='grc' dir='ltr'><strong>Β</strong></span> <span class='ocrx_word' id='word_1_193' title='bbox 1060 1821 1310 1887; x_wconf 74' lang='lat' dir='ltr'>congratulabimur</span> <span class='ocrx_word' id='word_1_194' title='bbox 1324 1823 1359 1891; x_wconf 92' lang='lat' dir='ltr'>ei,</span> <span class='ocrx_word' id='word_1_195' title='bbox 1375 1823 1426 1878; x_wconf 91' lang='lat' dir='ltr'>nisi</span> <span class='ocrx_word' id='word_1_196' title='bbox 1440 1824 1525 1892; x_wconf 82' lang='lat' dir='ltr'>torte,</span> <span class='ocrx_word' id='word_1_197' title='bbox 1550 1823 1622 1896; x_wconf 90' lang='lat' dir='ltr'>qnod</span> <span class='ocrx_word' id='word_1_198' title='bbox 1645 1824 1716 1879; x_wconf 82' lang='lat' dir='ltr'>absit</span> <span class='ocrx_word' id='word_1_199' title='bbox 1733 1824 1740 1880; x_wconf 88' lang='lat' dir='ltr'>l</span> <span class='ocrx_word' id='word_1_200' title='bbox 1762 1824 1860 1882; x_wconf 88' lang='lat' dir='ltr'>inven-</span> 
     </span>
     <span class='ocr_line' id='line_1_17' title="bbox 209 1906 1862 1988; baseline 0.002 -23"><span class='ocrx_word' id='word_1_201' title='bbox 209 1910 273 1983; x_wconf 94' lang='lat' dir='ltr'>qnid</span> <span class='ocrx_word' id='word_1_202' title='bbox 297 1917 423 1983; x_wconf 88' lang='lat' dir='ltr'>putamus</span> <span class='ocrx_word' id='word_1_203' title='bbox 441 1923 567 1982; x_wconf 81' lang='lat' dir='ltr'>quaenam</span> <span class='ocrx_word' id='word_1_204' title='bbox 589 1907 634 1963; x_wconf 89' lang='lat' dir='ltr'>illa</span> <span class='ocrx_word' id='word_1_205' title='bbox 649 1907 732 1964; x_wconf 91' lang='lat' dir='ltr'>luerit</span> <span class='ocrx_word' id='word_1_206' title='bbox 746 1906 897 1964; x_wconf 87' lang='lat' dir='ltr'>coelestinm</span> <span class='ocrx_word' id='word_1_207' title='bbox 912 1906 1006 1963; x_wconf 88' lang='lat' dir='ltr'>exsul·</span> <span class='ocrx_word' id='word_1_208' title='bbox 1060 1908 1119 1965; x_wconf 90' lang='lat' dir='ltr'>trici</span> <span class='ocrx_word' id='word_1_209' title='bbox 1144 1911 1239 1981; x_wconf 81' lang='lat' dir='ltr'>gratiae</span> <span class='ocrx_word' id='word_1_210' title='bbox 1267 1911 1428 1967; x_wconf 92' lang='lat' dir='ltr'>omnimodis</span> <span class='ocrx_word' id='word_1_211' title='bbox 1455 1911 1626 1969; x_wconf 88' lang='lat' dir='ltr'>inveniamur</span> <span class='ocrx_word' id='word_1_212' title='bbox 1652 1912 1761 1988; x_wconf 88' lang='lat' dir='ltr'>ingrati.</span> <span class='ocrx_word' id='word_1_213' title='bbox 1775 1913 1862 1981; x_wconf 89' lang='lat' dir='ltr'>Quem</span> 
     </span>
     <span class='ocr_line' id='line_1_18' title="bbox 209 1995 1864 2073; baseline 0.001 -18"><span class='ocrx_word' id='word_1_214' title='bbox 209 1999 286 2062; x_wconf 79' lang='lat' dir='ltr'>tatic.</span> <span class='ocrx_word' id='word_1_215' title='bbox 308 2015 368 2054; x_wconf 89' lang='lat' dir='ltr'>cum</span> <span class='ocrx_word' id='word_1_216' title='bbox 391 2005 420 2054; x_wconf 90' lang='lat' dir='ltr'>ct</span> <span class='ocrx_word' id='word_1_217' title='bbox 441 2012 536 2054; x_wconf 90' lang='lat' dir='ltr'>vocem</span> <span class='ocrx_word' id='word_1_218' title='bbox 559 1997 664 2062; x_wconf 88' lang='lat' dir='ltr'>andire,</span> <span class='ocrx_word' id='word_1_219' title='bbox 688 2004 716 2052; x_wconf 91' lang='lat' dir='ltr'>et</span> <span class='ocrx_word' id='word_1_220' title='bbox 740 1995 834 2053; x_wconf 91' lang='lat' dir='ltr'>videre</span> <span class='ocrx_word' id='word_1_221' title='bbox 856 1995 963 2062; x_wconf 80' lang='lat' dir='ltr'>faciem,</span> <span class='ocrx_word' id='word_1_222' title='bbox 980 2003 1007 2051; x_wconf 93' lang='lat' dir='ltr'>et</span> <span class='ocrx_word' id='word_1_223' title='bbox 1061 1999 1135 2053; x_wconf 91' lang='lat' dir='ltr'>enim</span> <span class='ocrx_word' id='word_1_224' title='bbox 1157 1999 1186 2054; x_wconf 91' lang='lat' dir='ltr'>in</span> <span class='ocrx_word' id='word_1_225' title='bbox 1209 2000 1349 2057; x_wconf 90' lang='lat' dir='ltr'>castellum</span> <span class='ocrx_word' id='word_1_226' title='bbox 1377 2001 1471 2057; x_wconf 90' lang='lat' dir='ltr'>mundi</span> <span class='ocrx_word' id='word_1_227' title='bbox 1498 2002 1580 2071; x_wconf 86' lang='lat' dir='ltr'>hujus</span> <span class='ocrx_word' id='word_1_228' title='bbox 1611 2001 1756 2058; x_wconf 81' lang='lat' dir='ltr'>intrantem</span> <span class='ocrx_word' id='word_1_229' title='bbox 1786 2003 1864 2073; x_wconf 89' lang='lat' dir='ltr'>prins</span> 
     </span>
     <span class='ocr_line' id='line_1_19' title="bbox 209 2084 1861 2160; baseline 0.001 -17"><span class='ocrx_word' id='word_1_230' title='bbox 209 2088 291 2144; x_wconf 89' lang='lat' dir='ltr'>beata</span> <span class='ocrx_word' id='word_1_231' title='bbox 309 2088 370 2157; x_wconf 88' lang='lat' dir='ltr'>ejus</span> <span class='ocrx_word' id='word_1_232' title='bbox 389 2085 441 2142; x_wconf 85' lang='lat' dir='ltr'>lrui</span> <span class='ocrx_word' id='word_1_233' title='bbox 457 2085 602 2157; x_wconf 71' lang='lat' dir='ltr'>prasentia</span> <span class='ocrx_word' id='word_1_234' title='bbox 626 2085 805 2141; x_wconf 75' lang='lat' dir='ltr'>mernerunt?</span> <span class='ocrx_word' id='word_1_235' title='bbox 829 2084 913 2141; x_wconf 86' lang='lat' dir='ltr'>Nobis</span> <span class='ocrx_word' id='word_1_236' title='bbox 930 2099 1006 2153; x_wconf 88' lang='lat' dir='ltr'>vcro,</span> <span class='ocrx_word' id='word_1_237' title='bbox 1062 2085 1121 2158; x_wconf 90' lang='lat' dir='ltr'>ipsa</span> <span class='ocrx_word' id='word_1_238' title='bbox 1148 2097 1317 2159; x_wconf 81' lang='lat' dir='ltr'>susceperat,</span> <span class='ocrx_word' id='word_1_239' title='bbox 1341 2090 1377 2145; x_wconf 91' lang='lat' dir='ltr'>ab</span> <span class='ocrx_word' id='word_1_240' title='bbox 1401 2105 1434 2146; x_wconf 92' lang='lat' dir='ltr'>eo</span> <span class='ocrx_word' id='word_1_241' title='bbox 1458 2089 1604 2160; x_wconf 87' lang='lat' dir='ltr'>suscipitur</span> <span class='ocrx_word' id='word_1_242' title='bbox 1631 2089 1711 2146; x_wconf 93' lang='lat' dir='ltr'>hodie</span> <span class='ocrx_word' id='word_1_243' title='bbox 1738 2097 1861 2146; x_wconf 85' lang='lat' dir='ltr'>sanctam</span> 
     </span>
     <span class='ocr_line' id='line_1_20' title="bbox 210 2172 1862 2251; baseline 0.002 -19"><span class='ocrx_word' id='word_1_244' title='bbox 210 2174 372 2241; x_wconf 79' lang='lat' dir='ltr'>charissimi,</span> <span class='ocrx_word' id='word_1_245' title='bbox 396 2191 457 2248; x_wconf 86' lang='lat' dir='ltr'>quae</span> <span class='ocrx_word' id='word_1_246' title='bbox 481 2173 508 2232; x_wconf 94' lang='lat' dir='ltr'>in</span> <span class='ocrx_word' id='word_1_247' title='bbox 531 2175 591 2244; x_wconf 76' lang='lat' dir='ltr'>eius</span> <span class='ocrx_word' id='word_1_248' title='bbox 616 2173 809 2244; x_wconf 79' lang='lat' dir='ltr'>Assumptione</span> <span class='ocrx_word' id='word_1_249' title='bbox 830 2172 1008 2230; x_wconf 85' lang='lat' dir='ltr'>solemnitatis</span> <span class='ocrx_word' id='word_1_250' title='bbox 1062 2175 1222 2250; x_wconf 85' lang='lat' dir='ltr'>ingrediens</span> <span class='ocrx_word' id='word_1_251' title='bbox 1244 2177 1391 2236; x_wconf 88' lang='lat' dir='ltr'>civitatem.</span> <span class='ocrx_word' id='word_1_252' title='bbox 1408 2178 1462 2235; x_wconf 89' lang='lat' dir='ltr'>Sed</span> <span class='ocrx_word' id='word_1_253' title='bbox 1486 2195 1547 2234; x_wconf 91' lang='lat' dir='ltr'>cnm</span> <span class='ocrx_word' id='word_1_254' title='bbox 1584 2185 1685 2251; x_wconf 91' lang='lat' dir='ltr'>quanto</span> <span class='ocrx_word' id='word_1_255' title='bbox 1708 2185 1787 2249; x_wconf 87' lang='lat' dir='ltr'>putas</span> <span class='ocrx_word' id='word_1_256' title='bbox 1809 2178 1862 2235; x_wconf 92' lang='lat' dir='ltr'>ho-</span> 
     </span>
     <span class='ocr_line' id='line_1_21' title="bbox 210 2261 1864 2340; baseline 0.001 -19"><span class='ocrx_word' id='word_1_257' title='bbox 210 2264 327 2330; x_wconf 69' lang='lat' dir='ltr'>nccasio,</span> <span class='ocrx_word' id='word_1_258' title='bbox 342 2279 403 2336; x_wconf 77' lang='lat' dir='ltr'>qne</span> <span class='ocrx_word' id='word_1_259' title='bbox 417 2279 499 2320; x_wconf 88' lang='lat' dir='ltr'>cansa</span> <span class='ocrx_word' id='word_1_260' title='bbox 509 2262 618 2329; x_wconf 84' lang='lat' dir='ltr'>laetitirc,</span> <span class='ocrx_word' id='word_1_261' title='bbox 630 2277 691 2336; x_wconf 84' lang='lat' dir='ltr'>qaae</span> <span class='ocrx_word' id='word_1_262' title='bbox 705 2261 818 2319; x_wconf 87' lang='lat' dir='ltr'>materia</span> <span class='ocrx_word' id='word_1_263' title='bbox 827 2262 1007 2335; x_wconf 75' lang='lat' dir='ltr'>gaudiorum?</span> <span class='ocrx_word' id='word_1_264' title='bbox 1063 2281 1149 2332; x_wconf 86' lang='lat' dir='ltr'>more,</span> <span class='ocrx_word' id='word_1_265' title='bbox 1166 2283 1226 2323; x_wconf 91' lang='lat' dir='ltr'>cam</span> <span class='ocrx_word' id='word_1_266' title='bbox 1249 2275 1350 2337; x_wconf 89' lang='lat' dir='ltr'>quanta</span> <span class='ocrx_word' id='word_1_267' title='bbox 1372 2275 1452 2340; x_wconf 88' lang='lat' dir='ltr'>putas</span> <span class='ocrx_word' id='word_1_268' title='bbox 1466 2266 1655 2334; x_wconf 88' lang='lat' dir='ltr'>exsultatione,</span> <span class='ocrx_word' id='word_1_269' title='bbox 1680 2281 1742 2323; x_wconf 83' lang='lat' dir='ltr'>cunr</span> <span class='ocrx_word' id='word_1_270' title='bbox 1761 2274 1864 2339; x_wconf 88' lang='lat' dir='ltr'>quanta</span> 
     </span>
     <span class='ocr_line' id='line_1_22' title="bbox 210 2350 1864 2431; baseline 0.001 -21"><span class='ocrx_word' id='word_1_271' title='bbox 210 2352 302 2410; x_wconf 79' lang='lat' dir='ltr'>blarie</span> <span class='ocrx_word' id='word_1_272' title='bbox 321 2353 467 2424; x_wconf 76' lang='lat' dir='ltr'>prasentia</span> <span class='ocrx_word' id='word_1_273' title='bbox 486 2359 558 2408; x_wconf 90' lang='lat' dir='ltr'>totns</span> <span class='ocrx_word' id='word_1_274' title='bbox 581 2351 727 2408; x_wconf 86' lang='lat' dir='ltr'>illustratur</span> <span class='ocrx_word' id='word_1_275' title='bbox 743 2350 817 2406; x_wconf 90' lang='lat' dir='ltr'>orbis</span> <span class='ocrx_word' id='word_1_276' title='bbox 832 2370 839 2405; x_wconf 82' lang='grc' dir='ltr'>ι</span> <span class='ocrx_word' id='word_1_277' title='bbox 856 2351 924 2406; x_wconf 90' lang='lat' dir='ltr'>adeo</span> <span class='ocrx_word' id='word_1_278' title='bbox 938 2358 968 2405; x_wconf 90' lang='lat' dir='ltr'>nt</span> <span class='ocrx_word' id='word_1_279' title='bbox 982 2357 1010 2406; x_wconf 91' lang='lat' dir='ltr'>et</span> <span class='ocrx_word' id='word_1_280' title='bbox 1063 2355 1174 2426; x_wconf 78' lang='lat' dir='ltr'>gloria?</span> <span class='ocrx_word' id='word_1_281' title='bbox 1197 2356 1254 2411; x_wconf 89' lang='lat' dir='ltr'>Nec</span> <span class='ocrx_word' id='word_1_282' title='bbox 1267 2355 1296 2411; x_wconf 93' lang='lat' dir='ltr'>in</span> <span class='ocrx_word' id='word_1_283' title='bbox 1312 2356 1392 2411; x_wconf 89' lang='lat' dir='ltr'>terris</span> <span class='ocrx_word' id='word_1_284' title='bbox 1415 2355 1490 2412; x_wconf 90' lang='lat' dir='ltr'>locus</span> <span class='ocrx_word' id='word_1_285' title='bbox 1510 2355 1618 2428; x_wconf 76' lang='lat' dir='ltr'>dignior</span> <span class='ocrx_word' id='word_1_286' title='bbox 1635 2355 1706 2412; x_wconf 90' lang='lat' dir='ltr'>uteri</span> <span class='ocrx_word' id='word_1_287' title='bbox 1723 2355 1864 2431; x_wconf 84' lang='lat' dir='ltr'>virginalis</span> 
     </span>
     <span class='ocr_line' id='line_1_23' title="bbox 210 2438 1864 2519; baseline 0.001 -21"><span class='ocrx_word' id='word_1_288' title='bbox 210 2441 269 2514; x_wconf 92' lang='lat' dir='ltr'>ipsa</span> <span class='ocrx_word' id='word_1_289' title='bbox 286 2442 342 2510; x_wconf 84' lang='lat' dir='ltr'>jam</span> <span class='ocrx_word' id='word_1_290' title='bbox 371 2440 488 2497; x_wconf 87' lang='lat' dir='ltr'>coelestis</span> <span class='ocrx_word' id='word_1_291' title='bbox 516 2439 603 2512; x_wconf 88' lang='lat' dir='ltr'>patria</span> <span class='ocrx_word' id='word_1_292' title='bbox 634 2439 734 2495; x_wconf 86' lang='lat' dir='ltr'>clarius</span> <span class='ocrx_word' id='word_1_293' title='bbox 762 2438 852 2495; x_wconf 86' lang='lat' dir='ltr'>rutilet</span> <span class='ocrx_word' id='word_1_294' title='bbox 881 2438 1010 2510; x_wconf 84' lang='lat' dir='ltr'>virgineae</span> <span class='ocrx_word' id='word_1_295' title='bbox 1064 2444 1177 2516; x_wconf 91' lang='lat' dir='ltr'>templo,</span> <span class='ocrx_word' id='word_1_296' title='bbox 1198 2443 1227 2498; x_wconf 94' lang='lat' dir='ltr'>in</span> <span class='ocrx_word' id='word_1_297' title='bbox 1249 2459 1303 2516; x_wconf 89' lang='lat' dir='ltr'>quo</span> <span class='ocrx_word' id='word_1_298' title='bbox 1326 2445 1420 2500; x_wconf 87' lang='lat' dir='ltr'>Filium</span> <span class='ocrx_word' id='word_1_299' title='bbox 1439 2444 1488 2500; x_wconf 89' lang='lat' dir='ltr'>Dei</span> <span class='ocrx_word' id='word_1_300' title='bbox 1511 2445 1593 2500; x_wconf 86' lang='lat' dir='ltr'>hieria</span> <span class='ocrx_word' id='word_1_301' title='bbox 1614 2445 1749 2519; x_wconf 84' lang='lat' dir='ltr'>suscepit;</span> <span class='ocrx_word' id='word_1_302' title='bbox 1765 2461 1818 2502; x_wconf 92' lang='lat' dir='ltr'>nec</span> <span class='ocrx_word' id='word_1_303' title='bbox 1836 2445 1864 2500; x_wconf 93' lang='lat' dir='ltr'>in</span> 
     </span>
     <span class='ocr_line' id='line_1_24' title="bbox 210 2527 1864 2607; baseline 0.002 -21"><span class='ocrx_word' id='word_1_304' title='bbox 210 2530 343 2602; x_wconf 89' lang='lat' dir='ltr'>lampadis</span> <span class='ocrx_word' id='word_1_305' title='bbox 365 2529 492 2584; x_wconf 84' lang='lat' dir='ltr'>irradiata</span> <span class='ocrx_word' id='word_1_306' title='bbox 515 2528 633 2604; x_wconf 80' lang='lat' dir='ltr'>fulgore.</span> <span class='ocrx_word' id='word_1_307' title='bbox 660 2527 756 2585; x_wconf 80' lang='lat' dir='ltr'>Merito</span> <span class='ocrx_word' id='word_1_308' title='bbox 770 2527 885 2599; x_wconf 90' lang='lat' dir='ltr'>proinde</span> <span class='ocrx_word' id='word_1_309' title='bbox 899 2536 1011 2584; x_wconf 88' lang='lat' dir='ltr'>resonat</span> <span class='ocrx_word' id='word_1_310' title='bbox 1064 2531 1141 2588; x_wconf 83' lang='lat' dir='ltr'>coells</span> <span class='ocrx_word' id='word_1_311' title='bbox 1177 2532 1261 2604; x_wconf 82' lang='lat' dir='ltr'>regali</span> <span class='ocrx_word' id='word_1_312' title='bbox 1292 2531 1370 2602; x_wconf 89' lang='lat' dir='ltr'>solio,</span> <span class='ocrx_word' id='word_1_313' title='bbox 1398 2535 1427 2590; x_wconf 92' lang='lat' dir='ltr'>in</span> <span class='ocrx_word' id='word_1_314' title='bbox 1455 2549 1508 2607; x_wconf 91' lang='lat' dir='ltr'>qno</span> <span class='ocrx_word' id='word_1_315' title='bbox 1532 2534 1641 2590; x_wconf 86' lang='lat' dir='ltr'>hieriam</span> <span class='ocrx_word' id='word_1_316' title='bbox 1668 2533 1750 2590; x_wconf 88' lang='lat' dir='ltr'>bodie</span> <span class='ocrx_word' id='word_1_317' title='bbox 1773 2533 1864 2590; x_wconf 84' lang='lat' dir='ltr'>llariae</span> 
     </span>
     <span class='ocr_line' id='line_1_25' title="bbox 211 2616 1862 2695; baseline 0.002 -21"><span class='ocrx_word' id='word_1_318' title='bbox 211 2619 239 2674; x_wconf 94' lang='lat' dir='ltr'>in</span> <span class='ocrx_word' id='word_1_319' title='bbox 262 2618 378 2675; x_wconf 87' lang='lat' dir='ltr'>excelsis</span> <span class='ocrx_word' id='word_1_320' title='bbox 405 2618 552 2690; x_wconf 88' lang='lat' dir='ltr'>gratiarnm</span> <span class='ocrx_word' id='word_1_321' title='bbox 580 2617 652 2673; x_wconf 86' lang='lat' dir='ltr'>actio</span> <span class='ocrx_word' id='word_1_322' title='bbox 679 2624 707 2674; x_wconf 93' lang='lat' dir='ltr'>et</span> <span class='ocrx_word' id='word_1_323' title='bbox 730 2631 782 2672; x_wconf 88' lang='lat' dir='ltr'>vox</span> <span class='ocrx_word' id='word_1_324' title='bbox 813 2616 922 2684; x_wconf 87' lang='lat' dir='ltr'>laudis;</span> <span class='ocrx_word' id='word_1_325' title='bbox 962 2617 1010 2672; x_wconf 87' lang='lat' dir='ltr'>sed</span> <span class='ocrx_word' id='word_1_326' title='bbox 1065 2619 1136 2676; x_wconf 87' lang='lat' dir='ltr'>lilius</span> <span class='ocrx_word' id='word_1_327' title='bbox 1160 2621 1325 2678; x_wconf 90' lang='lat' dir='ltr'>sublimavit.</span> <span class='ocrx_word' id='word_1_328' title='bbox 1341 2621 1415 2680; x_wconf 85' lang='lat' dir='ltr'>Felix</span> <span class='ocrx_word' id='word_1_329' title='bbox 1438 2623 1563 2679; x_wconf 91' lang='lat' dir='ltr'>nimirum</span> <span class='ocrx_word' id='word_1_330' title='bbox 1578 2631 1692 2694; x_wconf 86' lang='lat' dir='ltr'>utraque</span> <span class='ocrx_word' id='word_1_331' title='bbox 1707 2623 1862 2695; x_wconf 70' lang='lat' dir='ltr'>snscepaim</span> 
     </span>
     <span class='ocr_line' id='line_1_26' title="bbox 212 2701 1863 2781; baseline -0.002 -19"><span class='ocrx_word' id='word_1_332' title='bbox 212 2701 398 2781; x_wconf 83' lang='lat' dir='ltr'>plangendum</span> <span class='ocrx_word' id='word_1_333' title='bbox 419 2707 498 2763; x_wconf 89' lang='lat' dir='ltr'>nohis</span> <span class='ocrx_word' id='word_1_334' title='bbox 521 2723 601 2779; x_wconf 89' lang='lat' dir='ltr'>quam</span> <span class='ocrx_word' id='word_1_335' title='bbox 629 2705 813 2778; x_wconf 88' lang='lat' dir='ltr'>plaudendum</span> <span class='ocrx_word' id='word_1_336' title='bbox 841 2705 928 2778; x_wconf 87' lang='lat' dir='ltr'>magis</span> <span class='ocrx_word' id='word_1_337' title='bbox 949 2721 1011 2761; x_wconf 89' lang='lat' dir='ltr'>esse</span> <span class='ocrx_word' id='word_1_338' title='bbox 1065 2703 1346 2777; x_wconf 82' lang='lat' dir='ltr'>inellahilisatraqne‚</span> <span class='ocrx_word' id='word_1_339' title='bbox 1361 2706 1424 2779; x_wconf 84' lang='lat' dir='ltr'>qnia</span> <span class='ocrx_word' id='word_1_340' title='bbox 1439 2713 1554 2778; x_wconf 87' lang='lat' dir='ltr'>utraque</span> <span class='ocrx_word' id='word_1_341' title='bbox 1581 2706 1797 2778; x_wconf 78' lang='lat' dir='ltr'>inexcogitabilis</span> <span class='ocrx_word' id='word_1_342' title='bbox 1810 2714 1863 2761; x_wconf 86' lang='lat' dir='ltr'>est.</span> 
     </span>
     <span class='ocr_line' id='line_1_27' title="bbox 212 2793 1864 2866; baseline 0 -16"><span class='ocrx_word' id='word_1_343' title='bbox 212 2797 330 2852; x_wconf 89' lang='lat' dir='ltr'>videtur.</span> <span class='ocrx_word' id='word_1_344' title='bbox 354 2795 490 2864; x_wconf 80' lang='lat' dir='ltr'>Quantum</span> <span class='ocrx_word' id='word_1_345' title='bbox 515 2795 588 2852; x_wconf 92' lang='lat' dir='ltr'>enim</span> <span class='ocrx_word' id='word_1_346' title='bbox 611 2795 646 2851; x_wconf 90' lang='lat' dir='ltr'>de</span> <span class='ocrx_word' id='word_1_347' title='bbox 669 2795 730 2864; x_wconf 83' lang='lat' dir='ltr'>ejvs</span> <span class='ocrx_word' id='word_1_348' title='bbox 745 2793 891 2865; x_wconf 74' lang='lat' dir='ltr'>presentia</span> <span class='ocrx_word' id='word_1_349' title='bbox 914 2794 1012 2850; x_wconf 76' lang='lat' dir='ltr'>crelam</span> <span class='ocrx_word' id='word_1_350' title='bbox 1066 2794 1168 2864; x_wconf 90' lang='lat' dir='ltr'>thuid</span> <span class='ocrx_word' id='word_1_351' title='bbox 1183 2794 1254 2850; x_wconf 91' lang='lat' dir='ltr'>enim</span> <span class='ocrx_word' id='word_1_352' title='bbox 1275 2811 1308 2850; x_wconf 88' lang='lat' dir='ltr'>ea</span> <span class='ocrx_word' id='word_1_353' title='bbox 1321 2795 1403 2853; x_wconf 89' lang='lat' dir='ltr'>hodie</span> <span class='ocrx_word' id='word_1_354' title='bbox 1416 2794 1444 2850; x_wconf 92' lang='lat' dir='ltr'>in</span> <span class='ocrx_word' id='word_1_355' title='bbox 1458 2795 1581 2851; x_wconf 89' lang='lat' dir='ltr'>ecclesiis</span> <span class='ocrx_word' id='word_1_356' title='bbox 1594 2794 1693 2851; x_wconf 89' lang='lat' dir='ltr'>Christi</span> <span class='ocrx_word' id='word_1_357' title='bbox 1707 2794 1864 2866; x_wconf 83' lang='lat' dir='ltr'>evangelica</span> 
     </span>
     <span class='ocr_line' id='line_1_28' title="bbox 213 2880 1866 2956; baseline -0.001 -14"><span class='ocrx_word' id='word_1_358' title='bbox 213 2885 340 2952; x_wconf 88' lang='lat' dir='ltr'>exsultat,</span> <span class='ocrx_word' id='word_1_359' title='bbox 370 2883 491 2956; x_wconf 87' lang='lat' dir='ltr'>nunquid</span> <span class='ocrx_word' id='word_1_360' title='bbox 523 2899 579 2940; x_wconf 92' lang='lat' dir='ltr'>non</span> <span class='ocrx_word' id='word_1_361' title='bbox 611 2897 782 2953; x_wconf 87' lang='lat' dir='ltr'>consequens</span> <span class='ocrx_word' id='word_1_362' title='bbox 808 2890 864 2952; x_wconf 87' lang='lat' dir='ltr'>est,</span> <span class='ocrx_word' id='word_1_363' title='bbox 891 2892 922 2939; x_wconf 92' lang='lat' dir='ltr'>nt</span> <span class='ocrx_word' id='word_1_364' title='bbox 953 2889 1013 2939; x_wconf 87' lang='lat' dir='ltr'>tan-</span> <span class='ocrx_word' id='word_1_365' title='bbox 1066 2880 1146 2938; x_wconf 89' lang='lat' dir='ltr'>lectio</span> <span class='ocrx_word' id='word_1_366' title='bbox 1161 2884 1299 2950; x_wconf 89' lang='lat' dir='ltr'>recitatur,</span> <span class='ocrx_word' id='word_1_367' title='bbox 1320 2883 1349 2939; x_wconf 92' lang='lat' dir='ltr'>in</span> <span class='ocrx_word' id='word_1_368' title='bbox 1371 2901 1425 2956; x_wconf 87' lang='lat' dir='ltr'>qua</span> <span class='ocrx_word' id='word_1_369' title='bbox 1439 2883 1536 2940; x_wconf 90' lang='lat' dir='ltr'>mulier</span> <span class='ocrx_word' id='word_1_370' title='bbox 1558 2883 1703 2940; x_wconf 88' lang='lat' dir='ltr'>benedicta</span> <span class='ocrx_word' id='word_1_371' title='bbox 1723 2885 1750 2939; x_wconf 94' lang='lat' dir='ltr'>in</span> <span class='ocrx_word' id='word_1_372' title='bbox 1770 2884 1866 2940; x_wconf 90' lang='lat' dir='ltr'>mulie·</span> 
     </span>
     <span class='ocr_line' id='line_1_29' title="bbox 214 2971 1865 3046; baseline -0.001 -17"><span class='ocrx_word' id='word_1_373' title='bbox 214 2983 270 3030; x_wconf 91' lang='lat' dir='ltr'>tum</span> <span class='ocrx_word' id='word_1_374' title='bbox 284 2973 377 3046; x_wconf 88' lang='lat' dir='ltr'>lugeat</span> <span class='ocrx_word' id='word_1_375' title='bbox 392 2973 437 3029; x_wconf 90' lang='lat' dir='ltr'>hic</span> <span class='ocrx_word' id='word_1_376' title='bbox 451 2979 545 3029; x_wconf 88' lang='lat' dir='ltr'>noster</span> <span class='ocrx_word' id='word_1_377' title='bbox 562 2971 678 3034; x_wconf 80' lang='lat' dir='ltr'>interior</span> <span class='ocrx_word' id='word_1_378' title='bbox 692 2971 809 3028; x_wconf 90' lang='lat' dir='ltr'>mundns</span> <span class='ocrx_word' id='word_1_379' title='bbox 823 2973 883 3042; x_wconf 86' lang='lat' dir='ltr'>ejus</span> <span class='ocrx_word' id='word_1_380' title='bbox 907 2971 1011 3027; x_wconf 89' lang='lat' dir='ltr'>abscu-</span> <span class='ocrx_word' id='word_1_381' title='bbox 1066 2971 1142 3027; x_wconf 89' lang='lat' dir='ltr'>ribus</span> <span class='ocrx_word' id='word_1_382' title='bbox 1168 2973 1307 3043; x_wconf 88' lang='lat' dir='ltr'>excepisse</span> <span class='ocrx_word' id='word_1_383' title='bbox 1329 2972 1489 3046; x_wconf 84' lang='lat' dir='ltr'>intelligitur</span> <span class='ocrx_word' id='word_1_384' title='bbox 1515 2972 1707 3030; x_wconf 84' lang='lat' dir='ltr'>Salvatorem‘l</span> <span class='ocrx_word' id='word_1_385' title='bbox 1731 2973 1865 3030; x_wconf 85' lang='lat' dir='ltr'>Credant</span> 
     </span>
     <span class='ocr_line' id='line_1_30' title="bbox 214 3059 1866 3139; baseline -0.001 -21"><span class='ocrx_word' id='word_1_386' title='bbox 214 3061 301 3118; x_wconf 76' lang='lat' dir='ltr'>tiam?</span> <span class='ocrx_word' id='word_1_387' title='bbox 319 3062 416 3118; x_wconf 86' lang='lat' dir='ltr'>Cesset</span> <span class='ocrx_word' id='word_1_388' title='bbox 438 3069 529 3126; x_wconf 89' lang='lat' dir='ltr'>tamen</span> <span class='ocrx_word' id='word_1_389' title='bbox 552 3060 665 3132; x_wconf 87' lang='lat' dir='ltr'>querela</span> <span class='ocrx_word' id='word_1_390' title='bbox 688 3067 790 3125; x_wconf 88' lang='lat' dir='ltr'>nostra,</span> <span class='ocrx_word' id='word_1_391' title='bbox 817 3061 880 3131; x_wconf 90' lang='lat' dir='ltr'>quia</span> <span class='ocrx_word' id='word_1_392' title='bbox 896 3075 947 3116; x_wconf 91' lang='lat' dir='ltr'>nec</span> <span class='ocrx_word' id='word_1_393' title='bbox 961 3074 1012 3115; x_wconf 92' lang='lat' dir='ltr'>no·</span> <span class='ocrx_word' id='word_1_394' title='bbox 1067 3060 1215 3132; x_wconf 84' lang='lat' dir='ltr'>haecquam</span> <span class='ocrx_word' id='word_1_395' title='bbox 1231 3060 1411 3127; x_wconf 88' lang='lat' dir='ltr'>celebramus,</span> <span class='ocrx_word' id='word_1_396' title='bbox 1430 3077 1464 3117; x_wconf 89' lang='lat' dir='ltr'>ex</span> <span class='ocrx_word' id='word_1_397' title='bbox 1479 3059 1525 3118; x_wconf 92' lang='lat' dir='ltr'>illa</span> <span class='ocrx_word' id='word_1_398' title='bbox 1543 3061 1715 3139; x_wconf 86' lang='lat' dir='ltr'>susceptione</span> <span class='ocrx_word' id='word_1_399' title='bbox 1733 3061 1866 3133; x_wconf 86' lang='lat' dir='ltr'>aliquate-</span> 
     </span>
     <span class='ocr_line' id='line_1_31' title="bbox 214 3127 1865 3220; baseline 0 -16"><span class='ocrx_word' id='word_1_400' title='bbox 214 3150 256 3206; x_wconf 91' lang='lat' dir='ltr'>his</span> <span class='ocrx_word' id='word_1_401' title='bbox 276 3149 320 3206; x_wconf 92' lang='lat' dir='ltr'>hic</span> <span class='ocrx_word' id='word_1_402' title='bbox 343 3157 384 3205; x_wconf 91' lang='lat' dir='ltr'>est</span> <span class='ocrx_word' id='word_1_403' title='bbox 405 3165 521 3210; x_wconf 88' lang='lat' dir='ltr'>maneus</span> <span class='ocrx_word' id='word_1_404' title='bbox 540 3147 652 3220; x_wconf 82' lang='lat' dir='ltr'>civitas;</span> <span class='ocrx_word' id='word_1_405' title='bbox 676 3147 726 3204; x_wconf 90' lang='lat' dir='ltr'>sed</span> <span class='ocrx_word' id='word_1_406' title='bbox 754 3164 815 3204; x_wconf 91' lang='lat' dir='ltr'>eam</span> <span class='ocrx_word' id='word_1_407' title='bbox 842 3148 1012 3220; x_wconf 86' lang='lat' dir='ltr'>inquirimus,</span> <span class='ocrx_word' id='word_1_408' title='bbox 1029 3127 1052 3205; x_wconf 65' lang='grc' dir='ltr'><strong><em>Β</em></strong></span> <span class='ocrx_word' id='word_1_409' title='bbox 1068 3163 1120 3203; x_wconf 89' lang='lat' dir='ltr'>nus</span> <span class='ocrx_word' id='word_1_410' title='bbox 1147 3148 1305 3215; x_wconf 87' lang='lat' dir='ltr'>aestimetnr,</span> <span class='ocrx_word' id='word_1_411' title='bbox 1330 3149 1384 3206; x_wconf 91' lang='lat' dir='ltr'>imo</span> <span class='ocrx_word' id='word_1_412' title='bbox 1410 3157 1440 3205; x_wconf 90' lang='lat' dir='ltr'>nt</span> <span class='ocrx_word' id='word_1_413' title='bbox 1454 3151 1531 3220; x_wconf 88' lang='lat' dir='ltr'>juxta</span> <span class='ocrx_word' id='word_1_414' title='bbox 1553 3149 1625 3207; x_wconf 89' lang='lat' dir='ltr'>illius</span> <span class='ocrx_word' id='word_1_415' title='bbox 1648 3149 1865 3206; x_wconf 71' lang='lat' dir='ltr'>inestimabilem</span> 
     </span>
     <span class='ocr_line' id='line_1_32' title="bbox 214 3235 1866 3312; baseline -0.001 -18"><span class='ocrx_word' id='word_1_416' title='bbox 214 3238 346 3312; x_wconf 87' lang='lat' dir='ltr'>adquam</span> <span class='ocrx_word' id='word_1_417' title='bbox 367 3238 449 3295; x_wconf 91' lang='lat' dir='ltr'>hodie</span> <span class='ocrx_word' id='word_1_418' title='bbox 465 3237 547 3294; x_wconf 87' lang='lat' dir='ltr'>hlaria</span> <span class='ocrx_word' id='word_1_419' title='bbox 566 3236 861 3309; x_wconf 88' lang='lat' dir='ltr'>benedictapervenit.</span> <span class='ocrx_word' id='word_1_420' title='bbox 879 3239 908 3292; x_wconf 91' lang='lat' dir='ltr'>ln</span> <span class='ocrx_word' id='word_1_421' title='bbox 924 3238 1014 3310; x_wconf 90' lang='lat' dir='ltr'>qnasi</span> <span class='ocrx_word' id='word_1_422' title='bbox 1067 3235 1180 3310; x_wconf 87' lang='lat' dir='ltr'>gloriam</span> <span class='ocrx_word' id='word_1_423' title='bbox 1209 3237 1405 3294; x_wconf 80' lang='lat' dir='ltr'>inestimabilis</span> <span class='ocrx_word' id='word_1_424' title='bbox 1440 3245 1620 3311; x_wconf 86' lang='lat' dir='ltr'>cognoscatur</span> <span class='ocrx_word' id='word_1_425' title='bbox 1648 3247 1675 3295; x_wconf 89' lang='lat' dir='ltr'>et</span> <span class='ocrx_word' id='word_1_426' title='bbox 1707 3238 1769 3294; x_wconf 90' lang='lat' dir='ltr'>ista.</span> <span class='ocrx_word' id='word_1_427' title='bbox 1797 3236 1866 3307; x_wconf 85' lang='lat' dir='ltr'>Quis</span> 
     </span>
     <span class='ocr_line' id='line_1_33' title="bbox 213 3325 1864 3400; baseline -0.002 -15"><span class='ocrx_word' id='word_1_428' title='bbox 213 3327 359 3400; x_wconf 90' lang='lat' dir='ltr'>conscripti</span> <span class='ocrx_word' id='word_1_429' title='bbox 380 3327 453 3385; x_wconf 88' lang='lat' dir='ltr'>cives</span> <span class='ocrx_word' id='word_1_430' title='bbox 473 3343 576 3391; x_wconf 89' lang='lat' dir='ltr'>snmus,</span> <span class='ocrx_word' id='word_1_431' title='bbox 602 3325 713 3400; x_wconf 92' lang='lat' dir='ltr'>dignum</span> <span class='ocrx_word' id='word_1_432' title='bbox 731 3325 855 3399; x_wconf 86' lang='lat' dir='ltr'>prolecto</span> <span class='ocrx_word' id='word_1_433' title='bbox 877 3333 918 3382; x_wconf 87' lang='lat' dir='ltr'>cst</span> <span class='ocrx_word' id='word_1_434' title='bbox 933 3326 1014 3382; x_wconf 90' lang='lat' dir='ltr'>etiam</span> <span class='ocrx_word' id='word_1_435' title='bbox 1068 3325 1152 3392; x_wconf 87' lang='lat' dir='ltr'>enim,</span> <span class='ocrx_word' id='word_1_436' title='bbox 1179 3326 1284 3382; x_wconf 88' lang='lat' dir='ltr'>etiamsi</span> <span class='ocrx_word' id='word_1_437' title='bbox 1297 3327 1397 3400; x_wconf 88' lang='lat' dir='ltr'>linguis</span> <span class='ocrx_word' id='word_1_438' title='bbox 1419 3327 1556 3383; x_wconf 88' lang='lat' dir='ltr'>hominnm</span> <span class='ocrx_word' id='word_1_439' title='bbox 1578 3327 1793 3398; x_wconf 81' lang='lat' dir='ltr'>angelorumque</span> <span class='ocrx_word' id='word_1_440' title='bbox 1819 3326 1864 3382; x_wconf 92' lang='lat' dir='ltr'>lc-</span> 
     </span>
     <span class='ocr_line' id='line_1_34' title="bbox 212 3415 1864 3490; baseline -0.001 -18"><span class='ocrx_word' id='word_1_441' title='bbox 212 3417 241 3472; x_wconf 93' lang='lat' dir='ltr'>in</span> <span class='ocrx_word' id='word_1_442' title='bbox 265 3415 370 3484; x_wconf 90' lang='lat' dir='ltr'>exsilio,</span> <span class='ocrx_word' id='word_1_443' title='bbox 386 3416 468 3472; x_wconf 87' lang='lat' dir='ltr'>etiam</span> <span class='ocrx_word' id='word_1_444' title='bbox 494 3431 579 3488; x_wconf 90' lang='lat' dir='ltr'>super</span> <span class='ocrx_word' id='word_1_445' title='bbox 598 3415 710 3470; x_wconf 86' lang='lat' dir='ltr'>flumina</span> <span class='ocrx_word' id='word_1_446' title='bbox 728 3415 875 3486; x_wconf 81' lang='lat' dir='ltr'>Rabylonis</span> <span class='ocrx_word' id='word_1_447' title='bbox 890 3417 950 3485; x_wconf 87' lang='lat' dir='ltr'>ejus</span> <span class='ocrx_word' id='word_1_448' title='bbox 964 3430 1015 3471; x_wconf 89' lang='lat' dir='ltr'>nes</span> <span class='ocrx_word' id='word_1_449' title='bbox 1068 3421 1176 3487; x_wconf 89' lang='lat' dir='ltr'>quatur,</span> <span class='ocrx_word' id='word_1_450' title='bbox 1201 3415 1336 3486; x_wconf 90' lang='lat' dir='ltr'>explicare</span> <span class='ocrx_word' id='word_1_451' title='bbox 1360 3424 1444 3488; x_wconf 88' lang='lat' dir='ltr'>queat</span> <span class='ocrx_word' id='word_1_452' title='bbox 1476 3417 1705 3490; x_wconf 87' lang='lat' dir='ltr'>quemadmodum</span> <span class='ocrx_word' id='word_1_453' title='bbox 1731 3431 1864 3488; x_wconf 83' lang='lat' dir='ltr'>superse·</span> 
     </span>
     <span class='ocr_line' id='line_1_35' title="bbox 214 3503 1867 3578; baseline -0.001 -17"><span class='ocrx_word' id='word_1_454' title='bbox 214 3504 363 3572; x_wconf 87' lang='lat' dir='ltr'>recordari,</span> <span class='ocrx_word' id='word_1_455' title='bbox 389 3506 449 3575; x_wconf 85' lang='lat' dir='ltr'>ejns</span> <span class='ocrx_word' id='word_1_456' title='bbox 467 3503 668 3562; x_wconf 89' lang='lat' dir='ltr'>communicare</span> <span class='ocrx_word' id='word_1_457' title='bbox 686 3503 803 3576; x_wconf 87' lang='lat' dir='ltr'>gaudiis,</span> <span class='ocrx_word' id='word_1_458' title='bbox 820 3505 880 3575; x_wconf 89' lang='lat' dir='ltr'>ejus</span> <span class='ocrx_word' id='word_1_459' title='bbox 899 3504 1013 3575; x_wconf 78' lang='lat' dir='ltr'>partici—</span> <span class='ocrx_word' id='word_1_460' title='bbox 1068 3504 1161 3560; x_wconf 89' lang='lat' dir='ltr'>niente</span> <span class='ocrx_word' id='word_1_461' title='bbox 1189 3505 1299 3578; x_wconf 87' lang='lat' dir='ltr'>Spiritu,</span> <span class='ocrx_word' id='word_1_462' title='bbox 1322 3506 1501 3562; x_wconf 88' lang='lat' dir='ltr'>obumbrante</span> <span class='ocrx_word' id='word_1_463' title='bbox 1522 3506 1622 3563; x_wconf 85' lang='lat' dir='ltr'>virtute</span> <span class='ocrx_word' id='word_1_464' title='bbox 1647 3504 1787 3568; x_wconf 84' lang='lat' dir='ltr'>hltissimi,</span> <span class='ocrx_word' id='word_1_465' title='bbox 1801 3520 1867 3562; x_wconf 83' lang='lat' dir='ltr'>caro</span> 
     </span>
     <span class='ocr_line' id='line_1_36' title="bbox 213 3591 1867 3666; baseline 0.001 -18"><span class='ocrx_word' id='word_1_466' title='bbox 213 3610 279 3666; x_wconf 88' lang='lat' dir='ltr'>pare</span> <span class='ocrx_word' id='word_1_467' title='bbox 301 3592 433 3664; x_wconf 73' lang='lat' dir='ltr'>letitiam,</span> <span class='ocrx_word' id='word_1_468' title='bbox 460 3595 633 3666; x_wconf 88' lang='lat' dir='ltr'>maximeque</span> <span class='ocrx_word' id='word_1_469' title='bbox 655 3591 745 3650; x_wconf 73' lang='grc'>996</span> <span class='ocrx_word' id='word_1_470' title='bbox 768 3607 839 3660; x_wconf 88' lang='lat' dir='ltr'>cam,</span> <span class='ocrx_word' id='word_1_471' title='bbox 870 3609 931 3664; x_wconf 86' lang='lat' dir='ltr'>quae</span> <span class='ocrx_word' id='word_1_472' title='bbox 958 3601 1014 3648; x_wconf 88' lang='lat' dir='ltr'>tam</span> <span class='ocrx_word' id='word_1_473' title='bbox 1067 3591 1208 3649; x_wconf 80' lang='lat' dir='ltr'>iactnmsit</span> <span class='ocrx_word' id='word_1_474' title='bbox 1218 3594 1404 3660; x_wconf 86' lang='lat' dir='ltr'>VerbumDei,</span> <span class='ocrx_word' id='word_1_475' title='bbox 1418 3595 1549 3666; x_wconf 90' lang='lat' dir='ltr'>perqnod</span> <span class='ocrx_word' id='word_1_476' title='bbox 1561 3593 1704 3650; x_wconf 84' lang='lat' dir='ltr'>factasunt</span> <span class='ocrx_word' id='word_1_477' title='bbox 1714 3592 1823 3660; x_wconf 78' lang='lat' dir='ltr'>omnia3</span> <span class='ocrx_word' id='word_1_478' title='bbox 1838 3603 1867 3650; x_wconf 89' lang='lat' dir='ltr'>st</span> 
     </span>
     <span class='ocr_line' id='line_1_37' title="bbox 213 3681 1867 3755; baseline -0.001 -16"><span class='ocrx_word' id='word_1_479' title='bbox 213 3681 326 3754; x_wconf 87' lang='lat' dir='ltr'>copioso</span> <span class='ocrx_word' id='word_1_480' title='bbox 349 3682 453 3753; x_wconf 88' lang='lat' dir='ltr'>impetu</span> <span class='ocrx_word' id='word_1_481' title='bbox 480 3681 599 3740; x_wconf 85' lang='lat' dir='ltr'>laetificat</span> <span class='ocrx_word' id='word_1_482' title='bbox 627 3681 708 3738; x_wconf 91' lang='lat' dir='ltr'>hodie</span> <span class='ocrx_word' id='word_1_483' title='bbox 736 3681 872 3739; x_wconf 85' lang='lat' dir='ltr'>civitatem</span> <span class='ocrx_word' id='word_1_484' title='bbox 905 3681 966 3748; x_wconf 87' lang='lat' dir='ltr'>Dei,</span> <span class='ocrx_word' id='word_1_485' title='bbox 984 3690 1016 3738; x_wconf 93' lang='lat' dir='ltr'>nt</span> <span class='ocrx_word' id='word_1_486' title='bbox 1068 3682 1198 3739; x_wconf 88' lang='lat' dir='ltr'>Dominus</span> <span class='ocrx_word' id='word_1_487' title='bbox 1207 3683 1358 3754; x_wconf 89' lang='lat' dir='ltr'>majestatis</span> <span class='ocrx_word' id='word_1_488' title='bbox 1370 3699 1452 3755; x_wconf 84' lang='lat' dir='ltr'>quem</span> <span class='ocrx_word' id='word_1_489' title='bbox 1466 3698 1521 3740; x_wconf 93' lang='lat' dir='ltr'>non</span> <span class='ocrx_word' id='word_1_490' title='bbox 1535 3682 1607 3754; x_wconf 91' lang='lat' dir='ltr'>capit</span> <span class='ocrx_word' id='word_1_491' title='bbox 1619 3682 1782 3738; x_wconf 88' lang='lat' dir='ltr'>universitas</span> <span class='ocrx_word' id='word_1_492' title='bbox 1791 3697 1867 3738; x_wconf 89' lang='lat' dir='ltr'>crea·</span> 
     </span>
     <span class='ocr_line' id='line_1_38' title="bbox 213 3768 1867 3842; baseline -0.001 -16"><span class='ocrx_word' id='word_1_493' title='bbox 213 3771 364 3826; x_wconf 87' lang='lat' dir='ltr'>sentiamus</span> <span class='ocrx_word' id='word_1_494' title='bbox 385 3778 414 3827; x_wconf 91' lang='lat' dir='ltr'>et</span> <span class='ocrx_word' id='word_1_495' title='bbox 427 3771 477 3842; x_wconf 91' lang='lat' dir='ltr'>ipsi</span> <span class='ocrx_word' id='word_1_496' title='bbox 501 3770 637 3828; x_wconf 84' lang='lat' dir='ltr'>stillicidia</span> <span class='ocrx_word' id='word_1_497' title='bbox 657 3768 785 3827; x_wconf 88' lang='lat' dir='ltr'>stillantia</span> <span class='ocrx_word' id='word_1_498' title='bbox 800 3785 884 3842; x_wconf 88' lang='lat' dir='ltr'>super</span> <span class='ocrx_word' id='word_1_499' title='bbox 902 3779 1013 3826; x_wconf 82' lang='lat' dir='ltr'>terram</span> <span class='ocrx_word' id='word_1_500' title='bbox 1069 3776 1145 3837; x_wconf 86' lang='lat' dir='ltr'>turae,</span> <span class='ocrx_word' id='word_1_501' title='bbox 1156 3768 1867 3841; x_wconf 81' lang='lat' dir='ltr'>intrarirgineaseseclauseritvisceralactushomol</span> 
     </span>
     <span class='ocr_line' id='line_1_39' title="bbox 215 3857 1867 3935; baseline -0.001 -21"><span class='ocrx_word' id='word_1_502' title='bbox 215 3860 354 3916; x_wconf 82' lang='lat' dir='ltr'>Praeoessit</span> <span class='ocrx_word' id='word_1_503' title='bbox 369 3875 419 3916; x_wconf 93' lang='lat' dir='ltr'>nos</span> <span class='ocrx_word' id='word_1_504' title='bbox 433 3859 527 3935; x_wconf 84' lang='lat' dir='ltr'>regim</span> <span class='ocrx_word' id='word_1_505' title='bbox 541 3867 643 3920; x_wconf 85' lang='lat' dir='ltr'>nostra.</span> <span class='ocrx_word' id='word_1_506' title='bbox 668 3859 817 3930; x_wconf 75' lang='lat' dir='ltr'>precessit,</span> <span class='ocrx_word' id='word_1_507' title='bbox 834 3864 863 3915; x_wconf 89' lang='lat' dir='ltr'>et</span> <span class='ocrx_word' id='word_1_508' title='bbox 882 3868 937 3914; x_wconf 89' lang='lat' dir='ltr'>tam</span> <span class='ocrx_word' id='word_1_509' title='bbox 952 3859 1014 3931; x_wconf 87' lang='lat' dir='ltr'>glo·</span> <span class='ocrx_word' id='word_1_510' title='bbox 1104 3861 1131 3916; x_wconf 82' lang='lat' dir='ltr'>h.</span> <span class='ocrx_word' id='word_1_511' title='bbox 1145 3860 1200 3916; x_wconf 90' lang='lat' dir='ltr'>Sed</span> <span class='ocrx_word' id='word_1_512' title='bbox 1219 3868 1247 3916; x_wconf 90' lang='lat' dir='ltr'>et</span> <span class='ocrx_word' id='word_1_513' title='bbox 1265 3860 1330 3917; x_wconf 92' lang='lat' dir='ltr'>illud</span> <span class='ocrx_word' id='word_1_514' title='bbox 1347 3859 1409 3932; x_wconf 88' lang='lat' dir='ltr'>quis</span> <span class='ocrx_word' id='word_1_515' title='bbox 1431 3860 1475 3915; x_wconf 91' lang='lat' dir='ltr'>vel</span> <span class='ocrx_word' id='word_1_516' title='bbox 1498 3858 1620 3934; x_wconf 86' lang='lat' dir='ltr'>cogitare</span> <span class='ocrx_word' id='word_1_517' title='bbox 1642 3857 1767 3926; x_wconf 76' lang='lat' dir='ltr'>solidat,</span> <span class='ocrx_word' id='word_1_518' title='bbox 1784 3874 1867 3930; x_wconf 85' lang='lat' dir='ltr'>qnam</span> 
     </span>
     <span class='ocr_line' id='line_1_40' title="bbox 214 3945 1866 4022; baseline -0.002 -18"><span class='ocrx_word' id='word_1_519' title='bbox 214 3948 286 4005; x_wconf 89' lang='lat' dir='ltr'>riose</span> <span class='ocrx_word' id='word_1_520' title='bbox 304 3955 431 4021; x_wconf 86' lang='lat' dir='ltr'>suscepta</span> <span class='ocrx_word' id='word_1_521' title='bbox 445 3957 498 4014; x_wconf 90' lang='lat' dir='ltr'>est,</span> <span class='ocrx_word' id='word_1_522' title='bbox 513 3956 543 4004; x_wconf 89' lang='lat' dir='ltr'>nt</span> <span class='ocrx_word' id='word_1_523' title='bbox 563 3945 724 4004; x_wconf 87' lang='lat' dir='ltr'>fiducialiter</span> <span class='ocrx_word' id='word_1_524' title='bbox 737 3955 888 4020; x_wconf 88' lang='lat' dir='ltr'>sequantur</span> <span class='ocrx_word' id='word_1_525' title='bbox 917 3947 1014 4022; x_wconf 85' lang='lat' dir='ltr'>Domi·</span> <span class='ocrx_word' id='word_1_526' title='bbox 1068 3947 1187 4022; x_wconf 91' lang='lat' dir='ltr'>gloriosa</span> <span class='ocrx_word' id='word_1_527' title='bbox 1205 3948 1286 4004; x_wconf 91' lang='lat' dir='ltr'>hodie</span> <span class='ocrx_word' id='word_1_528' title='bbox 1308 3948 1400 4003; x_wconf 92' lang='lat' dir='ltr'>mundi</span> <span class='ocrx_word' id='word_1_529' title='bbox 1414 3947 1510 4022; x_wconf 81' lang='lat' dir='ltr'>regina</span> <span class='ocrx_word' id='word_1_530' title='bbox 1524 3947 1701 4019; x_wconf 90' lang='lat' dir='ltr'>processerit,</span> <span class='ocrx_word' id='word_1_531' title='bbox 1720 3955 1750 4002; x_wconf 88' lang='lat' dir='ltr'>et</span> <span class='ocrx_word' id='word_1_532' title='bbox 1762 3953 1866 4019; x_wconf 86' lang='lat' dir='ltr'>quanto</span> 
     </span>
     <span class='ocr_line' id='line_1_41' title="bbox 212 4034 1867 4111; baseline -0.001 -18"><span class='ocrx_word' id='word_1_533' title='bbox 212 4053 276 4093; x_wconf 87' lang='lat' dir='ltr'>narn</span> <span class='ocrx_word' id='word_1_534' title='bbox 285 4037 385 4096; x_wconf 87' lang='lat' dir='ltr'>servuli</span> <span class='ocrx_word' id='word_1_535' title='bbox 392 4037 554 4094; x_wconf 86' lang='lat' dir='ltr'>clamantes:</span> <span class='ocrx_word' id='word_1_536' title='bbox 567 4037 654 4095; x_wconf 80' lang='lat' dir='ltr'>Trohe</span> <span class='ocrx_word' id='word_1_537' title='bbox 664 4053 712 4096; x_wconf 79' lang='lat' dir='ltr'>aas</span> <span class='ocrx_word' id='word_1_538' title='bbox 721 4042 786 4111; x_wconf 84' lang='lat' dir='ltr'>post</span> <span class='ocrx_word' id='word_1_539' title='bbox 798 4039 884 4105; x_wconf 70' lang='lat' dir='ltr'>tc5tn</span> <span class='ocrx_word' id='word_1_540' title='bbox 902 4038 1015 4096; x_wconf 83' lang='lat' dir='ltr'>odorem</span> <span class='ocrx_word' id='word_1_541' title='bbox 1067 4037 1220 4093; x_wconf 89' lang='lat' dir='ltr'>devotionis</span> <span class='ocrx_word' id='word_1_542' title='bbox 1235 4036 1334 4093; x_wconf 85' lang='lat' dir='ltr'>allecta</span> <span class='ocrx_word' id='word_1_543' title='bbox 1351 4042 1408 4092; x_wconf 88' lang='lat' dir='ltr'>tota</span> <span class='ocrx_word' id='word_1_544' title='bbox 1422 4037 1451 4090; x_wconf 94' lang='lat' dir='ltr'>in</span> <span class='ocrx_word' id='word_1_545' title='bbox 1472 4037 1534 4105; x_wconf 85' lang='lat' dir='ltr'>ejns</span> <span class='ocrx_word' id='word_1_546' title='bbox 1549 4051 1691 4092; x_wconf 89' lang='lat' dir='ltr'>occursum</span> <span class='ocrx_word' id='word_1_547' title='bbox 1713 4034 1867 4093; x_wconf 75' lang='lat' dir='ltr'>caelestium</span> 
     </span>
     <span class='ocr_line' id='line_1_42' title="bbox 213 4123 1867 4201; baseline -0.002 -18"><span class='ocrx_word' id='word_1_548' title='bbox 213 4132 428 4201; x_wconf 78' lang='lat' dir='ltr'>unguentorum</span> <span class='ocrx_word' id='word_1_549' title='bbox 439 4132 555 4184; x_wconf 86' lang='lat' dir='ltr'>tocrom</span> <span class='ocrx_word' id='word_1_550' title='bbox 565 4141 712 4182; x_wconf 85' lang='lat' dir='ltr'>ccrrcmoa</span> <span class='ocrx_word' id='word_1_551' title='bbox 724 4127 820 4194; x_wconf 84' lang='lat' dir='ltr'>(Cant.</span> <span class='ocrx_word' id='word_1_552' title='bbox 833 4140 854 4190; x_wconf 91' lang='lat' dir='ltr'>r,</span> <span class='ocrx_word' id='word_1_553' title='bbox 869 4123 908 4197; x_wconf 80' lang='lat'>3).</span> <span class='ocrx_word' id='word_1_554' title='bbox 925 4125 1014 4182; x_wconf 81' lang='lat' dir='ltr'>hdvo-</span> <span class='ocrx_word' id='word_1_555' title='bbox 1068 4125 1203 4198; x_wconf 83' lang='lat' dir='ltr'>legionum</span> <span class='ocrx_word' id='word_1_556' title='bbox 1226 4125 1359 4197; x_wconf 89' lang='lat' dir='ltr'>prodierit</span> <span class='ocrx_word' id='word_1_557' title='bbox 1377 4125 1540 4196; x_wconf 82' lang='lat' dir='ltr'>multitudo;</span> <span class='ocrx_word' id='word_1_558' title='bbox 1561 4126 1660 4197; x_wconf 89' lang='lat' dir='ltr'>quihus</span> <span class='ocrx_word' id='word_1_559' title='bbox 1684 4125 1719 4180; x_wconf 89' lang='lat' dir='ltr'>ad</span> <span class='ocrx_word' id='word_1_560' title='bbox 1739 4126 1867 4182; x_wconf 91' lang='lat' dir='ltr'>thronurn</span> 
     </span>
     <span class='ocr_line' id='line_1_43' title="bbox 213 4212 1864 4289; baseline -0.002 -17"><span class='ocrx_word' id='word_1_561' title='bbox 213 4223 301 4272; x_wconf 87' lang='lat' dir='ltr'>catam</span> <span class='ocrx_word' id='word_1_562' title='bbox 329 4215 459 4286; x_wconf 85' lang='lat' dir='ltr'>praemisit</span> <span class='ocrx_word' id='word_1_563' title='bbox 482 4213 667 4289; x_wconf 85' lang='lat' dir='ltr'>peregrinatio</span> <span class='ocrx_word' id='word_1_564' title='bbox 690 4221 793 4280; x_wconf 87' lang='lat' dir='ltr'>nostra,</span> <span class='ocrx_word' id='word_1_565' title='bbox 810 4229 871 4285; x_wconf 82' lang='lat' dir='ltr'>qnae</span> <span class='ocrx_word' id='word_1_566' title='bbox 885 4221 1014 4288; x_wconf 89' lang='lat' dir='ltr'>tanquam</span> <span class='ocrx_word' id='word_1_567' title='bbox 1068 4213 1162 4287; x_wconf 87' lang='lat' dir='ltr'>gloriae</span> <span class='ocrx_word' id='word_1_568' title='bbox 1190 4213 1301 4271; x_wconf 87' lang='lat' dir='ltr'>canticis</span> <span class='ocrx_word' id='word_1_569' title='bbox 1324 4213 1358 4268; x_wconf 92' lang='lat' dir='ltr'>sit</span> <span class='ocrx_word' id='word_1_570' title='bbox 1380 4214 1515 4280; x_wconf 87' lang='lat' dir='ltr'>deducts;</span> <span class='ocrx_word' id='word_1_571' title='bbox 1536 4229 1618 4286; x_wconf 90' lang='lat' dir='ltr'>quam</span> <span class='ocrx_word' id='word_1_572' title='bbox 1642 4212 1748 4284; x_wconf 91' lang='lat' dir='ltr'>placido</span> <span class='ocrx_word' id='word_1_573' title='bbox 1778 4213 1864 4280; x_wconf 82' lang='lat' dir='ltr'>vultu,</span> 
     </span>
     <span class='ocr_line' id='line_1_44' title="bbox 212 4300 1866 4376; baseline -0.001 -17"><span class='ocrx_word' id='word_1_574' title='bbox 212 4303 315 4360; x_wconf 80' lang='lat' dir='ltr'>iudicis</span> <span class='ocrx_word' id='word_1_575' title='bbox 333 4308 429 4368; x_wconf 88' lang='lat' dir='ltr'>mater,</span> <span class='ocrx_word' id='word_1_576' title='bbox 446 4310 474 4359; x_wconf 90' lang='lat' dir='ltr'>et</span> <span class='ocrx_word' id='word_1_577' title='bbox 487 4309 575 4358; x_wconf 90' lang='lat' dir='ltr'>mater</span> <span class='ocrx_word' id='word_1_578' title='bbox 589 4302 791 4366; x_wconf 83' lang='lat' dir='ltr'>misericordiae,</span> <span class='ocrx_word' id='word_1_579' title='bbox 811 4301 967 4373; x_wconf 87' lang='lat' dir='ltr'>suppliciter</span> <span class='ocrx_word' id='word_1_580' title='bbox 986 4311 1014 4360; x_wconf 93' lang='lat' dir='ltr'>et</span> <span class='ocrx_word' id='word_1_581' title='bbox 1068 4319 1149 4374; x_wconf 92' lang='lat' dir='ltr'>quam</span> <span class='ocrx_word' id='word_1_582' title='bbox 1165 4317 1263 4360; x_wconf 89' lang='lat' dir='ltr'>serena</span> <span class='ocrx_word' id='word_1_583' title='bbox 1286 4300 1365 4369; x_wconf 82' lang='lat' dir='ltr'>facie,</span> <span class='ocrx_word' id='word_1_584' title='bbox 1391 4317 1471 4375; x_wconf 90' lang='lat' dir='ltr'>qnam</span> <span class='ocrx_word' id='word_1_585' title='bbox 1488 4302 1558 4358; x_wconf 83' lang='lat' dir='ltr'>laetis</span> <span class='ocrx_word' id='word_1_586' title='bbox 1572 4302 1665 4376; x_wconf 60' lang='lat' dir='ltr'>[ottae</span> <span class='ocrx_word' id='word_1_587' title='bbox 1680 4301 1788 4375; x_wconf 88' lang='lat' dir='ltr'>divinis]</span> <span class='ocrx_word' id='word_1_588' title='bbox 1805 4317 1866 4357; x_wconf 90' lang='lat' dir='ltr'>arn·</span> 
     </span>
     <span class='ocr_line' id='line_1_45' title="bbox 213 4389 1868 4501; baseline -0.002 -52"><span class='ocrx_word' id='word_1_589' title='bbox 213 4391 362 4449; x_wconf 80' lang='lat' dir='ltr'>efficaciter</span> <span class='ocrx_word' id='word_1_590' title='bbox 369 4391 464 4448; x_wconf 88' lang='lat' dir='ltr'>salutis</span> <span class='ocrx_word' id='word_1_591' title='bbox 478 4398 578 4448; x_wconf 89' lang='lat' dir='ltr'>nostrae</span> <span class='ocrx_word' id='word_1_592' title='bbox 598 4391 707 4463; x_wconf 87' lang='lat' dir='ltr'>negotiu</span> <span class='ocrx_word' id='word_1_593' title='bbox 718 4390 903 4462; x_wconf 85' lang='lat' dir='ltr'>pertractabit.</span> <span class='ocrx_word' id='word_1_594' title='bbox 1028 4421 1050 4501; x_wconf 70' lang='lat' dir='ltr'>n</span> <span class='ocrx_word' id='word_1_595' title='bbox 1067 4392 1192 4464; x_wconf 88' lang='lat' dir='ltr'>plexibus</span> <span class='ocrx_word' id='word_1_596' title='bbox 1207 4399 1333 4462; x_wconf 86' lang='lat' dir='ltr'>suscepta</span> <span class='ocrx_word' id='word_1_597' title='bbox 1346 4405 1363 4444; x_wconf 88' lang='lat' dir='ltr'>a</span> <span class='ocrx_word' id='word_1_598' title='bbox 1377 4391 1454 4462; x_wconf 87' lang='lat' dir='ltr'>Filio,</span> <span class='ocrx_word' id='word_1_599' title='bbox 1479 4398 1508 4447; x_wconf 90' lang='lat' dir='ltr'>et</span> <span class='ocrx_word' id='word_1_600' title='bbox 1526 4407 1609 4464; x_wconf 88' lang='lat' dir='ltr'>snper</span> <span class='ocrx_word' id='word_1_601' title='bbox 1621 4406 1729 4447; x_wconf 91' lang='lat' dir='ltr'>omnem</span> <span class='ocrx_word' id='word_1_602' title='bbox 1749 4389 1868 4446; x_wconf 66' lang='lat' dir='ltr'>exalnta</span> 
     </span>
    </p>

    <p class='ocr_par' dir='ltr' id='par_1_8' title="bbox 209 4480 1909 5722">
     <span class='ocr_line' id='line_1_46' title="bbox 249 4480 1868 4554; baseline -0.001 -18"><span class='ocrx_word' id='word_1_603' title='bbox 249 4483 277 4536; x_wconf 78' lang='lat'>2.</span> <span class='ocrx_word' id='word_1_604' title='bbox 292 4480 442 4538; x_wconf 85' lang='lat' dir='ltr'>Pretiosnm</span> <span class='ocrx_word' id='word_1_605' title='bbox 457 4480 539 4538; x_wconf 91' lang='lat' dir='ltr'>hodie</span> <span class='ocrx_word' id='word_1_606' title='bbox 554 4496 653 4535; x_wconf 89' lang='lat' dir='ltr'>munus</span> <span class='ocrx_word' id='word_1_607' title='bbox 673 4490 745 4536; x_wconf 89' lang='lat' dir='ltr'>terra</span> <span class='ocrx_word' id='word_1_608' title='bbox 758 4486 851 4535; x_wconf 89' lang='lat' dir='ltr'>nostra</span> <span class='ocrx_word' id='word_1_609' title='bbox 865 4481 965 4536; x_wconf 90' lang='lat' dir='ltr'>direxit</span> <span class='ocrx_word' id='word_1_610' title='bbox 984 4481 1011 4537; x_wconf 90' lang='lat' dir='ltr'>iu</span> <span class='ocrx_word' id='word_1_611' title='bbox 1067 4487 1229 4550; x_wconf 88' lang='lat' dir='ltr'>creaturam,</span> <span class='ocrx_word' id='word_1_612' title='bbox 1250 4495 1311 4536; x_wconf 91' lang='lat' dir='ltr'>cum</span> <span class='ocrx_word' id='word_1_613' title='bbox 1331 4494 1365 4536; x_wconf 90' lang='lat' dir='ltr'>eo</span> <span class='ocrx_word' id='word_1_614' title='bbox 1384 4481 1499 4546; x_wconf 89' lang='lat' dir='ltr'>honore,</span> <span class='ocrx_word' id='word_1_615' title='bbox 1521 4494 1576 4553; x_wconf 90' lang='lat' dir='ltr'>qno</span> <span class='ocrx_word' id='word_1_616' title='bbox 1596 4487 1669 4536; x_wconf 76' lang='lat' dir='ltr'>muta</span> <span class='ocrx_word' id='word_1_617' title='bbox 1683 4487 1770 4536; x_wconf 89' lang='lat' dir='ltr'>mater</span> <span class='ocrx_word' id='word_1_618' title='bbox 1784 4480 1868 4554; x_wconf 87' lang='lat' dir='ltr'>digna</span> 
     </span>
     <span class='ocr_line' id='line_1_47' title="bbox 213 4567 1909 4644; baseline -0.001 -19"><span class='ocrx_word' id='word_1_619' title='bbox 213 4569 322 4640; x_wconf 90' lang='lat' dir='ltr'>coelnm,</span> <span class='ocrx_word' id='word_1_620' title='bbox 345 4576 376 4626; x_wconf 92' lang='lat' dir='ltr'>nt</span> <span class='ocrx_word' id='word_1_621' title='bbox 389 4568 480 4626; x_wconf 90' lang='lat' dir='ltr'>dando</span> <span class='ocrx_word' id='word_1_622' title='bbox 504 4577 532 4624; x_wconf 91' lang='lat' dir='ltr'>ct</span> <span class='ocrx_word' id='word_1_623' title='bbox 563 4567 722 4639; x_wconf 87' lang='lat' dir='ltr'>accipiendo</span> <span class='ocrx_word' id='word_1_624' title='bbox 742 4567 811 4624; x_wconf 85' lang='lat' dir='ltr'>latici</span> <span class='ocrx_word' id='word_1_625' title='bbox 833 4569 1011 4626; x_wconf 90' lang='lat' dir='ltr'>amicitiarum</span> <span class='ocrx_word' id='word_1_626' title='bbox 1066 4570 1125 4632; x_wconf 84' lang='lat' dir='ltr'>luit,</span> <span class='ocrx_word' id='word_1_627' title='bbox 1149 4585 1210 4626; x_wconf 89' lang='lat' dir='ltr'>corn</span> <span class='ocrx_word' id='word_1_628' title='bbox 1232 4584 1265 4625; x_wconf 91' lang='lat' dir='ltr'>ea</span> <span class='ocrx_word' id='word_1_629' title='bbox 1285 4568 1383 4644; x_wconf 86' lang='lat' dir='ltr'>gloria,</span> <span class='ocrx_word' id='word_1_630' title='bbox 1411 4585 1473 4641; x_wconf 81' lang='lat' dir='ltr'>qnae</span> <span class='ocrx_word' id='word_1_631' title='bbox 1497 4576 1602 4624; x_wconf 87' lang='lat' dir='ltr'>tantum</span> <span class='ocrx_word' id='word_1_632' title='bbox 1624 4569 1715 4626; x_wconf 90' lang='lat' dir='ltr'>decnit</span> <span class='ocrx_word' id='word_1_633' title='bbox 1742 4567 1864 4644; x_wconf 74' lang='lat' dir='ltr'>Filium?</span> <span class='ocrx_word' id='word_1_634' title='bbox 1903 4611 1909 4616; x_wconf 88' lang='lat'><em>.</em></span> 
     </span>
     <span class='ocr_line' id='line_1_48' title="bbox 212 4655 1867 4730; baseline -0.001 -17"><span class='ocrx_word' id='word_1_635' title='bbox 212 4657 317 4716; x_wconf 75' lang='lat' dir='ltr'>tedere</span> <span class='ocrx_word' id='word_1_636' title='bbox 337 4657 498 4730; x_wconf 88' lang='lat' dir='ltr'>copulentur</span> <span class='ocrx_word' id='word_1_637' title='bbox 511 4657 630 4714; x_wconf 89' lang='lat' dir='ltr'>humana</span> <span class='ocrx_word' id='word_1_638' title='bbox 648 4655 754 4722; x_wconf 80' lang='lat' dir='ltr'>divinis,</span> <span class='ocrx_word' id='word_1_639' title='bbox 769 4662 880 4714; x_wconf 88' lang='lat' dir='ltr'>terrena</span> <span class='ocrx_word' id='word_1_640' title='bbox 892 4658 1011 4715; x_wconf 88' lang='lat' dir='ltr'>coelesti·</span> <span class='ocrx_word' id='word_1_641' title='bbox 1065 4659 1164 4716; x_wconf 83' lang='lat' dir='ltr'>Felicia</span> <span class='ocrx_word' id='word_1_642' title='bbox 1184 4671 1297 4729; x_wconf 88' lang='lat' dir='ltr'>prorsus</span> <span class='ocrx_word' id='word_1_643' title='bbox 1311 4657 1404 4714; x_wconf 86' lang='lat' dir='ltr'>oscula</span> <span class='ocrx_word' id='word_1_644' title='bbox 1423 4657 1499 4713; x_wconf 88' lang='lat' dir='ltr'>labiis</span> <span class='ocrx_word' id='word_1_645' title='bbox 1521 4657 1657 4729; x_wconf 90' lang='lat' dir='ltr'>impressa</span> <span class='ocrx_word' id='word_1_646' title='bbox 1675 4656 1867 4720; x_wconf 86' lang='lat' dir='ltr'>lactentis,eni</span> 
     </span>
     <span class='ocr_line' id='line_1_49' title="bbox 214 4745 1866 4821; baseline -0.001 -21"><span class='ocrx_word' id='word_1_647' title='bbox 214 4747 275 4818; x_wconf 62' lang='lat' dir='ltr'>We</span> <span class='ocrx_word' id='word_1_648' title='bbox 294 4746 349 4802; x_wconf 90' lang='lat' dir='ltr'>ima</span> <span class='ocrx_word' id='word_1_649' title='bbox 370 4747 494 4805; x_wconf 90' lang='lat' dir='ltr'>summis.</span> <span class='ocrx_word' id='word_1_650' title='bbox 521 4746 569 4802; x_wconf 90' lang='lat' dir='ltr'>Illo</span> <span class='ocrx_word' id='word_1_651' title='bbox 588 4745 661 4802; x_wconf 90' lang='lat' dir='ltr'>enirn</span> <span class='ocrx_word' id='word_1_652' title='bbox 677 4745 799 4804; x_wconf 88' lang='lat' dir='ltr'>ascendit</span> <span class='ocrx_word' id='word_1_653' title='bbox 814 4745 917 4804; x_wconf 83' lang='lat' dir='ltr'>fructus</span> <span class='ocrx_word' id='word_1_654' title='bbox 932 4753 1011 4806; x_wconf 89' lang='lat' dir='ltr'>terrae</span> <span class='ocrx_word' id='word_1_655' title='bbox 1065 4748 1189 4821; x_wconf 89' lang='lat' dir='ltr'>virgineo</span> <span class='ocrx_word' id='word_1_656' title='bbox 1203 4755 1292 4802; x_wconf 89' lang='lat' dir='ltr'>mater</span> <span class='ocrx_word' id='word_1_657' title='bbox 1303 4745 1484 4817; x_wconf 88' lang='lat' dir='ltr'>applaudebat</span> <span class='ocrx_word' id='word_1_658' title='bbox 1495 4747 1523 4802; x_wconf 93' lang='lat' dir='ltr'>in</span> <span class='ocrx_word' id='word_1_659' title='bbox 1544 4745 1661 4819; x_wconf 64' lang='lat' dir='ltr'>mensio.</span> <span class='ocrx_word' id='word_1_660' title='bbox 1676 4747 1777 4802; x_wconf 85' lang='lat' dir='ltr'>Verum</span> <span class='ocrx_word' id='word_1_661' title='bbox 1796 4760 1866 4800; x_wconf 89' lang='lat' dir='ltr'>uun-</span> 
     </span>
     <span class='ocr_line' id='line_1_50' title="bbox 214 4831 1867 4908; baseline -0.002 -17"><span class='ocrx_word' id='word_1_662' title='bbox 214 4834 345 4902; x_wconf 87' lang='lat' dir='ltr'>sahlimis,</span> <span class='ocrx_word' id='word_1_663' title='bbox 370 4837 444 4892; x_wconf 92' lang='lat' dir='ltr'>nude</span> <span class='ocrx_word' id='word_1_664' title='bbox 467 4835 531 4890; x_wconf 87' lang='lat' dir='ltr'>data</span> <span class='ocrx_word' id='word_1_665' title='bbox 550 4834 662 4906; x_wconf 92' lang='lat' dir='ltr'>optima,</span> <span class='ocrx_word' id='word_1_666' title='bbox 688 4841 717 4890; x_wconf 88' lang='lat' dir='ltr'>et</span> <span class='ocrx_word' id='word_1_667' title='bbox 735 4835 805 4892; x_wconf 88' lang='lat' dir='ltr'>dona</span> <span class='ocrx_word' id='word_1_668' title='bbox 824 4837 946 4906; x_wconf 82' lang='lat' dir='ltr'>perlecta</span> <span class='ocrx_word' id='word_1_669' title='bbox 958 4836 1011 4892; x_wconf 91' lang='lat' dir='ltr'>de·</span> <span class='ocrx_word' id='word_1_670' title='bbox 1066 4835 1132 4908; x_wconf 92' lang='lat' dir='ltr'>qnid</span> <span class='ocrx_word' id='word_1_671' title='bbox 1146 4851 1201 4890; x_wconf 92' lang='lat' dir='ltr'>non</span> <span class='ocrx_word' id='word_1_672' title='bbox 1220 4834 1343 4890; x_wconf 88' lang='lat' dir='ltr'>lelicicra</span> <span class='ocrx_word' id='word_1_673' title='bbox 1357 4835 1541 4900; x_wconf 84' lang='lat' dir='ltr'>censebimus,</span> <span class='ocrx_word' id='word_1_674' title='bbox 1557 4850 1618 4908; x_wconf 85' lang='lat' dir='ltr'>qnae</span> <span class='ocrx_word' id='word_1_675' title='bbox 1632 4836 1667 4889; x_wconf 90' lang='lat' dir='ltr'>ab</span> <span class='ocrx_word' id='word_1_676' title='bbox 1681 4849 1730 4889; x_wconf 88' lang='lat' dir='ltr'>ore</span> <span class='ocrx_word' id='word_1_677' title='bbox 1743 4831 1867 4890; x_wconf 87' lang='lat' dir='ltr'>sedentis</span> 
     </span>
     <span class='ocr_line' id='line_1_51' title="bbox 212 4921 1865 5000; baseline -0.003 -20"><span class='ocrx_word' id='word_1_678' title='bbox 212 4923 358 4983; x_wconf 82' lang='lat' dir='ltr'>scendunt.</span> <span class='ocrx_word' id='word_1_679' title='bbox 385 4924 544 4981; x_wconf 70' lang='lat' dir='ltr'>ascendens</span> <span class='ocrx_word' id='word_1_680' title='bbox 569 4939 637 4998; x_wconf 89' lang='lat' dir='ltr'>ergo</span> <span class='ocrx_word' id='word_1_681' title='bbox 664 4923 691 4979; x_wconf 93' lang='lat' dir='ltr'>in</span> <span class='ocrx_word' id='word_1_682' title='bbox 718 4925 802 4980; x_wconf 90' lang='lat' dir='ltr'>altum</span> <span class='ocrx_word' id='word_1_683' title='bbox 824 4925 902 5000; x_wconf 87' lang='lat' dir='ltr'>virgo</span> <span class='ocrx_word' id='word_1_684' title='bbox 921 4925 1010 4996; x_wconf 87' lang='lat' dir='ltr'>beata,</span> <span class='ocrx_word' id='word_1_685' title='bbox 1066 4925 1095 4981; x_wconf 92' lang='lat' dir='ltr'>in</span> <span class='ocrx_word' id='word_1_686' title='bbox 1108 4927 1220 4981; x_wconf 88' lang='lat' dir='ltr'>dextera</span> <span class='ocrx_word' id='word_1_687' title='bbox 1233 4923 1320 4978; x_wconf 89' lang='lat' dir='ltr'>Patris</span> <span class='ocrx_word' id='word_1_688' title='bbox 1329 4923 1411 4980; x_wconf 91' lang='lat' dir='ltr'>hodie</span> <span class='ocrx_word' id='word_1_689' title='bbox 1426 4925 1453 4978; x_wconf 93' lang='lat' dir='ltr'>in</span> <span class='ocrx_word' id='word_1_690' title='bbox 1464 4924 1544 4981; x_wconf 91' lang='lat' dir='ltr'>beata</span> <span class='ocrx_word' id='word_1_691' title='bbox 1558 4923 1723 4980; x_wconf 87' lang='lat' dir='ltr'>salutatione</span> <span class='ocrx_word' id='word_1_692' title='bbox 1733 4921 1865 4992; x_wconf 87' lang='lat' dir='ltr'>suscepit,</span> 
     </span>
     <span class='ocr_line' id='line_1_52' title="bbox 212 5009 1866 5086; baseline -0.003 -19"><span class='ocrx_word' id='word_1_693' title='bbox 212 5011 288 5068; x_wconf 89' lang='lat' dir='ltr'>dabit</span> <span class='ocrx_word' id='word_1_694' title='bbox 311 5013 371 5084; x_wconf 85' lang='lat' dir='ltr'>ipsa</span> <span class='ocrx_word' id='word_1_695' title='bbox 393 5028 501 5086; x_wconf 88' lang='lat' dir='ltr'>quoqne</span> <span class='ocrx_word' id='word_1_696' title='bbox 523 5015 595 5069; x_wconf 90' lang='lat' dir='ltr'>dona</span> <span class='ocrx_word' id='word_1_697' title='bbox 613 5012 777 5070; x_wconf 91' lang='lat' dir='ltr'>hominibus.</span> <span class='ocrx_word' id='word_1_698' title='bbox 793 5011 892 5084; x_wconf 88' lang='lat' dir='ltr'>Quidni</span> <span class='ocrx_word' id='word_1_699' title='bbox 910 5014 1011 5070; x_wconf 82' lang='lat' dir='ltr'>daretl</span> <span class='ocrx_word' id='word_1_700' title='bbox 1067 5031 1127 5072; x_wconf 92' lang='lat' dir='ltr'>cum</span> <span class='ocrx_word' id='word_1_701' title='bbox 1149 5011 1311 5068; x_wconf 89' lang='lat' dir='ltr'>ascenderet</span> <span class='ocrx_word' id='word_1_702' title='bbox 1334 5010 1367 5064; x_wconf 92' lang='lat' dir='ltr'>ad</span> <span class='ocrx_word' id='word_1_703' title='bbox 1387 5012 1513 5066; x_wconf 89' lang='lat' dir='ltr'>thronum</span> <span class='ocrx_word' id='word_1_704' title='bbox 1536 5010 1640 5084; x_wconf 86' lang='lat' dir='ltr'>gloriae,</span> <span class='ocrx_word' id='word_1_705' title='bbox 1660 5009 1866 5082; x_wconf 89' lang='lat' dir='ltr'>epithalamium</span> 
     </span>
     <span class='ocr_line' id='line_1_53' title="bbox 211 5097 1869 5174; baseline -0.003 -16"><span class='ocrx_word' id='word_1_706' title='bbox 211 5101 349 5173; x_wconf 87' lang='lat' dir='ltr'>Siquidem</span> <span class='ocrx_word' id='word_1_707' title='bbox 364 5117 416 5158; x_wconf 90' lang='lat' dir='ltr'>nec</span> <span class='ocrx_word' id='word_1_708' title='bbox 430 5101 1011 5174; x_wconf 84' lang='lat' dir='ltr'>lacultsseideessepoterit,necroluntas.</span> <span class='ocrx_word' id='word_1_709' title='bbox 1066 5117 1178 5170; x_wconf 90' lang='lat' dir='ltr'>canens,</span> <span class='ocrx_word' id='word_1_710' title='bbox 1194 5105 1221 5156; x_wconf 92' lang='lat' dir='ltr'>et</span> <span class='ocrx_word' id='word_1_711' title='bbox 1234 5099 1346 5155; x_wconf 89' lang='lat' dir='ltr'>dicens:</span> <span class='ocrx_word' id='word_1_712' title='bbox 1364 5101 1511 5156; x_wconf 82' lang='lat' dir='ltr'>Oscoletor</span> <span class='ocrx_word' id='word_1_713' title='bbox 1536 5117 1581 5158; x_wconf 88' lang='lat' dir='ltr'>me</span> <span class='ocrx_word' id='word_1_714' title='bbox 1603 5102 1698 5158; x_wconf 86' lang='lat' dir='ltr'>ascolo</span> <span class='ocrx_word' id='word_1_715' title='bbox 1719 5100 1778 5156; x_wconf 81' lang='lat' dir='ltr'>orte</span> <span class='ocrx_word' id='word_1_716' title='bbox 1796 5097 1869 5154; x_wconf 76' lang='lat' dir='ltr'>sati?</span> 
     </span>
     <span class='ocr_line' id='line_1_54' title="bbox 211 5187 1867 5264; baseline -0.002 -17"><span class='ocrx_word' id='word_1_717' title='bbox 211 5191 318 5264; x_wconf 87' lang='lat' dir='ltr'>lleglna</span> <span class='ocrx_word' id='word_1_718' title='bbox 329 5191 461 5250; x_wconf 86' lang='lat' dir='ltr'>coelornm</span> <span class='ocrx_word' id='word_1_719' title='bbox 485 5200 538 5258; x_wconf 91' lang='lat' dir='ltr'>est,</span> <span class='ocrx_word' id='word_1_720' title='bbox 552 5191 708 5250; x_wconf 89' lang='lat' dir='ltr'>misericors</span> <span class='ocrx_word' id='word_1_721' title='bbox 730 5199 789 5258; x_wconf 80' lang='lat' dir='ltr'>est3</span> <span class='ocrx_word' id='word_1_722' title='bbox 810 5190 930 5261; x_wconf 88' lang='lat' dir='ltr'>deniqne</span> <span class='ocrx_word' id='word_1_723' title='bbox 952 5205 1012 5245; x_wconf 92' lang='lat' dir='ltr'>ma·</span> <span class='ocrx_word' id='word_1_724' title='bbox 1068 5192 1164 5262; x_wconf 82' lang='lat' dir='ltr'>(Cant.</span> <span class='ocrx_word' id='word_1_725' title='bbox 1179 5205 1199 5253; x_wconf 88' lang='lat' dir='ltr'>r,</span> <span class='ocrx_word' id='word_1_726' title='bbox 1215 5190 1257 5258; x_wconf 72' lang='lat' dir='ltr'>l.)</span> <span class='ocrx_word' id='word_1_727' title='bbox 1270 5187 1370 5243; x_wconf 88' lang='lat' dir='ltr'>Christi</span> <span class='ocrx_word' id='word_1_728' title='bbox 1384 5189 1602 5259; x_wconf 84' lang='lat' dir='ltr'>generationem,</span> <span class='ocrx_word' id='word_1_729' title='bbox 1617 5195 1646 5246; x_wconf 89' lang='lat' dir='ltr'>et</span> <span class='ocrx_word' id='word_1_730' title='bbox 1660 5187 1752 5244; x_wconf 82' lang='lat' dir='ltr'>tlariae</span> <span class='ocrx_word' id='word_1_731' title='bbox 1764 5203 1867 5244; x_wconf 69' lang='lat' dir='ltr'>meum</span> 
     </span>
     <span class='ocr_line' id='line_1_55' title="bbox 212 5275 1867 5355; baseline -0.005 -17"><span class='ocrx_word' id='word_1_732' title='bbox 212 5287 254 5338; x_wconf 91' lang='lat' dir='ltr'>ter</span> <span class='ocrx_word' id='word_1_733' title='bbox 275 5287 318 5338; x_wconf 87' lang='lat' dir='ltr'>est</span> <span class='ocrx_word' id='word_1_734' title='bbox 353 5281 475 5355; x_wconf 87' lang='lat' dir='ltr'>unigenti</span> <span class='ocrx_word' id='word_1_735' title='bbox 511 5281 570 5338; x_wconf 84' lang='lat' dir='ltr'>Filii</span> <span class='ocrx_word' id='word_1_736' title='bbox 590 5281 651 5338; x_wconf 87' lang='lat' dir='ltr'>Dei.</span> <span class='ocrx_word' id='word_1_737' title='bbox 676 5279 748 5337; x_wconf 89' lang='lat' dir='ltr'>Nihil</span> <span class='ocrx_word' id='word_1_738' title='bbox 772 5278 845 5337; x_wconf 91' lang='lat' dir='ltr'>enim</span> <span class='ocrx_word' id='word_1_739' title='bbox 868 5278 907 5334; x_wconf 90' lang='lat' dir='ltr'>sic</span> <span class='ocrx_word' id='word_1_740' title='bbox 922 5286 1014 5350; x_wconf 86' lang='lat' dir='ltr'>potest</span> <span class='ocrx_word' id='word_1_741' title='bbox 1067 5278 1187 5351; x_wconf 88' lang='lat' dir='ltr'>ptionem</span> <span class='ocrx_word' id='word_1_742' title='bbox 1206 5276 1267 5349; x_wconf 86' lang='lat' dir='ltr'>quis</span> <span class='ocrx_word' id='word_1_743' title='bbox 1290 5275 1455 5332; x_wconf 74' lang='lat' dir='ltr'>enarrabit?</span> <span class='ocrx_word' id='word_1_744' title='bbox 1478 5275 1613 5344; x_wconf 82' lang='lat' dir='ltr'>Quantum</span> <span class='ocrx_word' id='word_1_745' title='bbox 1632 5277 1706 5333; x_wconf 91' lang='lat' dir='ltr'>enim</span> <span class='ocrx_word' id='word_1_746' title='bbox 1728 5276 1824 5350; x_wconf 76' lang='lat' dir='ltr'>gratie</span> <span class='ocrx_word' id='word_1_747' title='bbox 1837 5275 1867 5331; x_wconf 88' lang='lat' dir='ltr'>in</span> 
     </span>
     <span class='ocr_line' id='line_1_56' title="bbox 211 5364 1866 5444; baseline -0.005 -17"><span class='ocrx_word' id='word_1_748' title='bbox 211 5369 354 5442; x_wconf 86' lang='lat' dir='ltr'>potestatis</span> <span class='ocrx_word' id='word_1_749' title='bbox 376 5372 437 5442; x_wconf 86' lang='lat' dir='ltr'>ejus</span> <span class='ocrx_word' id='word_1_750' title='bbox 452 5387 500 5429; x_wconf 88' lang='lat' dir='ltr'>sen</span> <span class='ocrx_word' id='word_1_751' title='bbox 514 5371 622 5442; x_wconf 88' lang='lat' dir='ltr'>pietatis</span> <span class='ocrx_word' id='word_1_752' title='bbox 645 5367 860 5444; x_wconf 83' lang='lat' dir='ltr'>magnitudinem</span> <span class='ocrx_word' id='word_1_753' title='bbox 874 5383 1014 5425; x_wconf 89' lang='lat' dir='ltr'>commen·</span> <span class='ocrx_word' id='word_1_754' title='bbox 1068 5367 1148 5424; x_wconf 90' lang='lat' dir='ltr'>terris</span> <span class='ocrx_word' id='word_1_755' title='bbox 1172 5367 1272 5437; x_wconf 89' lang='lat' dir='ltr'>adapta</span> <span class='ocrx_word' id='word_1_756' title='bbox 1296 5371 1337 5422; x_wconf 90' lang='lat' dir='ltr'>est</span> <span class='ocrx_word' id='word_1_757' title='bbox 1352 5381 1409 5435; x_wconf 81' lang='lat' dir='ltr'>prae</span> <span class='ocrx_word' id='word_1_758' title='bbox 1432 5365 1548 5437; x_wconf 79' lang='lat' dir='ltr'>catena,</span> <span class='ocrx_word' id='word_1_759' title='bbox 1569 5373 1672 5422; x_wconf 69' lang='lat' dir='ltr'>nutum</span> <span class='ocrx_word' id='word_1_760' title='bbox 1687 5375 1716 5423; x_wconf 90' lang='lat' dir='ltr'>et</span> <span class='ocrx_word' id='word_1_761' title='bbox 1738 5367 1767 5421; x_wconf 91' lang='lat' dir='ltr'>in</span> <span class='ocrx_word' id='word_1_762' title='bbox 1787 5364 1866 5422; x_wconf 86' lang='lat' dir='ltr'>coelis</span> 
     </span>
     <span class='ocr_line' id='line_1_57' title="bbox 210 5453 1864 5528; baseline -0.002 -15"><span class='ocrx_word' id='word_1_763' title='bbox 210 5458 293 5517; x_wconf 89' lang='lat' dir='ltr'>dare:</span> <span class='ocrx_word' id='word_1_764' title='bbox 315 5459 368 5516; x_wconf 90' lang='lat' dir='ltr'>nisi</span> <span class='ocrx_word' id='word_1_765' title='bbox 391 5459 461 5517; x_wconf 86' lang='lat' dir='ltr'>lorte</span> <span class='ocrx_word' id='word_1_766' title='bbox 480 5466 526 5515; x_wconf 91' lang='lat' dir='ltr'>aut</span> <span class='ocrx_word' id='word_1_767' title='bbox 540 5475 595 5516; x_wconf 90' lang='lat' dir='ltr'>uon</span> <span class='ocrx_word' id='word_1_768' title='bbox 614 5459 734 5514; x_wconf 89' lang='lat' dir='ltr'>creditur</span> <span class='ocrx_word' id='word_1_769' title='bbox 755 5455 805 5512; x_wconf 87' lang='lat' dir='ltr'>Dei</span> <span class='ocrx_word' id='word_1_770' title='bbox 823 5456 906 5514; x_wconf 86' lang='lat' dir='ltr'>Filius</span> <span class='ocrx_word' id='word_1_771' title='bbox 921 5458 1012 5514; x_wconf 91' lang='lat' dir='ltr'>hono·</span> <span class='ocrx_word' id='word_1_772' title='bbox 1067 5457 1173 5515; x_wconf 91' lang='lat' dir='ltr'>obtinet</span> <span class='ocrx_word' id='word_1_773' title='bbox 1194 5453 1289 5528; x_wconf 84' lang='lat' dir='ltr'>gloriae</span> <span class='ocrx_word' id='word_1_774' title='bbox 1303 5453 1461 5526; x_wconf 87' lang='lat' dir='ltr'>singularis.</span> <span class='ocrx_word' id='word_1_775' title='bbox 1474 5453 1552 5520; x_wconf 83' lang='lat' dir='ltr'>Quod</span> <span class='ocrx_word' id='word_1_776' title='bbox 1566 5455 1588 5510; x_wconf 89' lang='lat' dir='ltr'>sl</span> <span class='ocrx_word' id='word_1_777' title='bbox 1603 5455 1699 5512; x_wconf 87' lang='lat' dir='ltr'>oculus</span> <span class='ocrx_word' id='word_1_778' title='bbox 1713 5469 1769 5511; x_wconf 92' lang='lat' dir='ltr'>non</span> <span class='ocrx_word' id='word_1_779' title='bbox 1784 5453 1864 5521; x_wconf 89' lang='lat' dir='ltr'>vidit,</span> 
     </span>
     <span class='ocr_line' id='line_1_58' title="bbox 211 5533 1867 5619; baseline -0.002 -15"><span class='ocrx_word' id='word_1_780' title='bbox 211 5564 274 5606; x_wconf 84' lang='lat' dir='ltr'>rare</span> <span class='ocrx_word' id='word_1_781' title='bbox 287 5533 434 5616; x_wconf 59' lang='lat' dir='ltr'>&#39;matrema</span> <span class='ocrx_word' id='word_1_782' title='bbox 454 5557 500 5607; x_wconf 88' lang='lat' dir='ltr'>aut</span> <span class='ocrx_word' id='word_1_783' title='bbox 524 5549 649 5606; x_wconf 86' lang='lat' dir='ltr'>dubitare</span> <span class='ocrx_word' id='word_1_784' title='bbox 670 5545 731 5619; x_wconf 90' lang='lat' dir='ltr'>quis</span> <span class='ocrx_word' id='word_1_785' title='bbox 752 5553 843 5618; x_wconf 82' lang='lat' dir='ltr'>porcat</span> <span class='ocrx_word' id='word_1_786' title='bbox 857 5546 968 5604; x_wconf 91' lang='lat' dir='ltr'>omnino</span> <span class='ocrx_word' id='word_1_787' title='bbox 983 5548 1011 5605; x_wconf 90' lang='lat' dir='ltr'>ln</span> <span class='ocrx_word' id='word_1_788' title='bbox 1066 5563 1119 5604; x_wconf 90' lang='lat' dir='ltr'>nec</span> <span class='ocrx_word' id='word_1_789' title='bbox 1136 5545 1208 5602; x_wconf 89' lang='lat' dir='ltr'>auris</span> <span class='ocrx_word' id='word_1_790' title='bbox 1221 5543 1333 5614; x_wconf 85' lang='lat' dir='ltr'>audivit,</span> <span class='ocrx_word' id='word_1_791' title='bbox 1353 5557 1406 5599; x_wconf 92' lang='lat' dir='ltr'>nec</span> <span class='ocrx_word' id='word_1_792' title='bbox 1419 5541 1448 5597; x_wconf 92' lang='lat' dir='ltr'>in</span> <span class='ocrx_word' id='word_1_793' title='bbox 1461 5556 1510 5598; x_wconf 92' lang='lat' dir='ltr'>cor</span> <span class='ocrx_word' id='word_1_794' title='bbox 1524 5543 1642 5600; x_wconf 80' lang='lat' dir='ltr'>houdnis</span> <span class='ocrx_word' id='word_1_795' title='bbox 1655 5544 1788 5610; x_wconf 86' lang='lat' dir='ltr'>aseendit,</span> <span class='ocrx_word' id='word_1_796' title='bbox 1804 5559 1867 5616; x_wconf 79' lang='lat' dir='ltr'>qnae</span> 
     </span>
     <span class='ocr_line' id='line_1_59' title="bbox 209 5629 1867 5722; baseline -0.005 -27"><span class='ocrx_word' id='word_1_797' title='bbox 209 5637 338 5696; x_wconf 76' lang='lat' dir='ltr'>attacum</span> <span class='ocrx_word' id='word_1_798' title='bbox 350 5638 488 5697; x_wconf 88' lang='lat' dir='ltr'>charitatis</span> <span class='ocrx_word' id='word_1_799' title='bbox 503 5637 630 5695; x_wconf 87' lang='lat' dir='ltr'>transisse</span> <span class='ocrx_word' id='word_1_800' title='bbox 647 5633 738 5692; x_wconf 67' lang='lat' dir='ltr'>Mariae</span> <span class='ocrx_word' id='word_1_801' title='bbox 748 5634 873 5708; x_wconf 87' lang='lat' dir='ltr'>viscera,</span> <span class='ocrx_word' id='word_1_802' title='bbox 898 5635 926 5692; x_wconf 89' lang='lat' dir='ltr'>ln</span> <span class='ocrx_word' id='word_1_803' title='bbox 951 5637 1012 5710; x_wconf 87' lang='lat' dir='ltr'>qni-</span> <span class='ocrx_word' id='word_1_804' title='bbox 1066 5633 1227 5708; x_wconf 79' lang='lat' dir='ltr'>preparavit</span> <span class='ocrx_word' id='word_1_805' title='bbox 1253 5635 1327 5688; x_wconf 84' lang='lat' dir='ltr'>Deus</span> <span class='ocrx_word' id='word_1_806' title='bbox 1341 5629 1519 5702; x_wconf 84' lang='lat' dir='ltr'>diligentibus</span> <span class='ocrx_word' id='word_1_807' title='bbox 1536 5645 1586 5689; x_wconf 87' lang='lat' dir='ltr'>se:</span> <span class='ocrx_word' id='word_1_808' title='bbox 1613 5631 1686 5704; x_wconf 88' lang='lat' dir='ltr'>quod</span> <span class='ocrx_word' id='word_1_809' title='bbox 1704 5631 1867 5722; x_wconf 74' lang='lat' dir='ltr'>preparavit</span> 
     </span>
    </p>
   </div>
   <div class='ocr_carea' id='block_1_6' title="bbox 226 1249 986 1326">
    <p class='ocr_par' dir='ltr' id='par_1_9' title="bbox 226 1249 986 1326">
     <span class='ocr_line' id='line_1_60' title="bbox 226 1249 986 1326; baseline -0.007 -17"><span class='ocrx_word' id='word_1_810' title='bbox 226 1256 265 1310; x_wconf 87' lang='lat' dir='ltr'>Dc</span> <span class='ocrx_word' id='word_1_811' title='bbox 278 1256 389 1326; x_wconf 80' lang='lat' dir='ltr'>gemino</span> <span class='ocrx_word' id='word_1_812' title='bbox 402 1251 587 1324; x_wconf 82' lang='lat' dir='ltr'>susceptione,</span> <span class='ocrx_word' id='word_1_813' title='bbox 600 1250 706 1306; x_wconf 80' lang='lat' dir='ltr'>Christi</span> <span class='ocrx_word' id='word_1_814' title='bbox 719 1249 827 1307; x_wconf 82' lang='lat' dir='ltr'>scilicet</span> <span class='ocrx_word' id='word_1_815' title='bbox 845 1249 986 1306; x_wconf 68' lang='lat' dir='ltr'>etldartae.</span> 
     </span>
    </p>
   </div>
   <div class='ocr_carea' id='block_1_7' title="bbox 0 0 2073 6340">
    <p class='ocr_par' dir='ltr' id='par_1_10' title="bbox 0 0 2073 6340">
     <span class='ocr_line' id='line_1_61' title="bbox 0 0 2073 6340; baseline 0 0"><span class='ocrx_word' id='word_1_816' title='bbox 0 0 2073 6340; x_wconf 95' lang='lat' dir='ltr'> </span> 
     </span>
    </p>
   </div>
  </div>
 </body>
</html>
