4118 6346
281 405 332 460 bll
737 398 766 454 S.
782 397 961 456 unnutnffl
975 395 1121 454 tuentis
1135 389 1469 453 CLARAE·VADLENSIS
1903 387 1955 440 tlt

281 524 318 590 ei,
331 523 360 578 in
378 537 433 594 quo
447 520 572 576 nimirum
587 536 639 592 pro
653 519 729 576 inani
752 537 868 578 ascensu
883 530 937 576 tam
959 521 1077 576 immane
1094 533 1118 611 Α
1134 521 1272 592 pientiam
1290 517 1475 588 sapientium,
1498 521 1527 572 ιι
1545 515 1730 587 prudentiam
1749 511 1951 584 prudentium

281 610 459 683 praecipitium
469 618 687 680 cognosceretur
697 617 838 681 expertus.
1134 607 1281 680 reprobabo
1295 607 1316 675 (l
1331 606 1393 660 Cor.
1410 619 1429 670 ι,
1447 606 1502 674 19).

315 701 341 754 l.
356 697 409 752 Sed
425 712 480 752 non
490 695 579 753 deluit
592 705 703 754 versuto
718 697 787 753 hosti
801 697 866 769 quid
881 705 987 772 ageret.
1002 697 1079 753 Simi-
1169 697 1195 748 6.
1214 694 1274 749 lam
1293 708 1328 748 ne
1350 690 1442 747 multis
1456 690 1597 756 immorer,
1616 688 1736 754 vidistis,
1758 694 1790 741 ut
1813 683 1950 742 arbitror.

279 786 331 842 lem
354 785 379 840 ei
401 793 524 842 montem
556 787 671 842 alterurn
700 787 905 844 demonstravit.
923 789 1021 856 Erilis,
1035 787 1079 842 ln·
1133 798 1215 854 quam
1229 779 1373 852 fugiendus
1388 778 1467 834 nobis
1481 779 1516 832 sit
1529 792 1607 833 mons
1621 783 1754 847 uterque,
1770 773 1798 828 si
1817 771 1951 842 praeeipi-

279 874 386 948 qulcns,
399 876 1075 946 sicuidii,scientesbortumelmulumldenuu,
1134 869 1200 925 tium
1224 867 1328 940 angeli,
1354 882 1445 922 cesum
1468 864 1588 920 hominis
1614 862 1843 934 expavescimus.
1871 859 1950 913 Mon-

279 963 318 1034 b).
331 962 488 1019 Perniciosa
503 963 584 1019 etiam
600 964 658 1020 baec
685 965 818 1028 ascensio,
838 963 892 1019 imo
918 964 1004 1036 magis
1029 964 1076 1019 de·
1134 967 1175 1014 tes
1188 955 1279 1014 92⁰
1293 956 1412 1020 Gelbce,
1426 969 1545 1018 necros,
1557 968 1608 1008 nec
1623 950 1711 1024 pluvia
1730 947 1857 1008 veniant
1870 964 1952 1016 supe:

280 1049 388 1107 sconsio
401 1059 442 1106 est
456 1052 490 1106 dc
504 1050 652 1107 Jerusalem
674 1049 701 1105 ln
716 1051 834 1109 lericbo.
851 1050 985 1106 Pessimus
1000 1065 1078 1106 mons
1132 1061 1182 1100 vos
1199 1048 1235 1114 (ll
1249 1047 1311 1115 licq.
1328 1058 1352 1108 1,
1368 1045 1424 1112 21).
1441 1040 1512 1112 Quid
1528 1048 1619 1096 tamen
1631 1038 1760 1114 agimus?
1776 1035 1950 1130 Ascendere

278 1137 378 1194 iudans
392 1138 512 1205 ειιιιιιιι,
525 1137 645 1210 laquem
666 1147 756 1194 tamen
778 1155 865 1210 usque
880 1139 960 1194 bodio
985 1139 1078 1195 videas
1133 1133 1172 1188 sic
1188 1149 1242 1187 non
1265 1131 1384 1203 expedit,
1411 1139 1439 1186 et
1462 1129 1628 1186 ascendendi
1651 1136 1780 1184 tenemur
1807 1139 1948 1193 concupi-

281 1233 357 1281 tanta
371 1226 589 1298 concupiscentia
602 1227 733 1298 plurimos
744 1243 841 1298 repere
852 1226 966 1282 filiorum
979 1228 1076 1296 Adam,
1133 1221 1248 1277 scentia.
1258 1219 1325 1288 Quis
1335 1218 1444 1274 docebit
1453 1233 1502 1274 nos
1516 1233 1660 1273 ascensum
1674 1214 1851 1272 salubrem?
1866 1211 1947 1280 Quis.

281 1314 351 1371 acsi
374 1331 428 1370 nou
444 1315 570 1371 noverint
598 1320 728 1386 quantum
750 1321 828 1387 pater
850 1331 943 1370 eorum
968 1316 995 1370 ιιι
1008 1315 1079 1371 illius
1133 1308 1184 1365 uisi
1201 1309 1235 1363 de
1258 1323 1312 1379 quo
1333 1305 1459 1378 legimus.
1485 1305 1613 1377 quoniam
1637 1306 1686 1377 qui
1700 1301 1871 1365 descendit,
1896 1302 1947 1370 ipse

283 1404 382 1460 montis
395 1419 510 1460 ascensu
525 1405 708 1471 descenderit,
724 1406 779 1460 imo
795 1422 875 1476 quam
897 1405 1017 1478 graviter
1031 1421 1077 1461 oe·
1134 1404 1176 1456 eat
1191 1403 1219 1452 ιι
1232 1399 1280 1470 qui
1294 1393 1419 1451 ascendit
1430 1395 1563 1467 ?(Dplres.
1579 1409 1617 1462 vv,
1629 1397 1685 1464 ιι.)
1701 1392 1820 1462 llbipso
1834 1389 1946 1443 demon

283 1491 389 1557 uiderit,
424 1499 553 1564 quantum
588 1499 644 1549 tcta
671 1494 779 1563 dejecta
802 1494 836 1548 sit
855 1501 884 1548 ιι
897 1501 1079 1565 conquassata
1134 1490 1245 1546 stranda
1260 1489 1338 1545 nobis
1358 1495 1417 1543 erat
1434 1487 1601 1544 ascensionis
1620 1487 1673 1556 via,
1689 1503 1724 1541 ne
1738 1483 1885 1552 ductoris,
1897 1483 1945 1537 ιιιιι

282 1579 438 1652 posteritas.
453 1579 579 1637 Nondum
594 1587 688 1636 sanata
703 1588 766 1636 sunt
780 1580 902 1647 vulnera,
914 1597 975 1651 quae
986 1581 1033 1636 tibi
1052 1582 1079 1634 in
1134 1575 1284 1631 seductoris
1296 1574 1397 1646 iniqui,
1413 1581 1459 1629 aut
1478 1573 1636 1646 vestigium,
1659 1581 1706 1628 aut
1729 1571 1886 1628 consilium
1903 1586 1944 1624 se-

282 1683 396 1724 asceusu
414 1669 514 1724 montis
533 1669 604 1726 illius
630 1668 731 1725 inllicta
760 1677 833 1736 sunt,
853 1668 916 1725 Ιιιιι
935 1669 1025 1724 adhuc
1052 1669 1079 1723 in
1133 1679 1290 1737 queremur.
1307 1662 1375 1727 Quia
1389 1677 1455 1734 ergo
1471 1677 1526 1718 non
1540 1669 1599 1717 erat
1614 1677 1668 1732 quc
1687 1659 1880 1720 ascenderet,
1897 1659 1943 1711 de-

281 1763 360 1828 patre
390 1760 504 1816 luteres:
525 1767 553 1814 et
567 1774 641 1815 nunc
667 1759 766 1813 iterum
784 1758 812 1812 in
828 1757 937 1829 propria
962 1773 1080 1828 persona
1134 1752 1240 1808 scendit
1253 1750 1418 1816 altissimus,
1431 1757 1459 1805 et
1473 1765 1523 1806 suo
1537 1749 1616 1805 nobis
1629 1749 1767 1805 descensu
1779 1761 1904 1802 suavem
1918 1763 1943 1798 a·

280 1847 386 1902 conaris
406 1846 564 1914 ascendere,
595 1855 625 1902 ut
647 1846 683 1900 sit
702 1862 779 1902 errcr
802 1845 963 1902 novissimus
1000 1847 1080 1918 pejor
1096 1832 1270 1909 Bsalubrcm
1284 1837 1421 1895 dedicavit
1445 1853 1602 1894 ascensum.
1626 1836 1779 1894 Descendit
1793 1834 1833 1891 de
1852 1843 1941 1888 monte

279 1936 393 2007 priore?
417 1934 549 2004 Quaenam
564 1934 670 1991 unsaris
686 1943 739 1990 tam
755 1935 814 1990 dira
828 1935 932 1991 libidol
951 1934 1013 1990 Filii
1027 1935 1079 1989 hc·
1134 1928 1276 2001 potentiae,
1297 1925 1389 1983 carnis
1402 1925 1559 1981 infirmitate
1578 1926 1779 1991 circumdatus;
1797 1923 1943 1979 descendit

279 2023 393 2094 minum,
410 2037 553 2095 usquequo
569 2023 647 2098 gravi
660 2025 762 2080 corde?
779 2023 874 2095 utquid
891 2023 1002 2094 diligitis
1028 2040 1079 2081 va·
1135 2018 1169 2072 de
1180 2023 1271 2073 monte
1281 2015 1411 2081 scientiae,
1423 2014 1549 2085 quoniam
1559 2011 1658 2086 placuit
1666 2013 1724 2070 Deo
1734 2029 1788 2082 per
1799 2010 1942 2066 stultitiam

278 2113 403 2177 nitatem,
420 2119 447 2167 ct
471 2112 592 2184 quaeritis
607 2111 803 2169 mendacium?
822 2115 912 2184 (Psoi.
929 2128 969 2183 tv,
985 2113 1024 2184 3.)
1038 2114 1080 2168 dn
1136 2109 1334 2183 praedicationis
1347 2109 1436 2165 salvos
1448 2109 1538 2166 lacere
1549 2108 1705 2165 credentes.
1720 2108 1796 2178 Quid
1813 2106 1894 2162 eninr
1904 2117 1942 2160 te

277 2200 431 2274 ignorantis
446 2201 574 2272 quoniam
603 2201 709 2256 infirma
725 2202 819 2256 mundi
834 2202 916 2276 elegit
943 2202 1026 2268 Deus,
1052 2212 1082 2257 ut
1135 2200 1207 2256 nello
1225 2213 1339 2270 corpore
1355 2204 1382 2252 ct
1395 2196 1562 2252 infantilibus
1581 2196 1712 2252 membris
1727 2195 1847 2252 videtur
1867 2193 1943 2248 intir-

279 2287 429 2345 conlundat
453 2288 551 2354 lortia;
568 2296 596 2346 et
621 2290 702 2346 stulta
717 2291 809 2345 rnundi
825 2290 910 2362 elegit
937 2290 1022 2360 Deus,
1052 2297 1082 2346 ut
1135 2287 1224 2342 iuius?
1234 2286 1306 2355 Quid
1316 2285 1451 2342 indoctius
1459 2292 1573 2356 apparet
1581 2284 1705 2356 parvulo,
1716 2283 1765 2356 qui
1778 2281 1842 2338 sola
1852 2282 1944 2337 matris

280 2376 604 2450 confundatsapientesi
639 2381 664 2448 (l
684 2381 748 2436 Cor.
769 2397 788 2446 1,
817 2378 947 2450 araxen
964 2395 1014 2434 nos
1032 2379 1082 2436 Dei
1135 2370 1945 2443 uberanoveritiQuisimpotentioreo,cujusomnianrem-

280 2466 471 2521 comminantis
506 2474 595 2522 terror
611 2474 731 2530 revocat,
760 2467 892 2537 perdituri
920 2467 1082 2538 sapientiam
1136 2460 1869 2532 braclavisaffixa,cujusomniadinumeranturossa?
1883 2459 1944 2528 Quis

279 2551 452 2623 sapientium,
469 2561 498 2608 et
511 2552 683 2624 prudentiam
697 2553 873 2625 prudentium
888 2554 1060 2625 reprobaturi
1073 2571 1080 2622 ς
1136 2552 1309 2626 insipientior
1317 2566 1361 2620 eo,
1372 2550 1418 2622 qui
1428 2549 1552 2605 tradebat
1561 2547 1589 2604 in
1598 2557 1712 2604 mortem
1722 2549 1852 2604 animam
1860 2563 1944 2607 suam

278 2655 335 2697 non
348 2641 433 2713 patris
448 2641 613 2710 exemplum,
626 2658 681 2697 non
698 2641 819 2712 denique
835 2657 933 2697 seusus
945 2643 1006 2714 ipse
1029 2658 1081 2699 no·
1136 2651 1163 2698 et
1178 2658 1238 2714 quae
1253 2657 1308 2697 nou
1318 2638 1406 2712 rapuit
1423 2645 1486 2695 tunc
1499 2637 1675 2694 exsolvebat?
1686 2638 1873 2709 Videsquam
1882 2637 1945 2690 mul-

280 2736 347 2796 ster,
362 2737 391 2784 et
423 2729 498 2784 durae
513 2729 684 2800 experientia
711 2729 894 2796 necessitatis,
927 2730 970 2786 cui
989 2747 1082 2787 sumus
1138 2741 1193 2786 tum
1209 2729 1392 2797 descenderit,
1405 2735 1564 2799 quantuma
1572 2726 1694 2798 potentia
1709 2741 1771 2794 sue,
1783 2735 1947 2797 quantuma

279 2815 382 2871 addicti
398 2832 450 2886 per
464 2815 638 2886 insipientem
654 2816 777 2872 scientiae
791 2816 955 2887 appetituml
1137 2818 1268 2892 sapientia
1284 2833 1331 2872 sua
1346 2815 1508 2873 exinanierit
1522 2815 1709 2886 semetipsum.
1722 2813 1778 2870 Sed
1796 2830 1854 2870 ιιοιι
1866 2815 1947 2883 potuit

317 2906 343 2958 b.
360 2903 434 2958 Ecce
447 2902 536 2969 vobis,
568 2903 679 2971 iratres,
700 2911 820 2958 montem
840 2903 1084 2963 demonstravimus
1138 2909 1217 2964 altius
1231 2907 1259 2963 in
1274 2903 1704 2970 montembouitatisasceudere,
1715 2919 1865 2959 necsuam
1874 2917 1946 2958 com·

282 2991 378 3052 alium.
390 3007 447 3046 nou
474 2991 500 3046 iu
517 3007 598 3062 quem
622 2993 784 3056 ascendatis,
806 2993 853 3046 sed
869 3009 950 3064 quem
964 2995 1082 3070 fugiatis.
1139 2993 1430 3065 mentiareexpressius
1439 2991 1673 3047 charitatem.Nec
1683 2989 1783 3045 mirum
1795 2991 1822 3045 si
1833 2991 1946 3045 descen·
2004 3001 2005 3024 ι

283 3081 345 3150 lpse
365 3087 407 3133 est
421 3078 448 3133 in
476 3095 557 3150 quem
585 3079 750 3135 ascendebat
769 3080 814 3151 qui
842 3081 927 3137 voluit
941 3099 1001 3139 esse
1016 3085 1085 3142 sicut
1139 3084 1229 3140 dendo
1242 3082 1364 3138 Christus
1374 3077 1508 3146 ascendit,
1521 3077 1629 3149 quando
1640 3078 1763 3148 priorum
1773 3085 1901 3150 uterque
1910 3094 1947 3132 ce·
2005 3048 2006 3124 l

282 3168 368 3235 Deus,
384 3167 475 3222 sciens
504 3169 604 3226 bonum
620 3179 647 3224 ct
671 3170 789 3225 malum:
818 3171 876 3243 ipso
900 3189 981 3243 quem
995 3190 1080 3247 usque
1101 3133 1123 3211 c
1140 3171 1394 3230 ciditascendendo.
1405 3168 1857 3239 Etmiltiquidemvidcturmontis
1867 3170 1946 3238 liujus

283 3255 366 3312 hodie
395 3255 440 3311 lilii
464 3258 524 3328 ejus
537 3259 708 3314 accumulant
733 3271 760 3315 et
774 3261 892 3328 elevant,
918 3261 985 3315 nihil
1009 3261 1084 3318 inve·
1140 3277 1311 3319 ascensorem
1326 3275 1448 3332 quaerere
1464 3258 1510 3330 qui
1528 3257 1649 3314 dicebat:
1671 3258 1739 3326 Quis
1755 3258 1897 3313 ascendet
1919 3260 1944 3310 ιἰι

284 3343 392 3401 aientes
406 3353 460 3400 tam
483 3346 545 3420 vile,
571 3349 644 3403 unde
657 3363 711 3404 ιιοιι
735 3348 821 3404 ιιιιιιι
839 3355 958 3405 ιιιοιιιιιιι
978 3349 1084 3405 elevare
1139 3356 1265 3407 montem
1275 3346 1666 3420 Dominiloulquisstnbitia
1677 3347 1852 3402 locosancto
1870 3348 1947 3416 ejice?

284 3432 416 3490 scientiae.
448 3435 547 3492 Videas
562 3436 643 3491 alium
669 3436 829 3503 litterarum,
845 3437 928 3492 aliurn
943 3438 1084 3493 mundialis
1140 3438 1229 3507 (Paul.
1245 3452 1320 3500 xxrn,
1336 3437 1375 3504 3.)
1391 3434 1471 3489 Forte
1486 3432 1666 3490 etiamlsaias
1682 3431 1862 3488 ascensionis
1876 3433 1947 3488 desi-

284 3536 368 3587 curae,
390 3521 472 3577 istum
487 3522 691 3594 placitationum
707 3523 907 3594 displicentium
929 3525 996 3591 Dec,
1012 3525 1085 3581 illum
1139 3525 1216 3582 derio
1235 3523 1365 3580 cadentes
1378 3522 1487 3578 intuens
1505 3521 1630 3577 homines
1643 3522 1678 3576 ad
1698 3520 1772 3576 bunc
1797 3523 1947 3578 revocabat

285 3608 393 3664 servilis
408 3610 554 3680 cujuslibet
580 3613 648 3666 artis
670 3622 725 3667 tarn
753 3613 931 3668 veliementer
958 3612 1087 3671 affectare
1141 3621 1271 3680 montem,
1288 3611 1458 3668 exclamans:
1475 3611 1810 3677 Veniic,cscendumusin
1818 3617 1948 3669 merrtem

286 3696 427 3752 scientiam
448 3699 478 3752 ιιι
492 3697 614 3754 laborem
630 3715 685 3755 non
710 3708 829 3771 reputet,
855 3702 1042 3757 tantummodo
1057 3711 1088 3758 ut
1140 3702 1448 3772 miciacensibus).
1469 3700 1567 3754 Annon
1587 3697 1732 3754 manileste
1748 3713 1800 3754 eos
1813 3699 1854 3755 de
1876 3699 1947 3770 prio-

286 3783 373 3855 possit
386 3784 522 3854 aliquibus
536 3786 643 3843 doctior
657 3787 788 3860 reputari.
816 3787 862 3842 Sic
886 3787 1021 3844 aedificant
1038 3791 1088 3846 Da·
1142 3808 1201 3846 rum
1220 3789 1349 3846 montium
1373 3787 1533 3844 mensione
1558 3787 1738 3862 redarguens,
1764 3788 1876 3843 montis
1898 3789 1946 3842 ltu-

286 3871 343 3940 bel,
359 3873 398 3930 sic
408 3881 502 3944 putant
511 3877 546 3929 ad
562 3876 609 3932 Dei
626 3893 656 3931 se
671 3883 853 3948 perventuros
866 3877 1084 3946 similitudinem;
1140 3882 1184 3952 jus
1198 3879 1327 3950 praedicat
1341 3879 1504 3940 ubertatem,
1515 3875 1562 3948 qui
1575 3874 1626 3932 ait:
1639 3876 1737 3949 usquin
1752 3879 1949 3949 auspicamini

286 3961 325 4018 sic
344 3963 538 4035 wneupiscunt
565 3966 638 4036 quod
654 3981 709 4022 non
735 3965 858 4038 expedit,
875 3967 948 4039 quod
976 3968 1088 4038 expedit
1141 3972 1251 4026 montes
1265 3965 1446 4038 cumulatos?
1460 3965 1718 4035 ldonscocpulutus,
1734 3979 1819 4021 mons
1828 3967 1947 4037 pinquis

286 4051 452 4107 omittentes.
474 4053 544 4124 Quid
561 4055 638 4112 vobis
651 4061 679 4110 et
690 4054 827 4111 montibus
850 4054 918 4124 istis,
931 4056 1086 4128 inquorum
1142 4058 1229 4127 (Psoi.
1254 4070 1342 4122 xxvn,
1369 4057 1413 4120 lb,
1437 4055 1493 4125 ll).
1514 4052 1562 4107 llic
1579 4059 1621 4107 est
1638 4051 1720 4124 igitur
1739 4067 1823 4108 mons
1849 4054 1947 4108 domus

285 4155 402 4196 ascensu
416 4147 490 4196 tanta
509 4142 656 4197 difficultas
674 4149 730 4209 est,
747 4149 775 4198 et
789 4148 844 4198 ιιιιι
858 4144 962 4213 mande
975 4145 1085 4215 pericu·
1141 4142 1247 4199 Domini
1268 4149 1436 4214 praeparatus
1449 4141 1478 4195 iu
1496 4139 1599 4197 vertice
1614 4140 1758 4210 montium,
1774 4155 1868 4212 super
1882 4157 1948 4210 quos

285 4227 423 4283 lumiaut
437 4241 558 4282 aureum
574 4228 700 4284 deseritis
714 4237 846 4295 montem,
868 4233 947 4301 cujus
961 4237 988 4287 et
1002 4230 1087 4288 facilis
1141 4231 1281 4286 salientem
1306 4244 1435 4300 sponsum
1461 4227 1628 4300 inspexerat,
1649 4227 1695 4300 qui
1717 4228 1851 4284 dicebat:
1881 4231 1947 4285 aare

286 4321 329 4369 est
341 4328 482 4378 ascensus,
500 4322 527 4370 et
542 4314 686 4384 perutilis?
705 4315 848 4372 Potestatis
869 4318 980 4374 ambitio
999 4334 1085 4390 ange-
1140 4321 1217 4377 ιιιιιι
1232 4321 1257 4374 ιι
1270 4321 1375 4375 saliens
1390 4335 1422 4374 ιιι
1436 4319 1579 4376 ruatibus
1592 4319 1687 4387 (Cant.
1709 4332 1740 4383 ιι,
1759 4317 1799 4388 8).
1823 4317 1948 4374 Docebat

285 4400 343 4456 lum
367 4398 495 4458 felicitate
510 4403 627 4474 privavit
641 4403 782 4476 angelica3
812 4403 934 4460 scientia
948 4407 1086 4477 appetitus
1141 4409 1215 4466 enim
1237 4409 1359 4484 ignarum
1378 4408 1437 4474 viae,
1459 4409 1585 4463 trahebat
1602 4405 1753 4477 parvulum,
1777 4405 1949 4464 infantulum

286 4487 423 4546 hominem
453 4489 663 4548 immortalitatis
690 4491 777 4565 gloria
806 4491 938 4565 spoliavit.
968 4494 1087 4551 Conetur
1143 4497 1310 4554 deducebat:
1330 4495 1447 4568 ideoque
1465 4496 1539 4552 velut
1553 4495 1713 4568 quibusdam
1732 4495 1869 4566 passibus
1885 4497 1949 4551 ibat.

287 4577 349 4650 quis
362 4580 512 4636 ascendere
526 4579 554 4636 iu
566 4586 686 4637 montem
698 4580 861 4652 potestatis3
879 4589 994 4652 quantos
1009 4592 1089 4655 putas
1144 4592 1175 4640 nt
1187 4585 1222 4641 de
1240 4585 1339 4640 virtute
1353 4583 1381 4638 in
1394 4583 1523 4640 virtutem
1538 4583 1677 4639 videretur
1696 4583 1771 4639 Deus
1788 4582 1916 4640 deorum
1926 4587 1951 4638 in

287 4667 502 4726 contradictores
516 4669 637 4736 babebit,
654 4678 773 4742 quiuntos
787 4669 908 4726 inveniet
923 4671 1088 4746 repulsores,
1145 4672 1210 4727 Sion
1231 4672 1316 4744 (Paul.
1346 4686 1467 4738 xxxxur,
1492 4671 1531 4740 8).
1556 4670 1663 4725 lustitia
1684 4669 1759 4726 enim
1784 4671 1852 4741 eius
1883 4672 1953 4728 sicut

287 4753 427 4811 obstacula
455 4765 567 4827 quanta,
596 4771 677 4830 quam
709 4755 846 4813 difficilem
860 4756 953 4815 ιιιιιιι
983 4759 1052 4829 Quid
1067 4755 1090 4816 si
1146 4767 1253 4816 montes
1266 4759 1316 4816 Dei
1331 4761 1419 4830 (Psoi.
1434 4773 1524 4826 xxxv,
1537 4759 1576 4826 ι).

288 4842 397 4900 taudem
409 4861 473 4901 eum
482 4846 595 4918 adipisci
605 4845 752 4919 contigerit
761 4846 833 4918 quod
843 4847 971 4918 optabat:
985 4851 1090 4906 Pelen·
1181 4850 1210 4904 7.
1224 4847 1278 4902 Sed
1293 4848 1358 4917 jam,
1383 4847 1405 4902 si
1429 4846 1529 4918 placet,
1549 4847 1633 4902 saltus
1651 4846 1733 4902 eliam
1752 4845 1833 4918 ipsos
1848 4845 1955 4904 intuea-

292 4935 343 4999 ιιι,
360 4933 396 4987 ait
405 4933 555 5006 Scriptura,
564 4941 695 5006 potenter
707 4939 1091 5012 tormntopctienlcrffiap,
1148 4951 1217 5004 mur,
1233 4934 1331 5006 quibus
1345 4935 1489 4991 exsultavit
1502 4940 1532 4989 ιιι
1544 4935 1623 5009 gigas
1636 4935 1671 4990 ad
1686 4933 1858 4990 currendam
1870 4936 1954 5007 ιιιιιιι,

291 5035 334 5087 vt,
353 5019 397 5091 D:
425 5029 455 5077 ut
475 5033 626 5093 praesentes
653 5022 850 5080 sollicitudines
873 5032 901 5079 et
928 5024 1090 5098 anxietates,
1148 5029 1175 5080 ct
1185 5024 1261 5094 cujus
1271 5023 1392 5094 egressio
1410 5038 1544 5080 asumma
1568 5022 1648 5094 coelo,
1667 5039 1719 5096 per
1736 5023 1847 5095 gradus
1867 5040 1955 5097 quos·

173 5111 189 5134 ⁸
285 5116 490 5182 quaspctestas
505 5111 564 5181 ipsa
577 5112 658 5182 parit,
678 5112 811 5170 omittam.
832 5111 953 5184 Cupidus
962 5113 1032 5167 alter
1050 5123 1093 5170 est
1148 5111 1210 5166 dam
1226 5129 1311 5183 usquc
1326 5112 1360 5166 ad
1379 5128 1514 5169 summum
1529 5113 1589 5183 ejus
1608 5113 1725 5170 occurrit
1750 5113 1846 5183 (Psoi.
1870 5130 1954 5174 xvtn.

284 5198 403 5254 inflantis
437 5199 585 5268 scientiae3
615 5210 745 5273 quantum
780 5201 926 5268 laborabit,
959 5209 1090 5272 quantum
1148 5203 1175 5262 6,
1203 5199 1364 5258 ”ll-Primum
1388 5215 1455 5272 ergo
1475 5201 1618 5262 ¹constitue
1646 5208 1768 5256 montem
1802 5198 1899 5270 illum,
1930 5203 1956 5258 in

284 5287 439 5344 nudabitur
457 5287 569 5359 spiritus
584 5289 659 5358 ejus?
677 5289 711 5344 Et
726 5299 817 5345 tamen
832 5287 943 5345 audiet:
961 5288 1017 5344 Nec
1031 5289 1053 5344 si
1064 5297 1090 5345 tc
1146 5304 1226 5360 quem
1244 5289 1367 5344 ascendit
1385 5304 1445 5344 cum
1467 5289 1550 5345 Petro
1564 5297 1591 5344 et
1606 5289 1707 5346 iacobo
1718 5299 1747 5345 et
1766 5290 1895 5361 icauna,
1911 5293 1956 5346 ubi

283 5375 401 5446 ruperis,
415 5377 618 5448 apprehendes.
637 5379 664 5432 lu
676 5377 856 5432 amaritudine
868 5375 1017 5431 morabitur
1027 5393 1090 5431 cru·
1145 5385 1172 5430 et
1193 5375 1394 5450 transfiguratus
1413 5386 1455 5432 est
1473 5385 1536 5432 ante
1556 5392 1613 5434 eos.
1639 5377 1755 5433 Relulsit
1781 5376 1874 5434 iacies
1894 5381 1957 5449 ejus

283 5463 327 5519 lus
345 5466 418 5536 ejus,
434 5467 543 5538 quoties
557 5467 650 5524 videre
673 5467 829 5539 contigerit,
846 5466 892 5537 qui
907 5481 937 5522 se
951 5465 1088 5536 posterlc·
1144 5471 1173 5520 ιιι
1187 5463 1236 5529 sol,
1252 5473 1281 5520 et
1305 5466 1467 5523 vestimenta
1482 5467 1541 5537 ejus
1556 5465 1625 5522 iacta
1645 5472 1710 5521 sunt
1729 5465 1792 5521 alba
1810 5467 1888 5525 sicut
1909 5469 1957 5524 nix

284 5565 345 5608 rem
357 5553 470 5622 iudicet,
485 5566 531 5611 aut
558 5563 634 5627 putet
656 5557 690 5609 ab
706 5552 766 5610 aliis
789 5554 919 5625 reputari.
942 5553 1011 5620 Quid
1027 5567 1088 5606 cum
1145 5553 1253 5622 ιιιιιιιι.
1274 5568 1345 5622 xvn,
1365 5559 1390 5619 l,
1413 5556 1454 5624 lt).
1474 5555 1692 5612 Resurrectionis
1710 5555 1799 5626 gloria
1820 5556 1879 5612 ista
1899 5565 1954 5622 est,

285 5638 435 5697 iutimuerit
449 5641 585 5698 multum?
600 5643 731 5708 Perdam,
755 5641 843 5711 iuquit
862 5639 1004 5706 Dominus,
1038 5655 1086 5694 sc·
1142 5654 1223 5710 quam
1249 5639 1276 5693 iu
1299 5650 1390 5698 monte
1415 5643 1474 5714 spei
1497 5642 1724 5714 contemplamur.
1743 5643 1849 5715 thuid
1877 5645 1955 5700 enim
