4150 6348
268 399 323 464 soi
736 391 764 452 S.
784 389 952 454 stallum
970 387 1108 452 multis
1125 387 1442 454 mulctaticius
1854 387 1915 450 ios

280 575 285 586 ‚
305 531 332 586 a.
346 525 404 580 lam
419 521 491 596 quod
510 518 697 594 interponitur,
712 533 797 592 reaper
810 521 925 578 euectos
943 533 1019 586 suos,
1031 515 1064 572 ad
1079 527 1104 608 Α
1119 515 1238 574 cundum
1258 517 1331 590 quod
1352 517 1454 574 dictum
1475 523 1520 574 est
1537 515 1570 572 de
1591 515 1645 574 sita
1665 512 1796 588 corporis.
1811 513 1917 572 Eadem

269 612 396 688 prelatus
428 608 561 682 pertinet,
588 605 687 677 quibus
709 605 835 662 nimirum
869 613 984 677 utraque
1010 604 1065 660 uita
1103 605 1192 662 'enirn
1206 606 1361 680 cognitione
1375 604 1684 663 etmiuimaetmaxima
1696 602 1916 676 comprehendis.

271 698 421 758 mm
441 706 492 755 ⁰⁵²·
508 697 541 754 ¹3²
561 698 680 768 ipwmm
704 705 745 754 ⁰³¹
767 695 886 767 utrqua
910 692 1063 766 Wide‘e·
1155 725 1181 778 ι.
1204 722 1287 780 l’orro
1310 721 1482 780 dilectionem
1506 721 1625 794 quidem,
1647 719 1671 775 si
1697 719 1844 794 diligenter
1864 717 1917 774 ad-

270 799 297 847 et
310 788 437 859 copulare
460 784 511 842 sibi
535 784 651 856 parietes
668 801 683 840 ι
701 783 811 842 diverso
825 783 982 848 venientum
997 797 1066 880 qun·
1118 818 1222 878 mm,
1254 813 1366 880 mim
1399 818 1425 867 et
1460 809 1584 866 fomis
1614 810 1764 865 mundum
1796 807 1918 880 quinque

269 877 343 934 nim
366 873 503 952 ⁸⁰ss⁰¹⁸fi⁸
526 873 633 947 ¹²pidist
656 871 702 944 qui
720 881 761 971 {⁵⁸
782 872 905 970 Chsiffms
919 870 1009 939 Μ’
1022 884 1065 970 Ἧζ
1120 913 1218 955 seusus
1245 898 1368 969 eorporis
1390 897 1634 972 quinquepartitam
1658 896 1760 970 poteris
1782 895 1915 953 insanire.

272 965 338 1024 carii
351 962 486 1022 constituti
509 970 581 1018 sunt.
601 960 657 1016 Nec
679 957 791 1015 dublum
815 974 881 1031 quun
898 957 979 1031 longe
996 973 1068 1026 pcrt-
1120 988 1168 1044 Esg
1188 987 1259 1042 enim
1282 1002 1357 1044 amor
1381 988 1451 1056 pius,
1471 1002 1525 1058 quc
1550 995 1675 1060 parentes
1697 983 1853 1058 diligimus3
1877 995 1919 1042 est

274 1053 392 1114 culosior
419 1050 636 1108 asteriscorum
668 1048 703 1104 sit
735 1047 939 1104 administratio.
968 1047 1068 1102 Tamen

273 1142 297 1200 si
321 1143 389 1199 bene
412 1138 632 1206 ministraverint,
649 1135 759 1207 gradum
783 1137 884 1193 bonum
906 1135 958 1192 sibi
974 1136 1069 1207 acqui·

274 1239 344 1297 rent,
364 1234 392 1284 ιι
413 1230 542 1297 majorem
564 1225 757 1282 abundantiam
781 1235 807 1281 et
828 1223 1071 1296 supereffluentem

273 1331 429 1374 mensuram
447 1315 581 1386 accipient
594 1314 678 1385 pacis,
694 1321 724 1370 ut
742 1313 777 1368 de
791 1313 831 1368 eis
845 1311 942 1369 merito
954 1313 1070 1368 dicatur.

279 1407 417 1476 Quoniam
437 1418 522 1476 super
540 1406 653 1460 cunctos
673 1417 768 1472 pacem
784 1399 904 1473 loquitur
925 1403 1009 1459 Deus.
1030 1403 1072 1456 An

275 1509 339 1552 vero
366 1492 470 1550 dubitet
495 1489 556 1562 quis
587 1505 657 1562 quos
689 1489 787 1546 dixerit
815 1489 945 1544 sanctos?
974 1489 1074 1544 Audiat

276 1579 391 1636 isaiam:
410 1579 467 1643 l'os,
482 1576 577 1648 iuquit,
594 1578 690 1634 suncti
697 1577 813 1632 benaici
825 1577 1004 1638 vocabimini.
1014 1578 1074 1633 mi·

275 1668 366 1726 eterra·
379 1665 429 1726 Dei
444 1667 536 1725 nostri
549 1665 627 1736 (lsai.
642 1680 701 1730 uxr,
718 1665 756 1732 di.
772 1667 968 1733 Proposueram
982 1681 1073 1722 exem·

276 1757 351 1829 plum
373 1753 482 1826 aliquod
510 1753 585 1824 dare,
607 1752 835 1827 quemadmodum
858 1768 962 1811 exsut
985 1755 1073 1826 ipsius

276 1843 493 1904 consideratione
515 1843 549 1897 ad
568 1842 737 1912 spiritualem
761 1841 964 1915 intelligentiam
987 1859 1074 1901 assur·

276 1947 343 2008 gere
366 1934 501 1990 humanus
520 1930 616 1988 debeat
639 1932 764 1998 animus3
784 1931 832 1988 sed
854 1947 966 1988 necesse
981 1940 1023 1990 est
1046 1934 1073 1990 iu

276 2021 347 2077 diem
362 2021 486 2087 altarum,
507 2027 535 2078 et
549 2035 700 2077 sennonem
720 2023 833 2076 alterum
846 2018 966 2076 diilcrre.

522 2169 636 2230 ¹1⁰8
654 2161 774 2229 stallo
789 2171 827 2229 Χ.

284 2279 288 2286 ·
353 2319 357 2328 ,
393 2263 433 2320 lle
448 2260 510 2317 vito
523 2262 551 2317 ei
566 2258 691 2333 quinque
704 2258 832 2316 sensibus
846 2261 960 2317 anime.

315 2353 341 2404 l.
356 2350 453 2422 llagm
475 2355 526 2413 est,
552 2347 612 2403 dico
636 2347 725 2414 vobis,
740 2346 900 2417 charissimi,
916 2356 942 2404 et
964 2346 1076 2404 nimium

278 2435 468 2494 inexcusabilis
488 2434 654 2508 negligentia
668 2442 771 2501 nostra,
792 2434 848 2507 qui,
868 2435 1076 2506 cogitationibus

279 2524 375 2581 otiosis
396 2531 534 2589 vacantes,
561 2531 669 2592 tempus
688 2523 858 2580 amittimus:
882 2523 981 2596 quibus
999 2525 1076 2580 uimi-

277 2627 337 2669 mm
351 2627 402 2669 uec
416 2613 588 2683 penetrandae
603 2609 700 2680 nubes,
716 2626 765 2668 uec
783 2610 868 2668 maria
882 2613 1077 2681 transferenda,

278 2709 310 2757 ut
337 2699 458 2756 salubres
486 2698 657 2756 inveniamus
685 2697 879 2772 cogitationes,
906 2698 956 2756 sed
992 2717 1076 2773 prope

279 2795 333 2853 est,
347 2796 378 2843 ut
391 2786 428 2843 ait
441 2787 562 2858 Moyses,
575 2787 689 2842 uerbum
704 2786 733 2842 in
745 2801 791 2843 ore
805 2797 898 2845 nostm
912 2795 939 2846 et
953 2789 980 2844 iu
995 2791 1076 2846 corde

279 2882 374 2934 nostro
401 2875 496 2946 (beot.
517 2888 591 2945 xxx,
615 2875 675 2946 lt);
700 2880 727 2932 ct
751 2874 871 2932 infinitas
890 2877 916 2932 in
940 2877 1076 2934 nubime-

279 2963 362 3036 tipsis
379 2961 482 3018 utilium
501 2959 697 3033 cogitationum
719 2961 876 3017 occasiones
890 2971 917 3019 ct
935 2964 1077 3019 seminaria

280 3065 430 3126 possumus
447 3049 579 3106 inuenire.
593 3051 716 3122 Denique
730 3049 752 3104 si
767 3059 820 3106 tam
835 3050 967 3116 inerudita
985 3061 1013 3108 et
1027 3069 1077 3108 ns-

281 3139 389 3216 gligens
406 3136 485 3194 luerit
506 3138 606 3206 anime,
622 3148 653 3194 ιι
674 3152 724 3194 ιιι
746 3137 874 3194 interiore
897 3155 946 3196 sua
963 3139 1079 3198 sufficiat

283 3225 455 3301 perscrutari,
476 3225 595 3283 attendat
619 3226 716 3283 rel'ca
738 3241 800 3298 quae
822 3227 889 3284 loris
912 3227 968 3301 agit
991 3229 1079 3301 palam
1122 3261 1125 3271 ·

282 3317 311 3373 et
324 3313 486 3373 manifeste:
502 3324 530 3372 et
541 3314 569 3369 iu
584 3315 651 3385 ipsis
664 3329 784 3388 qnoque,
798 3315 822 3371 si
840 3315 987 3390 diligenter
1000 3333 1079 3388 quae-

282 3405 368 3474 eierit,
396 3401 515 3477 iuveniat
542 3403 713 3471 sapientiam.
743 3403 815 3460 Ecce
840 3403 911 3460 euim
940 3405 1079 3477 (quoniam

282 3493 413 3563 scriptum
426 3501 485 3549 est:
500 3493 543 3548 llo
556 3495 728 3550 occasionem
741 3494 875 3566 sapienti,
886 3498 914 3549 et
923 3495 1081 3566 sapientior

282 3583 339 3639 erit
354 3579 447 3651 (Prou.
463 3594 506 3650 tx,
529 3583 557 3650 9)
573 3580 757 3647 considera,o
779 3583 878 3650 anima,
893 3579 955 3651 quid
980 3581 1080 3648 impaen-

283 3667 332 3723 das
345 3665 453 3738 corpori
468 3677 524 3734 tuo,
539 3677 567 3722 et
580 3667 703 3723 invenias
725 3668 783 3722 aine
798 3668 889 3738 dubio,
906 3673 978 3738 quod
999 3669 1079 3724 uitam

1122 1090 1199 1131 amor
1214 1076 1363 1146 iucundus,
1378 1091 1431 1147 quo
1453 1075 1543 1132 socios
1566 1073 1720 1148 diligimus3
1738 1081 1779 1130 est
1801 1081 1829 1130 et
1853 1088 1919 1146 erga

1124 1179 1218 1220 omnes
1241 1165 1364 1222 homines
1386 1180 1462 1221 amor
1481 1166 1587 1236 justus3
1612 1179 1679 1236 erga
1700 1161 1825 1218 inimicos
1843 1175 1920 1218 amur

1124 1255 1273 1322 violentum
1290 1269 1355 1327 erga
1368 1254 1451 1310 Deum
1475 1263 1586 1310 sanctus
1604 1253 1663 1308 sive
1687 1251 1808 1308 devotus.
1825 1251 1855 1306 ln
1879 1249 1921 1306 bis

1125 1343 1263 1411 omnibus,
1292 1341 1316 1397 si
1346 1343 1490 1414 diligenter
1521 1341 1651 1408 attendis,
1683 1353 1822 1413 proprium
1853 1353 1921 1412 arga

1126 1431 1251 1503 singulos
1270 1439 1296 1488 et
1319 1431 1428 1488 omuino
1449 1430 1586 1486 diversum
1607 1430 1641 1485 ab
1662 1427 1723 1486 aliis
1741 1429 1852 1484 modum
1875 1426 1921 1482 in-

1127 1519 1230 1578 venies.
1251 1521 1378 1591 Demque
1396 1519 1419 1576 si
1442 1517 1576 1575 curiosius
1598 1517 1772 1574 considerare
1793 1516 1920 1580 delectat,

1128 1606 1329 1666 necimmerito
1348 1607 1461 1663 tortesec
1485 1605 1619 1664 ridebitur
1642 1604 1756 1678 primus,
1771 1604 1797 1658 id
1814 1611 1853 1659 est
1868 1617 1920 1674 pa·

1126 1705 1235 1753 rentum
1260 1709 1345 1762 amor,
1371 1693 1456 1750 tactui
1476 1693 1631 1758 conuenire,
1656 1693 1728 1763 quud
1752 1691 1796 1746 hie
1821 1705 1922 1748 sensus

1088 1795 1110 1874 fl
1126 1785 1184 1840 sola
1199 1782 1320 1852 proxima
1334 1791 1361 1838 ct
1374 1782 1483 1852 corpori
1503 1781 1596 1851 juncta
1615 1779 1746 1852 percipiat
1761 1798 1769 1838 :
1785 1780 1920 1848 quemad-

1127 1873 1239 1928 modum
1265 1885 1342 1927 amcr
1366 1869 1412 1926 illc
1435 1869 1527 1936 nullis,
1542 1869 1686 1925 exhibetur
1712 1867 1761 1923 nisi
1790 1868 1922 1938 proximis

1128 1961 1218 2019 carme
1244 1969 1353 2017 nostrae.
1378 1959 1431 2016 Sed
1454 1974 1505 2015 nec
1526 1959 1593 2014 illud
1616 1957 1726 2029 quidem
1748 1958 1922 2028 discrepata

1128 2049 1235 2106 rarione
1253 2047 1448 2117 similitudinis,
1465 2046 1536 2121 quod
1552 2047 1597 2102 hic
1612 2045 1688 2104 solus
1703 2061 1718 2102 a
1732 2045 1858 2102 sensibus
1871 2061 1923 2118 per

1130 2151 1229 2209 corpus
1251 2134 1414 2192 diffunditur
1437 2135 1592 2192 urniscrsunr
1610 2152 1619 2191 z
1640 2135 1767 2205 quoniam
1795 2141 1824 2190 et
1845 2149 1923 2191 amor

1129 2225 1175 2282 ille
1198 2225 1326 2282 naturalis
1350 2233 1391 2281 cst
1408 2225 1482 2281 orani
1506 2225 1589 2292 carni,
1605 2224 1674 2282 adeo
1693 2233 1723 2279 ut
1738 2223 1799 2296 ipsa
1812 2239 1923 2296 quoque

1130 2312 1255 2368 animalia
1276 2312 1356 2368 bruta
1375 2322 1403 2367 et
1420 2311 1533 2384 diligant
1554 2310 1626 2368 letus
1647 2327 1711 2368 suos
1728 2317 1755 2366 et
1775 2311 1924 2385 diligantur

1130 2400 1164 2455 ab
1191 2399 1241 2456 eis.
1265 2401 1350 2456 timor
1372 2415 1480 2472 quoque
1504 2399 1612 2456 socialis
1635 2399 1725 2456 videre
1753 2399 1816 2455 licet
1839 2415 1923 2472 quam

1130 2489 1240 2561 proprie
1254 2487 1360 2546 dicatur
1377 2489 1467 2559 gussini
1489 2489 1640 2546 convenire.
1658 2489 1694 2545 cb
1718 2489 1845 2558 majorem
1860 2503 1926 2559 pro·

1131 2577 1202 2635 lecto
1216 2576 1396 2644 dulcedinem,
1412 2587 1440 2634 et
1457 2577 1585 2649 quonism
1606 2577 1652 2633 bic
1665 2592 1763 2634 sensus
1783 2578 1855 2634 solus
1868 2585 1922 2644 sat,

1130 2680 1185 2738 quc
1199 2664 1286 2739 magis
1300 2673 1362 2736 eget
1375 2667 1494 2722 bumana
1507 2667 1571 2724 rita.
1586 2668 1644 2724 Nec
1657 2667 1736 2724 siden
1747 2683 1802 2738 qua
1818 2668 1924 2724 ratione

1132 2757 1221 2813 sisere
1242 2755 1372 2811 dicendus
1394 2763 1444 2818 est,
1458 2757 1552 2812 saltem
1571 2757 1623 2814 hac
1645 2757 1781 2814 communi
1799 2757 1861 2822 sita,
1877 2757 1926 2829 qui

1131 2859 1184 2900 nou
1200 2857 1248 2899 eos
1269 2841 1356 2916 diligit
1369 2843 1441 2899 inter
1453 2859 1522 2915 quos
1541 2843 1615 2900 vivit.
1632 2845 1716 2902 hmcr
1730 2855 1818 2902 autam
1837 2860 1926 2918 gene·

1130 2933 1208 3000 ralis,
1237 2946 1291 2998 uuo
1318 2929 1445 2989 uidelicet
1477 2947 1572 2989 omues
1603 2935 1728 2990 bouunea
1762 2934 1923 3008 diliguntur,

1132 3023 1261 3078 odoratus
1283 3022 1365 3080 babet
1391 3021 1605 3092 similitudinem,
1628 3021 1656 3077 in
1680 3037 1713 3079 eo
1735 3021 1827 3094 utique
1850 3021 1925 3092 qrrod

1131 3109 1175 3168 bic
1189 3125 1286 3166 seusus
1299 3111 1356 3180 iarn
1369 3109 1512 3167 remotiora
1526 3111 1669 3183 percipiat,
1684 3117 1712 3167 et
1724 3110 1806 3183 qrrod,
1822 3125 1876 3167 uon
1891 3125 1925 3165 ex
2006 3116 2012 3126 ·

1133 3205 1190 3256 tcto
1219 3198 1337 3256 earnalis
1363 3198 1551 3257 delectationis
1573 3215 1681 3272 expers,
1704 3213 1737 3258 eo
1764 3207 1852 3257 tamen
1880 3208 1925 3255 tn·

1134 3286 1255 3344 nuicrem
1271 3302 1332 3343 eam
1352 3286 1459 3356 habeat,
1474 3301 1530 3358 quo
1546 3287 1731 3346 dillusionem.
1745 3288 1863 3345 Auditus
1877 3303 1926 3343 an·

1134 3381 1187 3429 tem
1202 3375 1286 3430 multo
1301 3375 1385 3448 magis
1401 3375 1545 3432 remotiora
1559 3377 1641 3448 capit,
1655 3391 1707 3432 uec
1720 3375 1789 3431 inter
1803 3375 1927 3431 homines

1134 3462 1167 3517 ab
1181 3472 1286 3517 amante
1299 3463 1442 3534 quisquam
1456 3463 1584 3520 remotior
1598 3469 1648 3534 est,
1659 3477 1739 3532 quum
1752 3477 1807 3517 uon
1822 3476 1925 3517 amans.

1133 3549 1254 3621 Denique
1268 3565 1327 3605 eum
1347 3550 1377 3605 in
1400 3550 1504 3607 uaeteris
1526 3551 1651 3609 sensibus
1672 3551 1801 3606 nonnulla
1818 3547 1925 3606 1107

1134 3637 1223 3692 carnis
1249 3637 1336 3708 ipsius
1358 3637 1507 3701 ,oblectatio
1530 3643 1575 3706 ait,
1599 3645 1627 3695 et
1650 3639 1737 3712 magis
1758 3639 1792 3694 ad
1818 3639 1934 3695 carnem'

283 3753 309 3810 ei
328 3769 490 3826 ,mumque
512 3754 674 3810 minim:
696 3765 724 3811 οι
743 3755 824 3812 vitam
849 3755 955 3828 quidem
978 3755 1005 3811 in
1024 3762 1081 3813 ww
1134 3724 1269 3794 pertinere
1300 3727 1454 3794 uideantur,
1484 3725 1591 3783 auditus
1617 3742 1690 3798 pene
1728 3733 1799 3781 totus
1831 3725 1886 3783 exit
1911 3741 1929 3779 a

283 3855 398 3912 corpore
424 3840 541 3897 invenies
567 3839 731 3898 uniimmem
758 3842 859 3914 (neque
889 3843 976 3910 enim,
1004 3843 1080 3901 verbi
1134 3827 1226 3882 carne,
1243 3820 1271 3870 et
1285 3813 1310 3871 ci
1326 3815 1464 3871 dilectioni
1478 3831 1532 3871 nnn
1546 3815 1680 3872 immerito
1699 3815 1843 3871 conuenire
1857 3815 1929 3868 ride-

284 3929 381 4005 ΜΕ,
400 3928 477 3985 ,pm
498 3927 564 3987 „qm
591 3929 686 3986 oculu,
708 3945 790 4001 qum
807 3929 945 3999 articulus,
969 3946 1080 3988 „nsum
1133 3902 1281 3971 turr,cujus
1295 3903 1612 3959 totncausaobadientie
1626 3904 1685 3958 est:
1702 3917 1783 3974 quam
1798 3902 1929 3974 peronae

284 4031 349 4076 vem
371 4032 425 4071 „on
449 4015 496 4072 qm·
521 4015 617 4084 Qum
639 4031 717 4090 mo,
740 4026 769 4073 up
789 4017 836 4073 fibi
860 4033 970 4091 quoque
991 4017 1081 4074 anima
1133 3988 1166 4045 ad
1180 3989 1377 4091 auditumusatis
1387 3991 1557 4059 euidensest,
1568 4005 1629 4047 curn
1639 3997 1808 4054 ceterarum,
1818 3998 1848 4045 ut
1857 3990 1928 4089 dixi·

284 4111 331 4163 gu,
344 4104 417 4177 (qum
435 4113 477 4163 esp
502 4103 561 4160 ,pue
582 4105 665 4160 dubio
684 4105 756 4161 Deus
775 4105 850 4177 ωιΙΒ)
864 4107 963 4162 simma
984 4107 1079 4179 pergin,
1133 4093 1203 4148 mua,
1214 4078 1389 4136 dilectionum
1408 4077 1661 4136 nonnullaacarne
1675 4087 1797 4135 sumatur
1810 4091 1928 4137 οιιιιιο.

285 4203 337 4250 tur.
360 4194 458 4263 Neque
484 4191 556 4248 enim
578 4192 670 4251 vivere
690 4192 805 4250 dicenda
832 4201 873 4250 eat
896 4195 995 4262 anina,
1019 4211 1078 4266 quae
1172 4196 1200 4249 3.
1215 4191 1300 4249 Porro
1325 4193 1397 4249 uism
1408 4193 1516 4267 quidem
1535 4193 1562 4248 in
1577 4207 1609 4249 eo
1624 4191 1676 4248 sibi
1693 4191 1810 4248 uindicat
1826 4191 1929 4247 amoris

284 4279 404 4338 aeduus
423 4295 476 4335 nou
495 4279 577 4335 babet
595 4279 786 4353 cognitionem,
801 4281 851 4338 sed
874 4281 960 4337 adbuc
980 4296 1084 4338 mortua
1137 4281 1220 4341 divini
1244 4279 1459 4347 similitudinem,
1472 4280 1545 4353 quod
1568 4281 1672 4338 celcris
1690 4281 1817 4337 omuibus
1839 4281 1930 4337 excel-

285 4374 328 4424 est
340 4367 368 4422 in
392 4366 550 4437 semetipum
566 4368 795 4438 quemadmodum
818 4377 844 4426 at
866 4385 899 4428 es
916 4369 973 4426 sine
987 4385 1081 4436 sensu,
1099 4369 1236 4450 uicatim
1254 4376 1282 4426 ct
1305 4369 1451 4444 singularis
1470 4369 1609 4440 cujusdam
1632 4377 1733 4426 natura
1752 4368 1932 4440 perspicacior

285 4473 346 4530 quur
371 4455 487 4512 necdum
510 4455 592 4511 babet
617 4455 799 4513 dilectionem.
823 4457 871 4514 Est
893 4473 959 4532 ergo
986 4459 1083 4516 animae
1137 4474 1247 4532 quoque
1266 4457 1371 4516 caetcris
1389 4457 1525 4515 invenitur
1545 4466 1572 4516 et
1595 4458 1726 4516 diacamit
1739 4458 1930 4514 mulieremq-

285 4545 350 4613 rita,
374 4543 492 4611 veritam
517 4559 631 4615 sensus,
650 4544 776 4602 charitas.
800 4545 857 4602 Nec
880 4547 985 4604 mireris
1009 4549 1083 4618 quod
1138 4545 1496 4622 tiora.1ieniqneodcratus
1514 4546 1666 4620 quidemst
1684 4545 1932 4602 auditnsridentur

286 4631 421 4690 interdum
449 4631 549 4688 animas
576 4631 719 4701 impiorum
743 4635 865 4692 ιοιιιιιιιι
888 4635 988 4693 habeut
1010 4639 1084 4695 seri·
1137 4637 1229 4711 utiquc
1243 4643 1345 4693 remota
1359 4635 1472 4706 sentira;
1492 4635 1540 4692 sed
1553 4634 1587 4690 ad
1611 4651 1641 4691 se
1654 4633 1743 4707 magis
1761 4648 1844 4706 quem
1864 4649 1930 4690 sen-

287 4723 359 4790 tatis,
372 4737 433 4794 quae
453 4729 542 4778 tamen
560 4727 686 4792 expertes
706 4729 769 4780 suat
788 4723 949 4781 charitatis:
973 4727 1084 4800 quando
1137 4727 1204 4784 tiant
1217 4739 1307 4781 aerem
1331 4724 1486 4792 creduntur,
1502 4725 1647 4781 attrahere.
1663 4723 1743 4778 Visus
1761 4729 1853 4778 autem
1877 4737 1932 4778 non

286 4810 355 4867 etin
373 4808 536 4882 corporibus
550 4809 685 4867 nonnullis
699 4810 781 4867 uitam
796 4813 899 4884 reperis
918 4812 1083 4881 sinesensu,
1121 4809 1183 4887 ita,
1212 4815 1261 4870 aed
1284 4815 1370 4886 magis
1396 4816 1454 4886 ipsc
1479 4813 1553 4870 exire
1580 4813 1689 4872 uidetur
1716 4820 1744 4870 et
1772 4812 1806 4869 ad
1828 4819 1933 4868 remota

288 4906 318 4953 ut
343 4905 406 4954 sunt
433 4899 545 4956 arbores
572 4905 723 4972 caeteraque
746 4899 853 4968 siuriiia,
878 4902 995 4958 animata
1022 4903 1085 4975 qui·
1139 4904 1296 4974 procedere.
1325 4901 1369 4959 Sic
1397 4909 1424 4958 ct
1452 4901 1480 4956 in
1513 4900 1704 4958 dilectionibus
1731 4907 1782 4957 eat.
1807 4897 1933 4969 Quodam

287 4987 359 5053 dem,
378 4985 428 5044 serl
454 4986 629 5055 animatione,
653 4998 681 5044 et
703 5005 758 5046 uun
781 4989 879 5045 anima.
903 4989 1085 5059 Quemadmo·
1139 4990 1217 5046 mcdo
1250 4989 1321 5046 cuim
1350 4989 1507 5046 attrahimus
1534 4988 1777 5062 proximumques
1803 4994 1932 5061 tanquam

287 5073 353 5130 dum
366 5082 394 5130 et
410 5073 507 5130 animae
530 5075 682 5149 iniquorum
700 5078 820 5136 ueritatis
843 5077 943 5135 habent
960 5080 1084 5138 notitiam
1137 5081 1280 5150 nosipsos
1303 5076 1466 5153 diligemus:
1490 5077 1650 5136 attrahimus
1667 5085 1694 5134 ιι
1712 5075 1849 5148 inimicos,
1863 5092 1933 5149 quos

287 5163 403 5220 naturali
430 5163 545 5234 ιιιιοιιι,
565 5180 628 5235 ques
652 5175 740 5223 umen
761 5166 895 5222 interdum
919 5167 1085 5239 adjuventur
1138 5167 1171 5222 ad
1200 5167 1252 5224 boc
1282 5167 1420 5243 diligimus
1447 5176 1477 5224 ut
1504 5167 1560 5224 sint
1587 5175 1615 5224 et
1639 5165 1693 5236 ipsi
1720 5167 1788 5223 sicut
1819 5181 1880 5234 ιοι,
1904 5163 1932 5219 id

286 5269 302 5309 a
325 5253 422 5326 gratia,
437 5267 497 5310 curn
524 5253 676 5310 nullatenus
695 5271 759 5312 sane
773 5255 926 5313 animentur
939 5256 975 5311 ab
997 5271 1038 5314 ea.
1053 5257 1084 5313 ln
1137 5263 1178 5312 est
1196 5262 1225 5311 ut
1248 5256 1304 5314 sint
1325 5255 1414 5314 amici.
1438 5257 1527 5314 Deum
1549 5271 1615 5312 vero
1639 5255 1672 5323 si,
1695 5264 1726 5312 ut
1745 5255 1857 5328 dignum
1880 5259 1931 5324 est,

288 5340 330 5396 bis
352 5351 442 5398 autem
466 5339 566 5413 quibus
588 5349 616 5398 ιι
637 5343 819 5415 cognitionem
837 5343 969 5412 ueritatis,
992 5352 1018 5400 et
1040 5345 1083 5399 di·
1139 5353 1192 5417 tota
1227 5345 1335 5411 virtute,
1369 5355 1424 5403 tota
1452 5346 1553 5412 anima,
1578 5345 1643 5401 todo
1670 5344 1753 5401 corde
1784 5341 1932 5416 diligimus,

286 5429 428 5486 lectionem
458 5431 547 5486 anima
576 5429 726 5502 spiritualis
758 5431 887 5500 infundit,
920 5449 972 5491 ucu
1006 5439 1083 5490 exte-
1138 5432 1190 5503 ipsi
1213 5433 1301 5506 magis
1327 5435 1353 5489 in
1375 5449 1435 5488 cum
1460 5433 1607 5506 pergimus,
1632 5442 1660 5489 et
1682 5441 1739 5488 tots
1764 5428 1933 5488 resonatione

287 5515 352 5572 riori
372 5515 497 5588 quntiuet
522 5521 612 5584 modo,
629 5519 677 5576 sed
692 5527 820 5592 tanquam
838 5519 928 5577 anima
950 5520 1083 5591 ipsorum,
1136 5521 1163 5577 in
1183 5537 1256 5588 eum,
1271 5522 1316 5596 qui
1331 5521 1506 5580 ineffabiliter
1520 5537 1603 5592 supra
1616 5535 1667 5578 uos
1679 5526 1732 5586 est,
1743 5533 1932 5594 properamus.

285 5602 331 5658 cui
356 5603 522 5662 adherentes
552 5621 621 5664 uuus
649 5605 851 5679 spiritualium
878 5623 940 5666 cum
972 5623 1021 5680 ea;
1055 5608 1083 5664 in
1173 5611 1200 5666 ι.
1219 5610 1278 5668 lam
1302 5626 1366 5668 seru
1388 5621 1415 5670 et
1436 5610 1463 5667 id
1484 5609 1660 5666 manifestum
1682 5615 1735 5674 est,
1752 5605 1882 5679 quoniam
1904 5605 1932 5661 iu

286 5690 342 5764 his,
367 5689 488 5764 inquam,
516 5690 632 5754 indiuisa
659 5700 702 5752 est
728 5693 850 5768 cognitio
877 5695 1006 5762 imitatis,
1034 5709 1082 5752 se·
1137 5697 1259 5768 corporis
1282 5697 1406 5754 sensibus
1433 5699 1506 5756 visus
1528 5697 1637 5771 quidem
1662 5689 1769 5756 cactems
1793 5693 1931 5759 omnibus,
