4150 6348
259 355 313 418 ost
738 353 766 412 S.
786 348 955 414 nuuuuuui
974 346 1110 410 assuris
1135 343 1444 410 umuutuutnusis
1851 343 1906 406 tta

257 483 375 542 monam
386 479 487 554 puriter
500 483 529 536 st
541 477 737 554 cogitationum
746 493 857 538 suarum
867 493 966 554 greges
977 491 1055 534 mens
1070 491 1094 588 ᾖ
1109 475 1225 552 deiciat,
1240 477 1340 538 iratres
1353 475 1484 552 mei,quia
1497 490 1552 534 uon
1561 481 1603 534 est
1613 473 1668 532 boc
1681 473 1776 532 uiuum
1788 472 1904 530 bouum.

255 572 370 630 sollicita
383 568 529 644 vigilanter
542 567 673 628 intendat.
683 568 718 626 lit
732 569 802 626 bene
813 566 875 624 buio
892 565 974 626 dator
988 581 1051 624 om·
1110 563 1212 624 Bonum
1223 568 1319 626 vinum
1334 581 1389 624 non
1401 583 1436 624 ex
1449 565 1526 623 vinea
1550 563 1724 635 impuritatis,
1741 562 1791 620 sed
1805 577 1840 620 ex
1855 563 1905 634 hp-

252 660 296 718 nis
308 659 441 726 custodia,
465 673 480 714 a
495 673 551 730 quo
564 665 677 716 caeteras
690 673 800 731 quoqne
812 658 880 714 duas
905 655 1053 726 procedere
1105 653 1166 712 dria
1181 655 1375 724 purificationis
1395 654 1530 711 hauritur.
1553 653 1658 710 Bonum
1673 651 1778 724 uiuum,
1799 666 1856 709 uon
1871 667 1904 708 ex

251 757 373 808 constat:
389 746 442 804 uisi
460 745 566 804 im
587 746 667 814 iorte,
684 747 758 819 qnod
773 744 858 802 absiti
872 743 1052 802 simulationis
1105 759 1158 800 uva
1172 743 1333 802 Gomorrha
1346 741 1499 811 conficitur,
1515 743 1563 800 sed
1578 757 1611 798 ex
1626 757 1696 812 aqua
1710 741 1824 798 tudaee.
1836 741 1904 798 Ser-

250 843 381 910 ger'sntur
411 833 513 908 studio,
529 844 557 892 ει
575 834 684 904 pietatis
712 837 827 891 babeam
850 833 977 905 speciem,
997 847 1051 888 non
1104 832 1188 900 vorti,
1204 832 1301 906 iuquit,
1317 831 1420 890 bonum
1434 834 1534 891 viuum
1547 845 1634 906 usquc
1649 830 1744 888 εάιιιιε
1761 829 1855 902 (loon.
1871 845 1903 896 u,

249 927 387 984 virtutem.
414 924 489 982 Siout
517 922 588 980 euim
617 923 700 980 fontis
726 939 796 979 rena
820 922 983 989 scaturiens,
1001 920 1052 976 nisi
1104 923 1131 988 3,
1149 921 1201 993 ιο).
1216 921 1286 978 Nam
1300 920 1433 993 optimum
1447 919 1556 990 quidem
1570 919 1663 978 uiuum
1682 925 1805 976 seruatur
1819 919 1902 976 etiam

249 1014 338 1073 iussas
352 1021 416 1072 ante
431 1011 580 1086 repleverit
598 1012 768 1084 adjacentes,
788 1026 841 1068 neo
862 1009 986 1075 refluere,
1002 1025 1051 1066 nec
1103 1025 1191 1081 usque
1205 1010 1304 1077 adbuc,
1317 1013 1391 1082 quod
1406 1009 1531 1066 uidelicet
1547 1025 1603 1066 non
1618 1025 1651 1066 ax
1666 1023 1737 1082 aqua
1751 1005 1902 1066 conficien-

252 1105 352 1172 sedari,
368 1119 419 1161 nee
433 1103 461 1159 iu
475 1103 560 1160 situm
590 1117 650 1158 sese
672 1101 766 1159 tollere
791 1098 957 1172 praevalebit,
976 1099 1050 1171 quod
1103 1099 1179 1168 dum,
1194 1099 1242 1174 sed
1256 1099 1463 1171 exprimendum
1482 1099 1568 1172 magis
1591 1114 1623 1156 ex
1641 1101 1720 1155 botro
1739 1096 1787 1154 illo
1800 1111 1903 1171 magno

254 1191 384 1250 videlicet
399 1191 465 1246 alius
479 1197 626 1261 occupetur
642 1188 699 1246 :sic
713 1190 849 1246 humanus
864 1187 979 1254 unimus,
995 1189 1048 1244 do·
1102 1193 1185 1244 terrae
1201 1187 1398 1260 promissionis,
1414 1187 1461 1259 qui
1483 1187 1591 1244 interim
1615 1186 1642 1243 in
1667 1194 1746 1244 vecte
1768 1193 1901 1258 portatur,

250 1295 370 1348 neceas,
395 1295 464 1353 quas
477 1277 665 1350 prediximus,
685 1293 782 1334 manus
797 1285 824 1334 et
838 1277 939 1350 linguae
952 1284 1048 1333 custo-
1101 1276 1168 1333 dum
1183 1276 1335 1334 secundum
1350 1292 1459 1334 earnem
1477 1275 1603 1334 novimus
1617 1275 1766 1344 Christum,
1781 1283 1808 1331 et
1831 1275 1903 1334 bunc

251 1369 312 1425 dias
339 1368 454 1426 solerter
480 1367 603 1440 impleat,
619 1381 669 1424 nec
695 1367 729 1422 ad
757 1365 904 1440 perfectam
923 1366 993 1422 banc
1006 1365 1048 1422 sui
1101 1363 1269 1422 crucifixum.
1284 1365 1421 1437 Numquid
1436 1381 1491 1421 nou
1516 1362 1556 1420 iili
1578 1365 1674 1421 uiuum
1695 1363 1831 1422 deiecerat
1854 1365 1900 1436 qui

246 1457 336 1532 ipsius
350 1458 451 1531 poterit
465 1455 566 1513 reflecti
577 1471 682 1524 curam,
697 1471 749 1513 nee
760 1455 880 1526 jucunda
895 1454 1048 1512 devotionis
1101 1453 1225 1512 dicebat:
1242 1455 1346 1512 Reuoit
1357 1454 1499 1511 concolori
1508 1454 1675 1510 oadnomeo
1686 1451 1761 1508 ised
1771 1457 1798 1508 et
1807 1450 1900 1508 riuum

244 1545 443 1618 tranquillitate
458 1543 523 1616 isui,
543 1559 594 1601 nec
612 1543 639 1599 in
654 1541 799 1600 sublimem
810 1541 910 1601 diuina
924 1551 1046 1600 contem·
1101 1556 1198 1614 aquam
1212 1541 1312 1598 iactum
1327 1547 1455 1614 pastura
1477 1539 1553 1596 risus
1576 1551 1627 1610 est,
1643 1555 1708 1598 cum
1731 1537 1872 1614 subjunxit
1891 1557 1899 1597 ε

245 1634 375 1706 piatiouis
390 1631 523 1707 proicere
538 1633 664 1707 gradum.
679 1631 740 1700 Eia,
758 1632 867 1698 iratres,
883 1631 906 1686 si
920 1646 1045 1702 supernae
1102 1631 1323 1704 Nemorsuiltet',
1335 1635 1364 1690 ct
1374 1630 1533 1690 delectatus
1543 1646 1605 1686 som
1613 1629 1701 1702 (Psoi.
1710 1642 1810 1696 nsum,
1821 1631 1847 1697 3,
1859 1629 1900 1698 i.)

247 1721 409 1780 visitationis
437 1721 552 1796 gratiam
569 1721 729 1793 quaerimus,
758 1721 799 1778 sic
825 1735 992 1792 postumum
1025 1719 1048 1776 si
1064 1723 1087 1802 fl
1101 1719 1173 1790 Quid
1187 1720 1259 1776 enim
1274 1719 1353 1778 iamet
1366 1719 1394 1776 in
1409 1719 1566 1790 prasentia,
1580 1718 1626 1792 qui
1642 1718 1671 1774 in
1691 1717 1751 1775 sola
1770 1717 1900 1776 memoria

246 1811 403 1882 spirituales
417 1810 617 1868 consolationes
644 1809 833 1866 desideramus
848 1807 995 1880 percipere,
1010 1807 1049 1864 sic
1102 1807 1278 1868 delectatur?
1292 1808 1338 1864 Sic
1352 1817 1380 1866 et
1393 1808 1510 1881 apostoli
1526 1808 1606 1881 plane
1616 1809 1710 1866 ninum
1724 1822 1821 1879 aquam
1839 1805 1897 1863 iuu-

245 1907 387 1974 petamus;
404 1898 427 1954 si
441 1899 540 1956 ooelum
557 1898 636 1954 nobis
660 1898 762 1970 aperiri
775 1895 914 1972 cupimus,
930 1897 970 1954 sie
983 1897 1047 1970 pul·
1103 1897 1468 1972 tumgustaueruntquando
1478 1900 1899 1972 usurpaodrecerneouapeetu

246 2002 347 2044 seruus.
368 1987 425 2043 iloc
447 1985 566 2058 denique
584 1985 684 2057 triplici
700 1985 780 2042 modo
794 1985 949 2058 vigilemus,
975 1986 997 2040 si
1013 1985 1045 2039 sd
1100 1988 1223 2057 concilii,
1230 1988 1365 2062 quonium
1374 1988 1454 2060 dipoi
1464 1986 1554 2046 motti
1562 1991 1631 2046 aaut
1644 2003 1693 2060 pro
1703 1987 1820 2044 nomine
1831 1987 1898 2044 lesu

244 2076 352 2149 unptiaa
366 2075 491 2132 volumus
509 2075 613 2131 intrare
638 2090 698 2132 cum
720 2089 821 2146 sponso
844 2074 910 2130 lesu
939 2073 1045 2130 Christo
1100 2077 1302 2136 contumelium
1310 2077 1375 2150 poti
1386 2077 1461 2148 (Act.
1475 2091 1503 2145 v,
1516 2076 1573 2148 tt).
1584 2076 1728 2148 Quomodo
1739 2090 1793 2131 non
1803 2074 1898 2130 viuum

243 2163 360 2224 Domirm
370 2171 476 2231 nostro,
488 2163 535 2236 qui
550 2174 591 2220 est
605 2163 763 2220 benedimam
776 2162 805 2218 in
820 2161 932 2220 saecula.
943 2165 1041 2218 Amen.
1099 2180 1131 2222 aa
1147 2181 1227 2238 aqua,
1244 2165 1373 2238 gaudium
1394 2165 1430 2223 de
1455 2165 1639 2222 contumelia?
1653 2163 1786 2220 Nimirum
1801 2161 1834 2218 ir
1841 2163 1898 2236 ple-

523 2269 642 2328 suppo
664 2269 762 2326 xpm,
1096 2253 1177 2311 batur
1189 2255 1246 2325 jum
1262 2254 1408 2328 promissio
1425 2253 1565 2328 Veritatis,
1583 2250 1696 2309 lm
1710 2267 1773 2328 quse
1790 2250 1826 2309 ad
1848 2266 1897 2308 ens

245 2362 284 2418 pe
297 2358 399 2432 paparo
414 2359 571 2431 aperiemus,
588 2358 681 2418 ,pm
694 2358 784 2417 verpa,
798 2359 935 2500 Apostoli,
952 2377 965 2410 α
982 2358 1044 2416 po,
1097 2339 1168 2400 iacta
1177 2342 1392 2400 erstbocmodo:
1408 2341 1896 2402 Triatltrbuestroconuerteretura'a

282 2431 507 2504 eatrepuombei
516 2445 579 2488 mcc
589 2434 617 2489 et
625 2435 721 2504 potua,
733 2449 745 2480 a
758 2437 810 2488 etc.
826 2431 973 2496 Romxrv,
986 2429 1043 2501 ii.)
1096 2431 1233 2504 predium
1244 2430 1336 2502 (loon,
1346 2447 1400 2496 ιιι,
1414 2432 1460 2500 20)
1473 2449 1482 2498 ς
1497 2430 1550 2487 boc
1563 2439 1613 2500 est,
1623 2445 1694 2502 aqua
1705 2437 1796 2486 restra
1807 2436 1897 2488 verte·

281 2523 308 2576 i.
331 2519 402 2590 Quid
425 2517 663 2594 pretergredimur
681 2519 772 2587 uiam,
788 2517 835 2590 qui
853 2518 887 2573 ad
914 2517 1043 2592 gaudium
1097 2519 1182 2576 turin
1197 2520 1300 2576 uinum.
1316 2519 1424 2576 iliraris
1437 2519 1509 2592 qnod
1524 2519 1552 2574 in
1566 2519 1657 2576 sinum
1671 2533 1743 2591 aqua
1751 2517 1895 2575 mutaturi

242 2605 943 2682 properamusilistquidemgaudiumiu[als'ur,del
954 2621 1040 2682 reguo
1097 2609 1178 2666 etiam
1195 2609 1289 2665 transit
1304 2609 1331 2664 in
1346 2623 1445 2680 penem
1461 2627 1468 2665 ε
1485 2606 1538 2662 uisi
1552 2606 1623 2663 iorte
1638 2606 1739 2663 obiitus
1759 2620 1789 2662 es
1802 2619 1895 2662 come·

242 2697 302 2764 Dei,
316 2697 431 2754 sednon
447 2697 564 2768 primum
581 2695 677 2769 iatius,
688 2694 838 2768 premium]
849 2702 900 2751 est.
913 2695 960 2752 list
970 2711 1039 2769 gau·
1095 2698 1161 2756 dere
1179 2711 1278 2772 panem
1294 2707 1454 2764 tuumeum
1468 2696 1569 2768 dequo
1593 2693 1681 2770 lepisti
1699 2711 1706 2750 ι
1724 2693 1831 2752 ditabis
1843 2709 1894 2754 nos

240 2784 314 2841 dium
328 2786 364 2842 de
383 2799 468 2856 reguo
481 2783 542 2852 liei,
560 2784 608 2840 sed
634 2801 688 2840 nou
703 2784 835 2858 gaudium
849 2785 968 2851 carnale,
984 2799 1039 2841 non
1096 2774 1171 2861 peric
1181 2788 1419 2860 commoramur
1428 2783 1614 2858 potumdobt'a
1624 2782 1703 2840 uobis
1713 2784 1745 2839 iu
1760 2782 1893 2855 lacrymas

239 2872 368 2947 gaudum
378 2875 580 2943 saecutrre,non
591 2872 806 2942 gaudiuman'us
821 2880 939 2928 extrema
950 2871 1037 2929 luctus
1092 2878 1126 2934 in
1139 2875 1374 2946 mensuroffsot.
1392 2889 1491 2940 ιιιιι,
1509 2870 1761 2945 b),1ieniqueaudi
1784 2887 1893 2928 mensu·

238 2971 362 3032 occupat,
379 2961 428 3016 sed
443 2959 470 3016 in
486 2959 562 3031 quod
584 2961 672 3034 magis
694 2959 801 3016 tristitia
824 2961 941 3018 vertitur
958 2978 964 3018 :
980 2976 1036 3018 non
1090 2981 1163 3024 ram:
1174 2962 1619 3036 uroet,eu‚tapadeaeupdrioesee
1625 2959 1892 3034 pertimescendum

236 3047 488 3124 deniquegsudium
504 3050 655 3121 eorumqui
671 3049 795 3104 letantur
808 3064 870 3105 cum
885 3049 955 3104 mele
965 3024 1074 3106 fece-0
1094 3052 1323 3126 purificationem
1330 3052 1496 3108 iudeorum
1505 3051 1595 3119 (loon.
1604 3064 1635 3118 u,
1651 3051 1688 3118 6).
1704 3047 1733 3104 Si
1742 3063 1824 3106 serus
1840 3047 1892 3103 lu·

237 3137 300 3207 rint,
315 3153 367 3194 nec
380 3136 526 3194 exsultatio
540 3153 601 3210 quae
622 3136 651 3193 in
676 3137 760 3194 rebus
787 3135 913 3210 pessimis
926 3144 977 3205 est,
995 3139 1044 3194 sed
1096 3141 1171 3197 daeus
1185 3156 1224 3210 es,
1241 3155 1295 3196 nou
1309 3155 1399 3206 mane,
1409 3139 1457 3195 sed
1468 3137 1636 3210 spiritu;ses
1651 3136 1729 3192 aunis
1739 3136 1853 3203 seruies,
1863 3135 1890 3192 in

235 3225 365 3300 goudium
378 3225 406 3281 iu
421 3225 521 3299 Spiritu
536 3234 638 3284 sancto.
651 3225 728 3283 Unde
740 3233 830 3282 autem
852 3227 904 3282 boc
913 3225 1042 3300 gaudium
1095 3229 1211 3302 septimo
1225 3229 1292 3285 liber
1301 3227 1450 3301 egredieris
1463 3248 1471 3287 :
1483 3227 1511 3283 in
1521 3243 1568 3284 εει
1577 3224 1680 3298 hydriis
1691 3223 1891 3297 purificaberis,

232 3315 354 3386 interim,
370 3313 421 3371 nisi
436 3316 471 3371 de
482 3315 588 3385 justitia
601 3325 629 3372 et
644 3330 711 3386 pace
728 3314 870 3386 procedit?
884 3315 949 3388 ipsa
963 3329 1028 3387 ergo
1095 3333 1146 3376 sex
1159 3317 1257 3374 diebus
1270 3316 1437 3388 operaberis,
1453 3315 1480 3372 iu
1496 3331 1546 3372 sex
1560 3313 1777 3374 tribulationibus
1786 3315 1892 3372 libera-

234 3405 381 3473 prooedant
408 3413 534 3476 tauquam
561 3403 668 3460 oeliulae
688 3403 786 3472 meilis,
807 3411 835 3457 ut
851 3399 931 3458 isciie
945 3401 1036 3459 adbuc
1095 3406 1186 3474 beris;
1208 3415 1235 3462 et
1257 3407 1284 3461 in
1305 3405 1421 3475 septima
1442 3419 1498 3461 non
1523 3405 1616 3476 tanget
1647 3413 1674 3460 ta
1697 3404 1810 3460 malum.
1829 3405 1892 3461 Non

234 3491 344 3550 labilem
356 3491 492 3566 liquorem
515 3491 655 3548 suauitatis
671 3493 784 3548 solidior
818 3492 906 3564 possit
921 3492 1035 3548 materia
1095 3494 1185 3550 solum
1200 3502 1289 3551 autem
1303 3493 1460 3550 liberaberis
1475 3493 1504 3550 in
1519 3491 1568 3562 eis,
1584 3494 1633 3550 sed
1648 3501 1675 3548 et
1697 3491 1790 3550 vinum
1814 3492 1893 3548 bibes

234 3581 383 3638 continere.
398 3579 458 3638 Erit
469 3582 578 3652 quando
588 3582 642 3652 jam
655 3579 719 3652 ipso
735 3579 851 3652 simplici
864 3581 945 3636 melle
963 3579 1037 3636 irue-
1094 3598 1126 3638 ex
1138 3582 1188 3648 eis,
1203 3581 1248 3638 ubi
1263 3581 1380 3654 coepmis
1393 3582 1470 3652 justa
1479 3582 1641 3653 Apostolum
1650 3579 1764 3654 gloriari
1779 3597 1835 3638 non
1845 3596 1893 3638 so-

236 3683 307 3740 mur,
324 3677 351 3725 et
365 3668 495 3743 gaudium
506 3676 633 3724 nostrum
650 3668 763 3741 pienum
777 3676 806 3724 et
818 3685 917 3742 purum
933 3668 994 3739 erit,
1011 3677 1041 3726 ut
1092 3671 1151 3728 lum
1161 3671 1255 3742 inape,
1267 3671 1313 3727 sed
1327 3671 1406 3728 etiam
1422 3671 1449 3725 in
1465 3670 1683 3728 tribulationibus
1691 3672 1779 3740 (Nora.
1795 3687 1824 3738 ι,
1840 3671 1892 3742 3.).

237 3772 294 3814 nou
310 3758 394 3814 modo
420 3755 450 3814 in
472 3756 586 3830 Spiritu,
617 3755 666 3813 sed
681 3758 714 3812 de
741 3757 801 3827 ipso
815 3773 924 3830 qnoque
939 3757 1041 3830 Spiritu
1129 3763 1156 3815 3.
1173 3761 1230 3816 lloc
1244 3759 1318 3816 enim
1341 3771 1381 3817 est
1401 3759 1499 3832 duplex
1523 3760 1632 3817 interim
1656 3759 1801 3834 gaudium,
1818 3761 1893 3832 quod

241 3845 421 3918 gaudeamus.
446 3845 503 3901 Brit
527 3845 638 3918 quando
660 3845 825 3902 omnimodis
846 3846 896 3902 erit
910 3845 1039 3920 gaudium
1092 3848 1176 3905 babes
1190 3847 1217 3903 iu
1232 3848 1336 3918 Spiritu
1350 3855 1454 3916 sancto,
1469 3849 1503 3904 de
1521 3849 1655 3905 memoria
1670 3847 1825 3906 futurorum
1840 3852 1891 3906 bu-

238 3934 389 4007 spirituaie,
407 3942 435 3990 ut
449 3933 600 4004 nuliisjam
614 3933 756 4008 corporeis
771 3934 964 3992 occasionibus
989 3951 1039 3991 es·
1092 3953 1199 4010 norum,
1227 3944 1254 3991 et
1280 3937 1417 3993 malorum
1450 3937 1624 4008 presentium
1660 3936 1814 3996 tolerantia.
1849 3938 1892 3994 Nil

240 4022 351 4096 citetur,
379 4038 434 4081 non
452 4023 580 4096 operibus
602 4021 804 4091 misericordia,
833 4038 888 4080 non
916 4023 1041 4096 lacrymis
1092 4029 1192 4098 quippe
1207 4026 1234 4081 in
1249 4024 1293 4083 his
1308 4027 1415 4082 omunia
1429 4027 1509 4098 sapit,
1526 4025 1762 4098 uilsaeculare,oil
1775 4043 1889 4096 ouuum;

241 4112 419 4184 poenitentiae,
436 4127 490 4167 non
517 4106 709 4170 exercitatione
733 4109 858 4184 justitiae,
874 4126 928 4168 nou
944 4111 1040 4182 proba·
1093 4116 1141 4172 sed
1156 4113 1273 4184 Spiritus
1286 4113 1408 4170 ueritatis
1427 4123 1455 4171 et
1467 4113 1587 4172 eoeiestis
1597 4114 1731 4186 sapientia
1745 4125 1796 4187 est,
1810 4117 1889 4186 eujus

240 4201 316 4256 tione
330 4200 476 4272 patieutis,
492 4201 540 4256 sed
560 4201 619 4271 ipsu
637 4199 723 4274 magis
749 4200 891 4272 praeseutia
910 4199 1037 4270 Spiritus,
1093 4201 1122 4258 in
1141 4214 1254 4274 utraque
1268 4202 1388 4260 suauitas
1402 4202 1566 4274 prelibatus.
1590 4205 1711 4262 medea
1725 4206 1757 4260 irs
1770 4206 1889 4264 Domino

240 4289 269 4344 in
283 4305 364 4361 quem
388 4287 544 4345 desiderant
568 4287 620 4358 ipsi
647 4287 729 4344 etiam
753 4287 842 4360 angeli
862 4286 1034 4359 prospicere.
1052 4289 1255 4386 „sempermit
1268 4290 1416 4363 Apostolus
1427 4310 1435 4360 3
1446 4291 1772 4364 ttersmdiromaudete.
1784 4295 1818 4350 lit
1836 4295 1890 4352 du·

240 4377 352 4434 Interim
367 4392 432 4434 sane
445 4375 519 4433 reiut
541 4375 606 4432 salis
620 4376 682 4432 loco
705 4375 839 4447 sapientia
852 4375 919 4430 mihi
938 4383 1037 4434 castere
1091 4380 1169 4454 plicis
1181 4379 1264 4450 hujus
1277 4378 1368 4454 gaudii
1384 4379 1525 4436 maurium
1542 4389 1652 4438 secutus
1666 4382 1811 4452 adiunxit:
1830 4383 1887 4442 ilo·

241 4466 341 4533 condit,
358 4473 487 4538 tanquam
499 4481 553 4522 non
568 4465 604 4520 sit
617 4464 710 4538 etipsa
720 4465 806 4522 cibus.
823 4464 934 4520 interim
947 4465 1036 4537 prius·
1088 4467 1179 4526 deciis
1192 4472 1285 4527 vestro
1295 4469 1554 4526 mortesmortes
1564 4470 1888 4540 bumiusbuuliominatr

240 4569 321 4628 quam
335 4559 490 4622 comedam,
512 4553 634 4624 suspiro,
655 4562 682 4610 et
695 4569 746 4609 uec
764 4560 829 4610 tunc
843 4552 954 4626 quidem
967 4569 1034 4626 par·
1086 4575 1174 4634 prope
1187 4562 1229 4616 ert
1244 4557 1379 4634 (Philipp.
1395 4572 1435 4627 ιι,
1451 4558 1478 4628 i,
1493 4557 1532 4629 ιι).
1547 4555 1617 4628 Quid
1633 4558 1768 4616 modestis
1782 4569 1887 4628 nostra,

240 4646 343 4714 mittor,
361 4653 390 4701 ut
403 4641 514 4717 glutiam
531 4643 643 4698 saliuam
658 4657 756 4699 meum.
772 4641 902 4698 listenim
917 4643 1034 4716 sapiens.
1088 4647 1142 4703 nisi
1152 4649 1330 4705 mansuetudo
1339 4653 1366 4704 et
1381 4644 1508 4720 patientia
1519 4645 1768 4704 estiGaudesmus
1778 4663 1845 4722 erpo
1854 4649 1889 4706 da

238 4733 412 4806 cuiqumque
426 4749 472 4789 res
495 4733 603 4806 sapiunt
623 4741 705 4804 prout
719 4741 792 4788 sunt.
818 4733 869 4788 Cui
893 4748 960 4790 vero
976 4732 1036 4805 ipsa
1088 4736 1131 4792 his
1145 4753 1205 4810 quse
1224 4743 1423 4808 exspectamus,
1437 4734 1564 4808 quonium
1579 4735 1714 4792 Dominus
1735 4753 1825 4812 prope
1836 4747 1886 4796 est

236 4821 295 4892 jam
310 4819 337 4874 in
352 4837 391 4886 se,
419 4829 499 4888 prout
523 4829 575 4886 est,
591 4819 721 4892 sapientia
734 4821 817 4895 sapit,
832 4819 856 4878 is
882 4836 937 4878 uon
952 4823 1035 4879 modo
1088 4825 1190 4881 lterum
1204 4823 1372 4898 gaudeamus
1380 4825 1415 4880 de
1426 4823 1467 4878 bis
1476 4839 1537 4895 que
1547 4824 1724 4896 sustinemus,
1734 4837 1765 4883 ut
1778 4831 1888 4884 modes·

239 4907 357 4982 sapiens,
366 4909 415 4965 sed
428 4908 510 4964 etiam
524 4908 621 4965 beatus
632 4917 683 4968 est.
699 4909 802 4982 Nempe
818 4911 870 4967 hoc
885 4920 927 4966 est
941 4910 1036 4969 uidere
1089 4911 1125 4970 tia
1138 4920 1230 4970 nostra
1242 4912 1369 4968 omuibus
1383 4921 1446 4968 nota
1459 4911 1503 4968 sit.
1515 4911 1648 4968 Nimirum
1664 4912 1813 4972 tribulatio
1835 4934 1889 4990 pu·

239 4997 327 5055 Deum
345 4997 423 5056 sicuti
439 5007 496 5070 est;
510 5008 591 5072 atque
605 4997 648 5054 bic
661 4997 770 5072 quidem
784 4997 903 5055 fluminis
918 5001 1035 5070 impetus
1091 5004 1224 5060 iicuiiom
1237 5008 1380 5076 operatur,
1391 5002 1532 5073 patientia
1543 5001 1749 5074 probationem,
1758 5003 1888 5076 probatio

237 5085 380 5145 letificans
393 5086 529 5144 ciuitatem
539 5087 601 5160 θεὶς
618 5087 662 5145 bic
676 5089 785 5146 torrens
799 5087 960 5160 uoluptatis3
978 5088 1037 5143 baec
1087 5107 1152 5150 vero
1166 5107 1254 5166 spent,
1263 5107 1325 5165 sper
1334 5093 1496 5150 autemnon
1511 5077 1663 5163 confundit
1676 5089 1836 5164 (Romus,
1849 5093 1888 5168 5).

236 5176 356 5250 denique
370 5177 480 5234 ubertas
494 5176 633 5234 inebrians
642 5183 693 5234 est.
1127 5184 1154 5236 l.
1170 5181 1242 5236 Sane
1255 5189 1285 5236 ut
1299 5180 1413 5237 idoneus
1427 5177 1474 5235 fiat
1485 5179 1594 5237 animus
1603 5181 1722 5254 geminae
1738 5183 1889 5254 buicspiri·

272 5271 300 5322 ι.
316 5265 393 5323 Nune
407 5281 482 5338 uero,
499 5267 624 5338 minino,
641 5267 733 5324 vinum
746 5281 799 5321 non
813 5265 930 5324 babent:
946 5263 1036 5321 delicit
1090 5268 1159 5327 tneli
1183 5267 1283 5325 laetitia
1304 5268 1491 5341 capessendae,
1516 5268 1571 5324 duo
1594 5285 1672 5342 aequa
1694 5270 1728 5326 ad
1751 5269 1887 5342 justitiam

234 5357 306 5414 enim
321 5357 349 5412 in
363 5357 406 5413 bis
435 5355 545 5414 interim
572 5355 674 5428 nuptiis
695 5355 801 5422 virium,
826 5355 918 5412 vinum
943 5353 1035 5426 utique
1088 5358 1276 5429 mercandum,
1291 5359 1346 5414 duo
1361 5355 1533 5415 nihilominus
1547 5357 1582 5416 ud
1604 5360 1822 5416 conversandum
1835 5376 1887 5434 pn·

235 5445 352 5502 carnaiis
366 5445 512 5513 illecebra,
528 5455 556 5503 et
568 5442 795 5515 concupiscentie
822 5443 969 5499 saeoulsris.
987 5443 1036 5500 ret
1092 5462 1151 5504 cem
1166 5462 1279 5504 necesse
1294 5455 1335 5506 est
1353 5447 1563 5519 praemittantur,
1574 5463 1635 5520 quse
1648 5447 1759 5520 quidem
1772 5457 1888 5523 numne

234 5531 1032 5608 draconum‚iuquit,vinumeorum,etvemnomasptdum
1087 5534 1226 5608 copiosius
1239 5533 1320 5593 nobis
1337 5535 1477 5610 Scriptura
1498 5550 1576 5592 sacra
1596 5538 1777 5596 commendat.
1796 5537 1886 5613 Siqui-

235 5622 606 5696 irrroucbite(lteut.xxxu,
620 5619 1031 5692 au)semperuobisuuevinnm
1085 5619 1148 5680 dem
1171 5623 1282 5696 justitia
1308 5625 1464 5684 exercitatio
1492 5624 1519 5682 in
1547 5623 1590 5682 bis
1614 5625 1723 5686 duobus
1750 5629 1886 5690 mandatis
