4086 6344
255 371 308 431 aot
718 363 746 421 S.
768 359 936 424 adnititur
955 357 1091 422 tentiis
1109 352 1423 421 itandtattttrisb
1845 354 1902 418 Μ
2023 419 2024 452 r

254 494 427 570 propriisque
439 489 582 564 distinguo
596 485 881 548 remunerando
894 501 957 557 una,
968 486 1052 546 ultera
1069 497 1093 578 st
1110 497 1140 540 se
1154 482 1279 542 minirum
1293 478 1473 546 introductam
1485 476 1658 549 posmodum
1667 477 1801 553 mur
1810 481 1903 552 (cn-

256 581 389 642 iortitodo
399 581 506 636 duatur
521 594 529 632 z
545 579 619 649 qood
635 574 779 634 attribuat
793 574 945 642 affluenter,
960 583 988 632 et
1002 575 1049 631 de-
1103 587 1152 643 cep,
1173 598 1195 654 ι,
1216 583 1252 649 ³3
1268 592 1301 647 ri,
1320 577 1359 648 t).
1374 575 1442 634 riam
1457 583 1485 632 ee
1498 574 1584 634 navit
1599 573 1810 647 dequibiiim
1821 576 1903 634 iifl.

257 669 348 728 lendet
373 675 497 740 potenter
518 665 591 738 quod
616 663 732 722 dederit.
757 665 904 732 Utramque
928 662 1051 735 protecto
1103 674 1150 730 bnt
1164 673 1222 728 Deo
1237 686 1245 728 ;
1261 663 1482 725 demirantur
1495 663 1530 722 ab
1543 663 1673 722 ederim
1686 664 1789 722 mn
1802 669 1861 725 ιη
1873 669 1904 724 a

257 757 422 818 osculabitur
436 756 483 829 qui
501 755 629 830 ingratae
649 769 703 811 non
731 751 823 822 inerit,
846 751 935 808 Deum
958 753 1051 822 utique
1105 755 1460 828 wnmuvcluptotiatuoe
1469 751 1904 825 potabieeoeil’aol.ma,i).0

256 847 390 905 bonorum
405 844 526 900 omnium
541 844 610 900 elcut
627 841 792 914 largitorem,
812 837 849 895 ita
861 847 888 895 et
905 853 1051 897 conserve-
1105 856 1204 922 quim
1217 844 1318 902 amorii
1331 838 1387 896 visi
1412 849 1515 912 quanm
1532 839 1560 896 in
1577 838 1673 912 ,pippin
1693 841 1824 900 nimii.
1835 841 1906 898 Μ..

256 944 343 990 torem
367 947 565 1006 recognoscens
586 939 615 988 et
632 929 777 988 contiuno.
796 927 867 986 Satis
889 927 923 983 de
946 929 1054 984 duobus
1106 937 1166 994 0121
1183 931 1254 1004 Quid
1267 928 1448 996 manifestius,
1462 943 1544 1002 quarn
1556 927 1629 1002 quod
1648 928 1769 1001 perlecta
1782 930 1905 988 obertus
2025 930 2026 960 l

257 1020 468 1080 osculisdictum
481 1035 543 1076 asse
555 1033 617 1076 reor
633 1034 639 1074 :
655 1017 794 1074 videamus
804 1015 872 1072 etde
892 1014 981 1073 tertio.
1106 1025 1180 1083 som
1193 1018 1275 1076 mitrii
1289 1017 1432 1074 umorem?
1445 1016 1474 1090 (1
1483 1018 1612 1087 toanis,
1629 1018 1686 1088 tt.)

295 1113 321 1166 t.
331 1105 813 1179 Occuletur,ioqnit‚meosculocris
822 1105 868 1161 oui
880 1103 976 1172 (Coei.
987 1103 1055 1174 1‚t).
1144 1115 1171 1169 ι,
1194 1107 1353 1168 verecunde
1367 1113 1456 1164 tamen
1470 1121 1522 1162 non
1540 1106 1577 1163 id
1595 1106 1684 1178 ipsum
1699 1121 1833 1180 epom-
1845 1123 1906 1166 m.

258 1197 327 1268 Quis
349 1196 434 1254 dicitl
458 1197 574 1268 Sponsa.
590 1193 723 1264 Quaenam
741 1193 819 1263 ipeei
837 1191 935 1249 Anime
963 1191 1057 1248 sitiens
1109 1215 1218 1260 monem
1233 1197 1335 1272 dirigit,
1351 1195 1399 1252 sed
1413 1195 1448 1252 ad
1468 1194 1546 1262 aboa,
1570 1203 1696 1268 inquam
1709 1198 1744 1252 de
1765 1196 1881 1256 absmte
1898 1215 1906 1253 ι

262 1290 360 1346 Deum.
383 1288 436 1346 Sed
456 1300 531 1359 pono
554 1284 675 1340 diversae
697 1280 863 1350 affectiones,
887 1289 917 1337 ιιι
940 1297 972 1338 ea
996 1297 1058 1354 qnae
1113 1290 1336 1354 osculaturum,
1357 1284 1493 1356 iuquiens,
1518 1284 1691 1344 occanere
1712 1289 1768 1344 sui.
1790 1284 1910 1343 Gmndis
2026 1291 2027 1308 ¹

264 1378 371 1452 proprie
398 1390 506 1448 sponsae
529 1372 664 1447 congruit,
689 1371 842 1428 disdoctius
864 1373 1005 1428 elucescat.
1030 1371 1059 1428 si
1112 1379 1213 1454 quippe
1226 1391 1271 1432 ree
1285 1375 1397 1445 petitur,
1417 1383 1444 1431 et
1466 1388 1535 1444 opus
1552 1379 1594 1430 est
1607 1374 1771 1432 verecundia
1782 1375 1910 1432 comitari

264 1482 362 1524 serum
380 1473 429 1528 est.
448 1463 523 1520 timet
546 1477 564 1519 a
584 1461 655 1520 iacie
679 1459 804 1526 Domini,
823 1459 848 1516 si
866 1459 1059 1526 mercenarius,
1113 1482 1231 1542 procero,
1248 1462 1434 1521 conuneuderi
1452 1469 1596 1533 murum.
1611 1463 1703 1535 Imque
1717 1477 1764 1532 per
1776 1463 1911 1520 domii·

265 1562 358 1627 sperat
371 1554 403 1608 de
423 1567 503 1610 manu
522 1549 646 1618 Domini3
662 1547 858 1619 sidiecipulus,
874 1564 966 1605 aurem
986 1563 1062 1620 parui
1114 1571 1162 1614 cos
1180 1564 1206 1611 et
1219 1553 1338 1620 intimos,
1354 1565 1480 1609 occeanus
1498 1549 1531 1607 od
1555 1550 1648 1608 intima
1661 1551 1799 1622 quaer'dnr,
1818 1551 1912 1608 anubi-

266 1643 413 1716 mepistro;
441 1639 466 1698 si
493 1638 575 1711 filius,
601 1640 715 1696 honorat
751 1643 868 1708 patrem3
903 1653 964 1709 qne
994 1649 1059 1694 vcro
1115 1655 1158 1703 ruf
1171 1643 1207 1700 dd
1225 1641 1419 1698 desiderium
1435 1637 1552 1710 Quinam
1566 1637 1628 1694 init
1641 1639 1782 1696 Mnus
1793 1639 1912 1716 emulos

265 1731 388 1788 osculum
403 1727 533 1802 postulet,
553 1734 634 1784 umal.
665 1724 780 1782 Excedit
805 1724 959 1794 innatare
979 1723 1060 1782 donia
1114 1739 1223 1788 muetos
1236 1736 1326 1786 maere
1339 1726 1488 1794 omatibus,
1504 1723 1605 1784 olterre
1622 1725 1682 1782 ileo
1696 1729 1835 1799 precum
1849 1733 1913 1786 rota

265 1819 373 1878 allectio
390 1819 450 1876 baec
472 1819 582 1886 enoria,
611 1814 757 1888 praesertim
771 1829 832 1870 cunr
851 1815 886 1870 ad
913 1829 991 1872 soum
1018 1830 1061 1872 re
1075 1779 1098 1858 Β
1113 1818 1277 1878 hominum:
1299 1815 1346 1872 ubi
1368 1822 1458 1872 umen
1478 1813 1537 1870 sinc
1550 1813 1590 1870 ira
1607 1821 1635 1870 et
1653 1813 1850 1886 disceptatione
1869 1813 1913 1872 le-

265 1908 349 1968 currit
362 1906 535 1986 principium,
549 1905 620 1980 quod
639 1911 681 1960 est
701 1904 785 1960 Deus.
802 1903 858 1961 ileo
872 1909 936 1958 sunt
953 1905 1061 1960 inventa
1114 1907 1263 1979 scripuras
1273 1919 1370 1960 manus
1378 1900 1574 1975 perspexerint.
1587 1901 1742 1962 Probatboc
1750 1903 1866 1976 mecine
1876 1903 1914 1960 ita
2028 1929 2029 1966 i

267 1995 342 2070 mque
355 1995 571 2060 dulcienomiua,
587 1992 685 2066 quibus
698 1991 778 2048 llerbi
801 1989 951 2064 animaeque
966 1991 1060 2048 dulces
1113 1994 1269 2069 loquensod
1283 1993 1394 2050 'tobiam
1410 2008 1417 2050 :
1435 1991 1549 2062 Quando
1573 1991 1672 2050 moloc
1685 2007 1751 2050 coer
1766 1993 1915 2066 hermia.

268 2084 303 2142 ad
326 2084 441 2142 invicem
461 2081 677 2154 exprimerentur
692 2078 816 2148 allectus,
833 2079 1060 2152 quemadmodum
1112 2084 1308 2158 aterpalianus
1327 2084 1464 2152 riarium,
1484 2079 1723 2152 cunctimodas
1745 2081 1916 2155 prandiam,
2028 2079 2029 2134 ἶ

269 2181 424 2247 sponsueet
436 2187 537 2245 sponsa
552 2189 558 2230 :
576 2170 675 2243 quippe
688 2167 788 2242 quibat
803 2168 893 2226 omnia
907 2166 1060 2226 communit
1113 2180 1144 2233 ci
1162 2179 1292 2231 rnortuoe
1310 2169 1497 2229 corcmdclcs
1518 2185 1570 2243 per
1584 2168 1659 2228 dom
1676 2172 1709 2228 ιἰι
1722 2169 1802 2230 domo
1811 2174 1875 2240 bro,
1887 2171 1918 2226 ot

270 2272 346 2334 suot,
360 2261 398 2320 uil
421 2261 573 2334 proprium,
589 2257 627 2314 nil
654 2255 862 2316 condivisum
888 2256 1060 2314 habentibus.
1115 2257 1785 2335 manispraebmspoobtuts'oruticumtum
1794 2259 1920 2318 bomine

270 2351 330 2409 ilua
347 2349 489 2427 uidemus
506 2346 661 2415 euredus,
688 2361 741 2404 una
755 2335 863 2410 domui.
880 2361 933 2402 uua
959 2359 1061 2414 manat,
1115 2349 1193 2422 (Tol.
1216 2365 1268 2420 xrs,
1285 2351 1342 2420 tt).
1369 2348 1439 2406 Puto
1460 2345 1579 2406 iduobis
1592 2345 1657 2405 eatis
1670 2349 1745 2404 ete'n
1763 2347 1824 2405 aliis
1838 2346 1920 2404 Scri-

270 2455 342 2498 unue
357 2449 444 2508 torna,
458 2453 513 2494 una
536 2435 616 2494 etiam
630 2449 706 2494 caro.
721 2433 846 2507 Denique
864 2439 974 2506 propter
993 2433 1064 2490 bano
1117 2449 1203 2512 prurae
1212 2437 1372 2496 mumoniis
1379 2450 1555 2508 persuasum.
1571 2435 1639 2492 Nam
1650 2436 1723 2506 qnod
1736 2435 1921 2508 penitentibus

271 2527 457 2601 relinquetille
470 2533 578 2598 patrem
593 2532 620 2581 et
634 2531 761 2591 matrem,
782 2529 809 2578 at
821 2521 969 2578 adherebit
987 2519 1064 2578 uxori
1117 2543 1225 2600 qunque
1249 2525 1392 2600 dignanter
1418 2521 1563 2582 admisceri
1581 2522 1666 2580 sancti
1688 2521 1779 2597 emeli
1802 2522 1920 2589 soient,

270 2633 327 2676 sue
341 2635 350 2690 ι
366 2625 395 2674 es
411 2623 490 2676 emur
502 2616 558 2672 ruo
571 2613 600 2670 rs
613 2627 694 2670 nme
707 2627 761 2668 um
771 2613 850 2680 ldm-
866 2626 898 2678 ιι,
927 2610 985 2680 2⁴)-
1001 2609 1065 2666 nee
1117 2617 1229 2690 quiden
1239 2611 1409 2674 nuncius
1419 2613 1491 2686 quoa
1502 2611 1703 2670 ecunacum:
1714 2612 1921 2670 mmmm

271 2721 382 2780 quoque
393 2706 505 2777 iubetur
519 2699 829 2760 nibilominusoblivisci
840 2699 970 2774 populum
984 2713 1065 2756 suum
1117 2705 1261 2778 principes
1270 2703 1421 2775 ιοιιῙιιιιιιι·
1435 2697 1624 2774 penitentibus
1635 2701 1666 2756 ιἰι
1678 2699 1922 2772 oudbjamca·

272 2802 300 2851 et
313 2794 424 2852 domum
452 2793 536 2866 patris
558 2791 617 2861 eni;
635 2797 664 2848 ut
682 2789 857 2862 concupiscet
874 2787 919 2844 ille
939 2790 1066 2846 decorem
1121 2795 1216 2850 torum
1231 2783 1520 2865 tympanistriarum?
1542 2790 1788 2860 (Postumii.)
1802 2788 1923 2846 iludeet

272 2884 332 2954 eins
343 2883 431 2954 (Psoi.
447 2897 520 2949 xcrv,
531 2884 576 2953 tt,
591 2879 690 2948 laist
711 2893 778 2952 erpo
792 2893 884 2934 amare
905 2877 1068 2951 [specialiter
1121 2880 1242 2938 dicebat:
1256 2882 1449 2953 incompactas
1459 2878 1757 2952 oupelorumpsollom
1767 2877 1919 2950 troistest

273 2971 383 3044 sponsis
410 2986 444 3026 ac
468 2967 655 3040 principaliter
682 2965 818 3036 convenit,
842 2983 899 3026 noo
927 2966 1066 3024 immerito
1121 2983 1242 3040 cxnxuu,
1259 2965 1297 3040 l).
1316 2967 1400 3024 Doleo
1414 2964 1529 3035 proinde
1543 2965 1648 3039 siquos
1664 2977 1785 3024 reanum
1798 2963 1875 3036 arari
1893 2963 1922 3020 in

275 3071 384 3130 sponse
403 3056 512 3114 nomine
532 3065 657 3114 censetur
683 3054 773 3110 anima
798 3071 859 3126 quae
883 3064 966 3117 amet.
991 3055 1107 3136 tnnc
1124 3056 1208 3114 sacris
1231 3055 1331 3132 vigitiis
1358 3055 1472 3127 deprimi
1495 3069 1602 3125 somno,
1618 3071 1669 3114 nec
1690 3053 1753 3112 coeli
1773 3052 1851 3113 ciues
1877 3068 1923 3110 re·
2024 3121 2031 3136 Ι

275 3153 365 3204 autem
383 3160 445 3218 qun
458 3144 581 3202 osculum
593 3143 668 3214 petit.
683 3143 743 3201 Non
758 3141 824 3214 petit
836 3142 999 3213 libertatem,
1015 3159 1070 3201 uon
1124 3146 1222 3215 vereri,
1243 3145 1292 3204 aed
1314 3145 1343 3202 in
1366 3143 1511 3217 praesentia
1534 3144 1686 3218 principum
1700 3152 1830 3215 unquam
1845 3157 1922 3200 rnor-

276 3234 438 3304 mercedem,
454 3247 508 3290 non
528 3230 724 3302 haereditatem,
749 3244 804 3288 uon
826 3228 945 3304 denique
960 3230 1003 3287 vel
1019 3233 1071 3288 do·
1124 3243 1188 3294 tuoe
1201 3250 1346 3309 apparere,
1370 3249 1432 3292 cum
1454 3243 1544 3292 restra
1563 3234 1617 3306 ipsi
1639 3233 1776 3292 alacritate
1790 3232 1921 3308 mmcd.

275 3323 400 3394 ctrinam,
426 3322 475 3380 sed
504 3321 653 3393 osculum,
678 3334 756 3376 more
800 3319 880 3390 plene
916 3318 1071 3376 mstieelmae
1125 3325 1224 3383 resana
1242 3323 1374 3382 interesse
1398 3323 1539 3381 solemniis
1560 3323 1736 3381 delectentur.
1754 3322 1864 3387 Vereor.
1887 3335 1924 3378 ue

276 3425 383 3483 sponte
395 3425 427 3469 ec
445 3425 552 3468 sacrum
575 3408 704 3483 spirantis
728 3422 861 3477 umorem,
890 3422 942 3465 nec
962 3407 1071 3466 omnino
1125 3421 1242 3473 uestram
1260 3411 1391 3470 desidiam
1406 3411 1567 3486 quandoque
1586 3411 1782 3478 eborninaotee,
1801 3425 1864 3468 earn
1881 3409 1924 3464 in-

275 3500 389 3558 valentis
416 3499 553 3556 dammum
567 3497 740 3556 dissimulare
761 3513 842 3571 quam
863 3497 975 3571 patitur.
1004 3498 1072 3556 Vide
1124 3502 1281 3579 dignatione
1301 3501 1428 3559 recedant
1441 3500 1528 3572 (aaa),
1551 3506 1580 3556 et
1604 3499 1715 3570 incipiet
1736 3498 1924 3571 ιιιιιιιιιιίιιιιιι

274 3589 348 3646 enim
361 3589 441 3662 quale
455 3587 596 3661 praeripiat
608 3587 742 3644 sermonis
766 3585 918 3644 exordium.
944 3588 1072 3659 bagnum
1126 3599 1245 3649 usurum
1254 3606 1317 3648 sero
1334 3606 1398 3648 caum
1408 3591 1513 3662 pambo
1526 3588 1617 3646 dicere
1630 3588 1706 3646 llco:
1723 3591 1814 3660 doops
1825 3587 1924 3659 [edati

275 3678 371 3752 quida
397 3693 497 3751 magno
522 3677 648 3749 petitura,
676 3677 754 3734 nullo
781 3683 880 3742 tamen,
908 3682 939 3732 ut
963 3676 1071 3744 nsunt
1126 3684 1206 3739 notor
1215 3677 1842 3752 mmsaen‚pcscsruecmciomtnctum
1854 3675 1923 3744 rili,-

275 3774 361 3824 ntttur
373 3765 570 3824 blanditiarum
582 3763 645 3822 luco
660 3783 668 3834 ς
687 3763 769 3820 nullis
782 3763 1074 3823 circumvolutionibus
1127 3779 1155 3826 et
1168 3768 1248 3826 illud:
1261 3769 1407 3841 dioupoati
1416 3784 1434 3824 o
1442 3783 1487 3824 mc
1496 3767 1622 3826 emicem
1631 3770 1660 3824 et
1668 3767 1838 3839 proximam
1848 3769 1876 3823 et
1887 3779 1925 3824 na

277 3856 312 3913 ed
340 3856 368 3912 id
393 3856 465 3928 quod
490 3854 626 3910 desiderat
645 3853 738 3911 arnbit.
763 3853 824 3910 Non
838 3852 886 3911 leit
898 3853 1072 3926 prooemium,
1128 3863 1169 3916 tos
1182 3874 1259 3917 meos
1272 3875 1291 3915 c
1305 3858 1424 3915 eumerio
1440 3856 1526 3928 (Pcot
1540 3869 1658 3924 ιιιιιιι,
1670 3858 1697 3924 a,
1711 3854 1755 3928 ia)
1770 3855 1857 3923 iitern
1872 3853 1926 3923 Qui

276 3960 331 4002 oon
345 3950 434 4015 captet
447 3941 664 4000 benevolentiam
676 3959 684 4010 ;
705 3944 752 3998 sed
767 3957 805 3999 ex
833 3941 999 3999 abundantia
1011 3957 1074 3999 con·
1123 3949 1214 4022 juxta
1227 3963 1273 4006 „m
1285 3950 1386 4018 mont,
1396 3945 1511 4018 demone
1524 3948 1676 4012 suamet,
1691 3941 1926 4016 etuimsociebeet

278 4035 320 4090 dia
341 4039 452 4106 repente
475 4046 665 4104 prorumpens,
695 4030 767 4089 uude
791 4031 964 4105 bootoseque
985 4031 1072 4088 satia:
1128 4035 1349 4112 quiquoniam
1358 4035 1589 4092 doloremmeum
1603 4033 1805 4106 (Prolaxun,
1815 4033 1925 4102 flesti·

280 4121 427 4182 demumr
441 4135 496 4188 osc,
511 4119 558 4192 ait,
574 4119 668 4178 osculo
681 4121 739 4179 cris
751 4135 807 4180 rur.
1129 4126 1181 4184 Pro
1195 4132 1269 4182 certo
1282 4123 1356 4180 enirn
1369 4122 1393 4178 ei
1407 4137 1438 4180 ae
1451 4137 1468 4178 a
1481 4121 1560 4180 nobis
1573 4121 1638 4194 boui
1651 4120 1763 4193 spiritus
1776 4120 1926 4193 clamve·

314 4212 341 4266 ³.
357 4210 401 4264 Αιι
416 4223 471 4266 non
485 4207 532 4264 tibi
557 4207 635 4280 qnasi
659 4205 750 4264 dicere
774 4206 916 4266 manifeste
942 4207 1046 4266 ridetur
1065 4224 1073 4263 ε
1090 4229 1114 4308 n
1130 4215 1193 4282 rim,
1204 4213 1321 4286 impetus
1330 4210 1515 4286 malignorum
1527 4209 1588 4284 quie
1605 4209 1770 4268 sustinebit?
1780 4208 1927 4281 Diwerm

281 4299 352 4369 Quid
365 4293 478 4355 1988
488 4295 561 4353 mibi
573 4299 618 4354 est
629 4296 751 4362 incaelo,
766 4300 795 4356 et
805 4313 824 4353 o
833 4297 1076 4370 tepuiduoluiau·
1131 4303 1174 4360 bis
1187 4303 1234 4375 qui
1243 4300 1453 4374 eiusmodisnnt
1464 4318 1472 4356 ι
1484 4299 1706 4374 &winaprei
1715 4299 1845 4373 opuellei
1854 4299 1927 4369 socii

277 4401 328 4461 per
339 4390 448 4445 terram
462 4384 476 4440 ?
488 4384 576 4458 (Paul.
588 4399 678 4452 cxxrr,
692 4383 751 4456 eu.)
764 4384 846 4442 Amat
857 4385 979 4458 proiecto
993 4395 1075 4458 caete,
1130 4391 1303 4464 ocplipentcr
1326 4391 1439 4462 (larem.
1464 4403 1556 4456 ιιιιιι,
1577 4389 1634 4460 to).
1652 4386 1856 4460 obliquoque,
1872 4399 1928 4444 oon

280 4491 342 4550 qum
350 4475 438 4547 ipsum
448 4488 531 4548 quem
544 4473 741 4546 ematuruerit
756 4496 764 4544 ;
780 4487 835 4530 nou
844 4473 917 4530 aliud
930 4475 1076 4549 quidquam
1131 4493 1193 4555 ego,
1206 4480 1255 4536 aed
1263 4478 1396 4538 Dominus
1410 4497 1418 4536 c
1430 4479 1544 4539 Utinam
1554 4477 1717 4536 tecelidaeu
1725 4475 1929 4549 nuttripudam

281 4564 377 4636 ipsius.
396 4563 477 4621 Amat
504 4561 696 4636 succimentia
727 4576 782 4620 nou
809 4561 838 4618 in
856 4563 1078 4638 concupiscentia
1130 4565 1930 4642 mvmnrmnrudqmnutspidumtmmipiomtc

282 4650 383 4720 caruis,
398 4652 446 4708 aed
460 4650 488 4707 in
502 4652 619 4723 puritate
633 4649 756 4724 spiritus.
770 4652 852 4708 Amat
864 4652 1000 4724 ardentm,
1015 4669 1077 4728 qun
1131 4672 1256 4718 moenere
1275 4673 1313 4716 so
1325 4655 1612 4728 neronianam,
1628 4657 1672 4721 tii,
1689 4653 1798 4726 totila
1815 4661 1930 4724 propte

285 4739 322 4795 ita
344 4740 455 4812 proprio
480 4740 618 4797 debriatur
640 4754 741 4808 amore,
768 4747 800 4796 ut
830 4741 997 4810 maiestatem
1022 4757 1078 4800 non
1131 4746 1262 4806 attendite
1281 4745 1416 4819 principes
1437 4753 1551 4812 ιιιιιοι,
1572 4758 1633 4800 cum
1651 4743 1731 4802 eutis
1743 4741 1780 4800 ad
1792 4740 1930 4800 mudena

284 4826 588 4901 copiamssuideuimt
610 4827 721 4902 respicit
735 4836 846 4898 urtam,
872 4839 900 4888 et
927 4829 992 4890 lacit
1017 4846 1077 4888 eam
1132 4835 1175 4896 rel
1197 4834 1374 4910 psallendum,
1395 4841 1424 4890 et
1449 4841 1517 4892 state
1539 4847 1602 4890 eum
1625 4830 1776 4892 ιιιιιιιιιιι
1792 4838 1821 4888 et
1843 4829 1930 4886 dian·-

284 4927 400 4974 trenere
414 4917 499 4989 irad.
515 4933 576 4987 eurr,
587 4918 652 4992 ³2),
667 4928 696 4977 et
721 4919 772 4976 isia
785 4935 815 4976 ee
842 4919 876 4976 ab
897 4935 931 4978 eo
963 4922 1080 4993 pustuln
1132 4925 1223 4998 plina;
1241 4933 1269 4982 et
1281 4921 1445 4998 gloriamini,
1465 4919 1531 4994 quia
1547 4921 1639 4996 angeli
1652 4918 1736 4980 rasni
1747 4917 1877 4992 numidia
1889 4915 1932 4976 ri·

281 5004 399 5064 oeculuri
415 5003 422 5061 l
446 5007 562 5064 Ebriane
571 5009 634 5065 esti
647 5008 729 5064 Ebria
741 5022 864 5082 proram.
878 5009 989 5068 Baiurae
1002 5018 1079 5082 tunc,
1132 5015 1198 5072 dent
1212 5013 1309 5072 taciem
1323 5010 1407 5072 rearis
1420 5009 1530 5084 (dccl.
1545 5023 1621 5078 xum,
1634 5011 1688 5080 li).
1704 5007 1839 5068 nanuum
1852 5005 1931 5066 nna

282 5108 348 5152 cum
361 5093 396 5150 ed
410 5093 458 5153 ista
473 5095 608 5166 prorupit,
637 5095 740 5155 exierat
753 5097 788 5154 de
800 5096 866 5154 cella
888 5096 1080 5171 vinumque
1133 5103 1161 5160 io
1174 5101 1356 5160 ministerium
1374 5107 1486 5173 propter
1500 5115 1560 5166 nos,
1585 5100 1633 5174 qui
1654 5098 1842 5157 beralitatmn
1859 5097 1932 5172 oapi

280 5200 661 5335 ..itinerante
675 5203 1081 5336 bettiliniaca
1133 5204 1624 5338 timidum
1640 5201 1933 5336 truncti}

266 5342 374 5414 ‚verbis
388 5359 423 5402 ex
435 5343 548 5426 bomilia
559 5344 588 5400 in
602 5343 713 5404 condes
727 5345 893 5404 canticorum
907 5347 1021 5421 septime
1041 5348 1082 5408 nti
1136 5349 1218 5418 dium,
1233 5349 1281 5406 ced
1303 5345 1452 5407 secuudum
1465 5347 1594 5405 uirtutem
1609 5315 1636 5406 εἷ
1651 5345 1800 5405 elficaciam
1814 5355 1867 5424 ³.⁰²
1878 5345 1933 5402 boe

283 5415 371 5471 solent
391 5415 630 5482 mauruncium
649 5417 820 5490 disceptandi
848 5417 935 5492 pratia
972 5421 1082 5477 conmu-
1136 5419 1334 5495 nonexaopeli
1348 5417 1521 5488 desidia‚sed
1535 5435 1569 5475 ex
1583 5415 1700 5476 bominis
1713 5418 1756 5477 cui
1803 5417 1931 5474 eomodo

282 5485 359 5554 dunt,
378 5487 491 5558 angelos
504 5487 631 5545 custodes
640 5487 920 5561 diqusnoodessrere
933 5491 1082 5549 nntodnrn
1135 5507 1191 5620 3⁰⁰
1214 5504 1299 5549 senon
1317 5491 1408 5549 dicere
1426 5489 1524 5574 solent,
1636 5495 1724 5548 torem
1771 5488 1895 5546 ’scedere
1917 5500 1933 5541 a

283 5569 388 5636 eorum
414 5559 693 5638 quoacuatodicndos
714 5575 853 5633 accepere.
875 5562 1005 5619 tibertus
1031 5565 1083 5620 lla·
1160 5578 1195 5621 eo
1218 5564 1247 5621 io
1260 5562 1373 5638 regione
1396 5559 1519 5622 &nimuh
1570 5561 1606 5574 ''
1652 5559 1856 5619 nundinatio
1869 5558 1931 5630 loti·

284 5639 357 5700 pons
371 5643 400 5684 ro
415 5643 503 5701 premo
530 5628 652 5688 Summae
670 5629 819 5698 uolumine,
835 5640 931 5705 quest.
953 5637 980 5705 8,
1010 5635 1083 5692 bnnc
1136 5635 1184 5693 sed
1196 5635 1328 5694 meriti.»
