3950 6350
79 370 133 429 ιιι
585 363 620 424 tlt
638 362 802 422 taurona
820 363 1033 421 RESURRECT.
1053 367 1158 424 SERM.
1179 369 1224 425 ιιι.
1261 399 1265 412 ·
1680 379 1734 434 290

76 493 119 548 nis
133 491 203 562 ejus,
219 503 301 561 quam
316 486 437 544 exhibuit
451 495 514 544 ante
533 488 698 560 passionem,
713 487 874 544 mundamur
893 502 917 580 g
933 496 1032 560 praeter
1054 489 1191 561 propriam
1215 491 1400 553 volantatem?
1415 499 1512 556 cesset
1529 497 1659 558 noluntas
1669 515 1734 574 pro-

8 585 10 634 ?
76 587 104 638 et
117 593 282 653 pergamum
305 577 334 633 in
352 577 553 636 resurrectione
577 592 643 634 vero
667 583 695 632 et
717 577 772 634 vita
795 593 878 649 quam
933 577 1002 648 pria,
1017 585 1045 633 et
1058 577 1190 648 internus,
1215 596 1271 636 non
1290 581 1351 640 erit.
1371 584 1403 640 lu
1418 603 1500 657 quem
1513 589 1672 663 enimignis
1687 589 1734 645 ille

8 671 11 724 t
76 669 196 725 ostendit
208 667 389 741 quadraginta
403 665 501 724 diebus
515 665 661 734 relicimur,
682 673 710 722 et
729 665 879 722 delectabi·
934 663 1072 734 desaeviet,
1090 665 1142 722 uisi
1155 667 1184 721 in
1197 667 1337 740 propriam
1349 669 1537 731 voluntatem?
1551 676 1732 745 Etiamnunc,

8 763 10 798 t
78 759 150 816 libus
163 756 454 831 pascimuralimentis.
472 755 693 828 Septempliciter
707 754 780 811 enirn
794 755 879 811 oc'cu-
935 768 996 809 curn
1015 753 1100 826 frigus
1128 763 1175 811 ant
1198 755 1297 812 tamem
1325 767 1372 814 aut
1399 759 1501 834 aliquid
1530 765 1583 819 tale
1606 766 1735 836 patimur,

8 853 9 886 ἐ
79 847 155 918 parit
177 861 229 906 nos
243 846 319 918 lepra
332 845 483 918 superbiae3
500 845 528 901 in
552 845 719 916 proprietate
734 843 883 916 possessio·
935 843 1001 915 quid
1023 843 1130 901 laeditur
1143 845 1194 900 nisi
1208 845 1319 918 propria
1343 847 1487 904 voluntas?
1502 849 1582 919 Quod
1601 852 1624 907 si
1637 857 1736 913 volun-

9 927 10 932 ’
82 952 158 1005 num,
178 936 207 992 in
224 934 311 1007 gloria
329 934 454 1004 restium,
470 933 653 1006 inuoluptate
676 948 834 1006 corporum,
854 933 883 988 in
936 933 1004 988 tarie
1018 933 1192 1003 sustinemus,
1221 936 1281 1006 ipsa
1299 935 1356 1006 jam
1373 937 1500 994 voluutas
1513 943 1664 998 communis
1678 951 1736 1012 est;

83 1041 131 1082 ore
146 1039 255 1098 quoqne
273 1023 427 1095 dupliciter,
456 1021 581 1080 simibter
595 1029 623 1080 et
637 1023 665 1078 in
680 1023 773 1078 corde.
793 1021 884 1077 Prima
937 1021 987 1077 sed
1007 1020 1150 1078 infrunitas
1168 1025 1293 1096 quedam
1308 1035 1335 1082 et
1349 1025 1425 1083 velut
1447 1027 1569 1100 pruritus
1593 1030 1739 1088 voluntatis

82 1123 125 1171 est
146 1112 223 1186 lepra
236 1113 343 1181 domus,
363 1128 417 1184 qua
443 1111 542 1170 divites
566 1127 627 1168 esse
650 1111 776 1169 volumus
789 1111 818 1166 in
832 1111 885 1168 hoc
937 1110 1025 1168 adhue
1039 1112 1073 1167 de
1095 1113 1204 1185 proprio
1220 1123 1270 1182 est,
1287 1115 1357 1172 etin
1372 1115 1417 1172 illo
1431 1120 1738 1190 omnespoenassusti-

82 1210 192 1268 smmuo,
218 1210 274 1268 sed
298 1211 333 1267 ab
347 1211 401 1266 mm
426 1209 598 1279 mundamur,
614 1208 638 1264 si
652 1207 838 1281 immergimur
857 1206 884 1262 in
938 1215 1044 1268 nemus,
1061 1201 1149 1258 donec
1174 1204 1283 1275 penitus
1310 1215 1496 1264 consumatur.
1519 1209 1588 1264 Nam
1613 1208 1738 1266 voluntas

81 1301 212 1368 iordane,
228 1299 256 1356 id
271 1308 314 1356 est
327 1301 355 1356 io
369 1299 469 1356 Christi
483 1301 629 1357 descensu.
645 1297 802 1356 Invenimus
812 1297 885 1354 eninr
938 1287 984 1343 illa
999 1291 1107 1362 proprie
1121 1291 1230 1361 dicitur.
1244 1295 1287 1350 tui
1297 1297 1469 1366 assentimur.
1486 1298 1566 1354 θῑθῑιῑ
1580 1298 1738 1354 sabbarum

82 1389 211 1462 quoniam
234 1388 291 1458 ille,
306 1405 368 1446 gum
391 1395 465 1446 esset
478 1389 565 1457 dives,
588 1395 702 1459 propter
716 1405 766 1445 110⁵
781 1403 885 1460 pauper
938 1375 1051 1434 inclinat
1069 1380 1220 1438 albitrium.
1244 1381 1333 1440 90²1
1355 1386 1421 1442 Haec
1444 1395 1535 1442 alitem
1558 1386 1694 1444 deSldel'la
1712 1394 1740 1443 θι

81 1475 170 1532 iactus
184 1484 236 1535 est.
250 1475 398 1532 Descendit
412 1476 447 1530 ab
456 1475 685 1533 inenarrabilibus
699 1475 761 1532 coeli
775 1474 884 1544 divitiis,
940 1468 1174 1540 concupiscentiae,
1203 1488 1265 1544 quae
1279 1472 1378 1532 invitos
1402 1483 1507 1545 tenent,
1524 1491 1579 1532 non
1594 1475 1729 1544 voluutas,

8 1593 9 1602 ,
81 1573 109 1620 02
122 1562 237 1620 veniens
252 1563 281 1618 in
296 1563 436 1630 mundum,
453 1580 506 1621 neg
533 1564 599 1620 istas
618 1563 825 1637 qualescunque
839 1563 886 1618 di·
939 1557 1139 1629 sedrcorrupiio
1154 1560 1299 1617 voluntatis
1313 1572 1366 1619 est.
1388 1565 1473 1622 ΡΟΙΊὈ
1491 1564 1617 1622 voluntas
1632 1564 1741 1637 propri!

8 1669 9 1678 ¹
81 1651 160 1708 vitias
182 1651 285 1708 habere
312 1651 406 1720 voluit,
423 1652 515 1708 sedin
531 1659 605 1708 tanta
620 1659 780 1724 paupertate
800 1651 884 1720 vonit,
940 1659 994 1716 quo
1010 1644 1101 1702 lurore
1115 1649 1261 1706 Dominum
1285 1654 1437 1723 majestatis
1460 1654 1612 1726 impugnet,
1628 1652 1740 1709 subant

82 1751 113 1797 nt
127 1746 208 1796 natus
233 1741 362 1798 continuo
391 1748 540 1812 poneretur
558 1740 587 1796 in
610 1740 754 1814 praesepio,
783 1741 848 1814 qnia
861 1738 887 1796 ci
941 1738 969 1789 et
983 1735 1096 1790 timeant
1109 1735 1183 1793 servi
1197 1738 1314 1809 proprie
1338 1740 1493 1800 voluntatis.
1518 1743 1608 1798 ano
1622 1757 1740 1815 namque

8 1839 10 1874 ι
82 1845 139 1886 non
164 1834 223 1886 emt
247 1829 322 1886 locus
335 1828 364 1886 in
377 1829 526 1886 diversorio
556 1832 633 1901 (luc.
650 1845 680 1899 u,
699 1829 738 1901 ι).
761 1830 887 1902 Denique
903 1815 925 1894 Β
941 1822 1059 1893 seipsam
1082 1831 1110 1880 et
1129 1825 1263 1883 subtrahit
1283 1837 1311 1884 et
1335 1831 1462 1888 subducit
1487 1833 1548 1903 ejus
1576 1831 1739 1900 dominatui,

8 1929 10 1966 a
83 1917 131 1989 qui
156 1916 260 1974 nesciat
288 1917 417 1992 quoniam
445 1917 528 1976 Filius
555 1917 673 1975 hominis
696 1932 751 1974 non
770 1918 888 1975 habebat
941 1913 985 1967 cui
999 1920 1127 1984 tanquam
1146 1916 1249 1971 auctori
1263 1918 1366 1975 servire
1380 1921 1442 1990 jure
1456 1921 1599 1989 debuerat,
1619 1919 1686 1976 dum
1699 1920 1742 1977 ei·

83 2006 132 2062 ubi
146 2013 229 2079 caput
246 2023 326 2063 suurn
344 2007 509 2064 reclinaret?
522 2006 576 2076 Qui
591 2007 663 2064 hene
686 2007 819 2081 mergitur
833 2006 885 2077 hic,
942 2002 1031 2059 ficitur
1045 2019 1104 2060 sua.
1120 2003 1173 2063 Sed
1195 2008 1319 2079 nunquid
1333 2015 1463 2068 contenta
1486 2011 1538 2066 erit
1561 2011 1613 2067 hac
1626 2009 1741 2081 injuriat

8 2111 9 2130 ³
82 2095 193 2168 cquando
209 2107 314 2168 queret
337 2097 444 2154 divitias
470 2097 553 2166 hujus
577 2096 690 2152 muudi?
704 2097 741 2151 Et
753 2113 819 2154 rere
833 2111 889 2152 ma·
940 2095 1137 2168 Nequaquam:
1155 2096 1229 2152 addit
1253 2098 1341 2156 adhuc
1355 2109 1382 2156 et
1396 2101 1469 2173 qnod
1483 2101 1511 2158 in
1530 2108 1626 2171 se-est,
1652 2101 1743 2158 omnia

8 2211 9 2234 l
84 2203 140 2258 gna
156 2187 262 2257 abusio,
279 2197 308 2244 et
321 2203 422 2264 magna
435 2187 526 2252 nimis,
542 2195 574 2244 ut
587 2187 665 2244 dives
677 2203 739 2244 esse
752 2187 889 2245 valitver-
942 2198 1051 2257 qnoque
1065 2201 1127 2258 quse
1147 2185 1199 2241 Dei
1213 2195 1286 2254 sunt,
1313 2188 1390 2255 tollit,
1407 2196 1435 2245 et
1449 2189 1550 2262 diripit.
1566 2191 1655 2260 Quem
1669 2191 1742 2246 anim

82 2273 199 2334 micalus
211 2275 283 2344 vilis,
298 2285 504 2349 propterquam
516 2276 790 2348 Deusmajestotiset
800 2276 889 2333 Domi·
942 2273 1114 2330 modumsibi
1128 2274 1204 2346 ponit
1219 2276 1337 2332 hnmana
1352 2277 1506 2350 cupiditas?
1523 2280 1623 2336 Nonne
1637 2279 1684 2353 qni
1694 2295 1744 2351 per

8 2409 9 2434 ,
81 2381 135 2420 nus
150 2365 265 2422 sabaoth
276 2365 359 2422 voluit
374 2381 478 2438 pauper
493 2365 567 2421 fleri.
941 2375 1053 2416 usuram
1067 2363 1182 2436 acquirit
1209 2365 1356 2436 pecuniam
1369 2367 1514 2438 modicam,
1530 2368 1743 2426 simibtermun·

119 2459 148 2514 2.
165 2456 249 2512 Porro
272 2455 302 2512 in
320 2455 407 2528 lepra·
420 2454 515 2524 uestis,
546 2469 657 2512 omnem
688 2454 780 2512 seculi
809 2454 889 2526 hujus
942 2445 1007 2504 dum
1034 2450 1133 2506 lucrari
1161 2461 1306 2510 conaretur
1330 2455 1495 2524 universum,
1511 2456 1535 2512 si
1548 2472 1603 2513 non
1629 2457 1742 2513 deesset

83 2559 250 2616 pomposam
274 2543 399 2617 intellige
412 2543 571 2602 vanitatem.
589 2545 659 2602 Nam
674 2545 708 2600 ab
730 2544 775 2600 illa
789 2543 888 2600 nibilo-
941 2536 1117 2608 possibilitas,
1133 2541 1156 2596 si
1178 2550 1340 2614 suppeteret
1363 2543 1494 2602 voluntati
1516 2543 1651 2602 facultas?
1674 2544 1742 2603 Dico

8 2663 9 2686 ;
82 2633 177 2690 minus
192 2633 221 2690 in
233 2633 361 2690 iordanis
384 2633 522 2691 mersione
545 2634 731 2703 mundaberis,
746 2634 793 2690 nbi
811 2633 888 2692 inve·
943 2623 1123 2684 fiduciabter:
1147 2629 1259 2700 nemim,
1277 2631 1324 2704 qui
1346 2631 1381 2688 tit
1404 2631 1433 2688 in
1452 2633 1562 2705 propria
1588 2633 1740 2704 voluntate,

83 2720 147 2776 nics
161 2721 300 2778 Christum
318 2721 427 2779 Domini
440 2721 539 2779 vilibus
552 2723 651 2795 pannis
672 2723 833 2791 involutum,
851 2721 890 2777 ia·
943 2721 1038 2786 posset
1050 2716 1192 2775 universus
1205 2720 1323 2776 mundus
1346 2721 1485 2780 suiiicere.
1502 2722 1557 2779 Sed
1571 2723 1675 2778 utinam
1702 2723 1746 2780 uel

8 2835 9 2868 t
82 2816 160 2866 ctum
174 2811 350 2883 opprobrium
376 2811 526 2881 hominurn,
542 2821 570 2869 et
584 2813 767 2884 abjectionem
789 2810 888 2884 plebis.
943 2805 1026 2861 rebus
1042 2806 1102 2862 istis
1126 2817 1201 2864 esset
1226 2815 1364 2879 contenta,
1390 2825 1426 2866 na
1452 2809 1481 2865 in
1494 2811 1594 2884 ipsam,
1618 2811 1746 2869 horribile

8 2949 9 2958 ,
81 2897 109 2953 Α
121 2898 201 2970 lepra
215 2914 327 2972 quoque
337 2899 631 2970 corporismuudamur
644 2901 672 2956 in
685 2901 745 2973 ipso
759 2901 888 2970 iordane,
944 2893 1026 2964 dictu,
1053 2894 1199 2954 deseviret
1221 2896 1375 2954 auctorem!
1401 2899 1480 2956 Nunc
1492 2905 1584 2956 autern
1599 2909 1627 2957 et
1645 2901 1743 2972 ipsum,

83 2985 107 3040 si
122 2989 196 3043 hene
210 2986 364 3059 cogitantes
385 2988 554 3046 flammeam
568 2990 734 3060 passionem,
755 2988 891 3046 erubesci-
944 2989 1074 3052 quantum
1089 2983 1118 3038 in
1131 2983 1190 3056 ipsa
1200 2993 1253 3055 est,
1268 2986 1356 3042 Deum
1370 2985 1481 3058 perimit
1494 2987 1744 3060 voluntaspropria.

85 3089 150 3130 mus
167 3073 247 3147 sequi
265 3076 387 3148 corporis
409 3077 585 3148 voluptatem.
601 3079 639 3134 At
651 3078 681 3134 in
702 3093 759 3148 ore,
776 3086 806 3133 ut
818 3076 890 3135 dixi·
943 3071 1062 3129 Omnino
1077 3072 1150 3128 enim
1162 3072 1340 3132 velletbenm
1354 3085 1468 3148 peccata
1483 3091 1532 3132 sue
1545 3085 1592 3133 aut
1608 3076 1746 3134 vindicare

85 3179 160 3233 mus,
182 3163 282 3236 duplex
297 3164 434 3238 estlepra.
452 3167 520 3223 Cum
534 3167 728 3225 animadversi
742 3167 890 3241 quidquem
906 3126 928 3204 c
944 3177 999 3218 non
1011 3178 1104 3234 posse,
1119 3171 1166 3220 aut
1180 3164 1263 3235 nolle,
1283 3174 1329 3222 aut
1343 3181 1376 3224 ee
1391 3166 1507 3224 nescire.
1525 3165 1587 3223 Vult
1607 3182 1675 3238 ergo
1684 3183 1747 3224 eum

81 3251 242 3325 contigerit,
276 3269 486 3325 murmuramus
517 3267 545 3314 et
568 3257 744 3330 impatientiae
776 3256 890 3314 uerbum
944 3252 1186 3322 nouesseDeum,
1201 3269 1272 3326 quae,
1288 3254 1528 3327 quantuminipsa
1543 3267 1595 3325 est,
1610 3255 1745 3316 vulteum

80 3347 218 3415 tanquam
233 3342 316 3414 leprae
335 3345 426 3400 sanies
440 3344 536 3401 effluit.
548 3346 604 3402 Sed
618 3347 652 3401 ab
662 3347 713 3402 han
728 3346 891 3402 mundamur
943 3346 991 3395 aut
1004 3339 1193 3411 impotentem,
1204 3348 1252 3399 aut
1266 3341 1398 3412 injustum
1412 3359 1484 3412 esse,
1496 3353 1542 3400 aut
1556 3343 1743 3415 insipientam.

79 3430 103 3486 si
122 3430 202 3487 illum
229 3432 404 3502 attendimus,
431 3433 478 3506 qni
504 3441 632 3507 tanquam
655 3433 713 3492 oris
727 3434 762 3490 ad
780 3434 892 3490 occisio·
945 3427 1070 3486 Crudelis
1083 3429 1165 3502 plane
1179 3439 1206 3485 et
1225 3431 1335 3488 omnino
1362 3432 1529 3490 exsecranda
1555 3431 1667 3500 malitia,
1684 3448 1746 3505 quae

80 3537 150 3576 nem
166 3520 268 3590 ductus¹
280 3519 332 3590 est,
354 3531 383 3580 et
396 3538 452 3579 non
470 3523 578 3595 aperuit
599 3538 631 3581 os
644 3539 723 3580 snum
737 3523 816 3596 (loci.
832 3538 890 3590 nur,
944 3517 997 3573 Dei
1014 3519 1174 3589 potentiam,
1189 3520 1329 3590 justitiam,
1351 3520 1512 3593 sapientiam
1525 3521 1618 3594 perire
1638 3520 1748 3580 deside·

79 3609 132 3680 7):
151 3607 214 3681 qui,
225 3625 287 3666 cnm
301 3609 523 3681 malediceretur,
539 3628 595 3670 non
619 3611 814 3684 maledicebam
830 3627 892 3668 cum
946 3609 1072 3675 rutiles
1087 3616 1129 3664 est
1147 3608 1266 3666 crudelis
1280 3609 1379 3678 bestia,
1391 3610 1450 3668 iera
1460 3611 1586 3682 pessime,
1604 3611 1748 3684 rapacissi-

79 3703 252 3770 pateretur,¹
270 3711 327 3756 non
354 3701 571 3768 comminabatur
599 3702 627 3774 (l
638 3705 715 3758 Petr.
731 3715 762 3770 n,
779 3699 835 3774 23).
861 3700 892 3756 ln
945 3710 989 3750 ma
1004 3695 1077 3768 lupa,
1091 3705 1119 3752 et
1132 3695 1385 3758 leaenasaevissima.
1401 3701 1466 3756 llaec
1480 3709 1521 3758 est
1532 3700 1748 3758 immundissima

77 3785 227 3859 prosperis
236 3801 346 3860 quoque
356 3798 452 3846 contra
466 3805 529 3856 eum
544 3790 591 3864 qui
605 3789 691 3846 dixit:
708 3791 770 3847 Non
789 3791 893 3863 quise·
946 3784 1023 3856 lepra
1041 3785 1133 3852 animi,
1151 3793 1265 3859 propter
1282 3803 1363 3860 quam
1383 3789 1412 3844 in
1429 3791 1548 3847 iordane
1563 3790 1651 3866 mergi
1665 3805 1748 3861 opor·

78 3880 183 3952 ipsum
197 3878 383 3948 commendat,
398 3879 449 3936 iiie
458 3880 591 3953 probatus
606 3885 650 3937 est
659 3881 698 3948 (ll
710 3879 772 3936 Cor.
787 3893 817 3949 a,
828 3877 890 3948 ιιι);
948 3880 1012 3944 teat,
1022 3881 1050 3930 et
1064 3873 1164 3930 imitari
1177 3891 1241 3930 eum
1255 3876 1302 3948 qui
1316 3891 1372 3934 non
1386 3878 1461 3934 venit
1476 3878 1568 3938 iacere
1581 3879 1747 3938 voluntatem

78 3966 311 4024 commendamus
324 3966 517 4041 nosmetipsos,
535 3983 590 4024 non
608 3963 736 4024 in'multa
749 3967 890 4040 patientia,
946 3978 1041 4021 suam:
1066 3963 1138 4020 unde
1153 3962 1222 4020 etin
1235 3965 1380 4036 passione:
1398 3968 1459 4024 lton
1482 3983 1557 4036 mcc,
1585 3967 1684 4042 inquit,
1698 3985 1748 4029 vo·

79 4055 179 4112 sedin
204 4057 382 4128 arrogantia:
411 4065 440 4114 et
463 4057 588 4130 inquinat
616 4073 668 4114 nos
693 4057 781 4114 altera
803 4057 891 4129 lepra,
948 4043 1056 4120 tuntas,
1072 4053 1119 4112 aad
1134 4057 1185 4110 tna
1197 4053 1251 4123 fiat
1263 4053 1342 4124 (Luc.
1360 4069 1435 4125 xmr,
1450 4055 1508 4129 m).

78 4147 201 4203 verbum
218 4145 367 4216 jactantie.
383 4146 420 4204 Ut
435 4161 502 4220 ergo
516 4147 680 4203 mundemur
698 4146 732 4202 ab
746 4145 801 4214 illa,
815 4161 892 4202 mer·
982 4145 1010 4199 ι.
1024 4141 1113 4212 Lepre
1125 4157 1191 4200 vero
1212 4143 1319 4215 proprii
1331 4144 1436 4208 consilii
1450 4160 1485 4202 eo
1499 4143 1682 4215 perniciosior
1694 4149 1748 4215 est,

77 4250 184 4308 gamur
202 4233 232 4290 in
245 4233 376 4304 iordane,
389 4243 418 4292 et
430 4235 567 4292 imitentur
580 4251 643 4292 eunt
657 4234 704 4307 qni
719 4250 773 4291 non
788 4248 894 4306 quaere-
947 4247 1001 4304 quo
1015 4231 1102 4304 magis
1124 4230 1231 4290 occulta
1246 4249 1253 4302 ;
1285 4239 1313 4288 et
1326 4241 1428 4304 quanto
1443 4233 1504 4306 plns
1524 4234 1657 4306 abundat,
1673 4242 1750 4292 taum

78 4321 261 4396 batgloriam
276 4339 364 4380 suam.
380 4324 457 4382 Unde
472 4333 501 4382 et
515 4323 650 4383 demonia
668 4338 729 4394 que
738 4323 893 4380 clamabant
947 4319 999 4376 sibi
1013 4319 1129 4393 quisque
1147 4320 1240 4378 senior
1254 4337 1316 4378 esse
1338 4321 1458 4382 ridetur.
1486 4325 1550 4382 Haec
1562 4323 1673 4380 illorum
1696 4330 1748 4394 est,

81 4413 150 4486 quia
164 4412 229 4486 ipse
243 4422 317 4470 essct
329 4414 379 4472 Dei
394 4414 486 4482 Filius,
507 4413 685 4487 precipiebat
699 4414 891 4470 obmutescere
908 4434 931 4514 n
948 4409 995 4483 qui
1004 4409 1092 4466 zelum
1105 4409 1276 4477 Deihabent,
1294 4412 1344 4468 sed
1363 4426 1419 4468 non
1433 4414 1581 4470 secundum
1597 4411 1748 4483 scientium,

8 4511 9 4530 .
79 4503 166 4574 (Luc.
183 4518 225 4571 1v,
246 4505 290 4572 et,
314 4504 374 4576 35);
392 4512 421 4560 et
434 4503 598 4560 illuminatos
613 4518 700 4560 cacos
724 4502 816 4560 dicere
829 4515 892 4574 pro·
948 4507 1095 4572 sequentes
1116 4514 1237 4558 errorem
1262 4515 1351 4568 snum,
1368 4508 1396 4558 et
1418 4501 1548 4558 obstinati
1561 4501 1590 4558 in
1604 4517 1650 4570 eo,
1668 4501 1707 4559 ita
1719 4508 1751 4558 nt

8 4641 9 4646 ,
81 4593 201 4650 bibebat
216 4594 326 4664 (uocet.
343 4608 382 4662 rx,
394 4595 452 4665 30).
948 4588 1029 4644 nullis
1051 4587 1134 4644 uelint
1162 4588 1282 4644 consiliis
1305 4589 1492 4661 acquiescere.
1507 4591 1541 4646 Hi
1563 4600 1627 4647 snut
1639 4591 1751 4649 unitatis

8 4663 9 4676 ¹
120 4686 150 4739 3.
172 4684 205 4738 ln
225 4683 308 4738 corde
335 4682 437 4754 duplex
451 4690 493 4740 est
508 4682 598 4755 lepra,
624 4682 734 4755 propria
757 4680 893 4749 voluntas,
948 4675 1090 4744 divisores,
1109 4675 1210 4731 inimici
1228 4676 1304 4748 pacis
1318 4678 1458 4734 charitatis
1478 4687 1615 4750 expertes,
1631 4680 1750 4738 uanitate

8 4819 10 4856 ι
84 4780 114 4830 et
129 4771 277 4844 proprium
296 4770 446 4829 consilium.
470 4771 559 4844 Lepra
575 4781 691 4846 utraque
710 4771 791 4828 ninus
808 4769 896 4842 pessi-
950 4774 1098 4835 tumentes,
1122 4764 1262 4836 placentes
1285 4765 1347 4834 sibi,
1362 4774 1391 4823 et
1409 4767 1501 4840 magni
1516 4768 1545 4823 in
1568 4769 1654 4826 oculis
1681 4769 1750 4842 suis,

8 4911 11 4922 ,
82 4877 142 4929 rna,
160 4875 255 4931 eoque
272 4859 459 4932 perniciosior,
473 4878 526 4935 quo
545 4863 632 4938 magis
646 4861 769 4920 interior.
788 4860 896 4918 Volun-
950 4855 1111 4927 ignorantes
1132 4853 1184 4910 Dei
1211 4853 1344 4924 iustitiam
1362 4863 1391 4912 et
1405 4872 1482 4913 suem
1502 4857 1626 4916 volentes
1652 4858 1751 4916 consti·

84 4957 176 5009 tatem
196 4947 259 5005 dico
283 4948 432 5021 propriam,
458 4966 519 5022 quae
537 4967 593 5008 non
618 4951 897 5008 estcommuniscum
951 4954 1038 5003 tuere.
1053 4944 1088 4999 Et
1103 4960 1163 5016 quae
1178 4947 1266 5016 major
1279 4946 1417 5017 snperbia,
1434 4963 1515 5019 qnam
1536 4957 1567 5004 ut
1584 4965 1656 5006 unus
1668 4950 1751 5006 homo

8 5025 11 5126 ἑ
86 5043 151 5097 Deo
167 5046 198 5096 et
212 5037 378 5107 hominibus,
395 5039 445 5095 sed
460 5045 552 5095 nostra
566 5047 688 5096 tantum:
704 5040 814 5114 qnando
825 5039 897 5111 quod
951 5035 1001 5092 toti
1015 5031 1237 5106 congregrationi
1245 5035 1373 5105 judicium
1384 5051 1462 5092 snum
1472 5037 1608 5108 praeterat,
1622 5047 1751 5111 tauquam

86 5131 230 5197 rotmnns,
252 5143 308 5186 non
331 5127 366 5183 ed
380 5127 513 5184 honorem
534 5128 593 5198 Dei,
617 5144 673 5186 non
697 5129 731 5184 ad
754 5127 898 5184 utilitatem
951 5123 1340 5196 ipsesolusbabeatSpiritum
1350 5125 1752 5186 Deilldoiotctrioescetuscst

8 5269 11 5306 Ι
87 5218 222 5285 fratrum,
242 5216 291 5272 sed
305 5223 421 5288 propter
443 5216 627 5288 nosmetipsos
648 5215 771 5284 tacimus,
787 5229 843 5271 non
857 5215 900 5271 in·
952 5231 1011 5273 non
1024 5213 1207 5288 acquiescere,
1221 5217 1248 5271 et
1264 5214 1344 5286 quusi
1356 5218 1504 5287 peccatum
1512 5213 1656 5273 ariolandi
1667 5229 1754 5286 repu-

9 5363 11 5370 Α
87 5307 245 5366 tendentes
260 5305 369 5378 placere
383 5307 443 5363 Deo
457 5315 486 5363 et
495 5307 627 5378 prodesse
641 5307 781 5375 iratribus,
797 5304 846 5362 sed
861 5319 900 5361 sa-
953 5321 1039 5378 pncre
1053 5305 1081 5374 (l
1092 5305 1155 5376 ltcp.
1171 5317 1222 5358 xv.
1238 5303 1295 5374 23),
1309 5303 1381 5360 Eunt
1392 5319 1466 5361 nunc
1479 5305 1525 5376 qui
1538 5319 1569 5360 se
1589 5301 1690 5359 iaciunt
1704 5318 1753 5359 re·

8 5439 11 5470 ,
87 5398 227 5455 tisiacere
238 5395 354 5469 propriis
367 5395 487 5454 motibus
501 5396 664 5453 animorum.
682 5396 752 5454 lluic
764 5393 901 5452 contraria
953 5392 1105 5464 ligiosiores
1122 5391 1192 5460 aliis,
1209 5391 1255 5464 qui
1269 5407 1324 5448 non
1335 5402 1398 5449 sunt
1411 5393 1482 5449 sicut
1495 5391 1587 5450 caeteri
1601 5392 1751 5457 bominum,

8 5475 12 5578 ἑ
88 5495 136 5546 est
150 5489 234 5544 recta
249 5483 339 5544 ironte
366 5485 494 5555 ebaritas,
510 5501 571 5559 qua
583 5525 586 5531 -
597 5488 672 5543 Dens
686 5494 736 5544 est.
753 5485 900 5542 liecenim
953 5483 1024 5540 licce
1039 5481 1114 5538 arioli
1128 5488 1156 5538 et
1169 5479 1318 5538 idololatrae
1341 5480 1405 5536 iacti
1426 5489 1499 5549 sunt,
1520 5482 1543 5536 si
1558 5489 1649 5538 tamen
1666 5482 1711 5541 vel
1726 5481 1753 5540 ei

9 5643 10 5646 Ἴ
89 5577 233 5636 advorsus
246 5574 333 5634 Deum
347 5573 501 5633 inimicitias
517 5589 650 5634 exercens
664 5583 717 5646 est,
732 5583 760 5634 et
773 5577 901 5650 guerram
956 5572 1002 5646 qui
1016 5570 1082 5628 dinit
1096 5571 1158 5640 hoc,
1173 5570 1234 5643 plns
1256 5587 1339 5644 qnam
1363 5568 1415 5630 sibi
1428 5569 1549 5642 judicent
1563 5587 1625 5629 esse
1640 5571 1754 5629 creden-

8 5659 12 5762 ,
90 5662 325 5725 crudelissimam.
357 5663 427 5734 Quid
461 5665 534 5722 eninr
557 5665 615 5726 odit
642 5675 689 5724 ant
715 5665 793 5739 punit
828 5665 902 5724 liena
956 5661 1030 5719 dum.
1050 5660 1145 5734 Neque
1169 5659 1231 5717 ltnic
1253 5659 1376 5719 dissonm
1392 5659 1520 5720 Veriutis
1546 5675 1646 5732 somno,
1669 5673 1752 5734 quem
