3996 6350
88 465 130 524 53,
632 466 676 528 DE
690 465 847 530 mttere
863 467 978 532 bontra
994 468 1105 532 suano
1122 467 1180 530 itt.
1698 467 1733 528 5t

86 589 183 644 demus
208 588 332 646 membra
352 597 455 656 nostra,
484 605 559 644 arma
591 589 739 662 iniquitatis
766 600 881 664 peccato
899 621 923 700 Α
941 599 1010 650 tatus
1028 589 1179 661 eumfacit
1198 605 1305 646 mecum
1324 589 1551 664 misancordiam3
1580 599 1608 650 et
1628 591 1732 649 utinam

85 677 174 748 (dom.
191 693 230 744 vr,
244 679 301 749 13),
316 677 392 734 etsie
406 676 478 734 nolle
493 678 629 735 damnatio
644 688 685 736 est
703 680 745 736 his
759 679 883 753 quisunt
939 682 1072 738 retribuat
1084 696 1134 753 pro
1148 696 1193 737 me
1217 677 1351 736 Domtnus
1373 694 1460 734 mens.
1483 679 1572 736 Primo
1598 680 1733 754 siqnidem

86 765 114 820 in
136 765 246 823 Christo
262 766 344 825 tosa:
366 766 415 822 aed
440 780 496 823 non
519 767 630 838 ejicitur
652 766 702 823 nisi
725 767 753 824 in
782 778 880 841 morte,
937 771 1027 827 omnia
1042 785 1102 838 sua,
1118 769 1219 826 dehinc
1232 767 1314 824 etiarn
1330 765 1507 838 semetipsum
1525 768 1733 840 exposuitutili-

86 856 196 927 mando
209 856 248 914 sic
262 855 441 928 discerpimur
460 862 489 912 ut
507 855 600 913 anima
621 865 764 929 separetur
780 873 797 914 a
815 874 880 916 cor-
937 859 1039 918 tatibus
1052 857 1131 925 meis,
1148 874 1203 914 non
1218 871 1336 930 parcens
1350 854 1526 926 sibiproptar
1540 871 1593 923 me,
1609 855 1636 912 in
1659 859 1733 929 jeju-

85 957 163 1013 pore.
936 947 988 1004 niis
1002 947 1092 1004 mtdtis
1105 946 1133 1003 in
1147 945 1285 1004 laboribus
1308 944 1477 1017 frequenter,
1492 942 1520 998 in
1534 942 1633 1016 vigiliis
1654 961 1734 1017 supra

121 1034 149 1086 3.
166 1031 258 1086 Habes
272 1030 307 1084 ad
326 1030 392 1102 quid
411 1031 520 1090 venerit
540 1032 675 1099 Christus,
690 1041 719 1089 et
731 1035 774 1090 cui
792 1033 882 1091 inten-
936 1037 1058 1104 modum,
1072 1035 1101 1091 in
1118 1035 1188 1091 lame
1202 1041 1231 1091 et
1244 1031 1299 1100 siti,
1315 1031 1397 1088 otiam
1410 1029 1588 1103 inirigoreet
1598 1031 1733 1089 nuditate.

87 1120 154 1176 dere
168 1119 268 1175 debeat
280 1117 460 1177 Christianus.
475 1121 625 1193 Propterea
647 1120 714 1186 noli,
736 1137 753 1180 o
773 1137 881 1194 corpus,
936 1124 1006 1196 Quid
1015 1122 1311 1198 igituriPmtectonoo
1319 1119 1465 1178 mentietur
1474 1119 1622 1192 Scriptura,
1633 1121 1734 1191 quadi·

85 1209 141 1265 noli
160 1207 309 1281 preripere
319 1216 443 1282 tempora
456 1227 462 1265 :
474 1219 553 1281 potes
563 1210 637 1267 enim
647 1209 780 1283 impedire
786 1212 884 1268 auimae
936 1215 1019 1272 citur:
1036 1213 1216 1272 Voluntatem
1229 1213 1395 1270 timentium
1410 1228 1438 1269 sc
1454 1211 1551 1282 sociat,
1564 1215 1592 1268 et
1604 1209 1736 1283 depraca-

85 1306 139 1352 tuas
152 1295 280 1365 salutem,
293 1304 367 1352 tuam
382 1295 468 1367 ipsios
483 1297 591 1367 operari
611 1312 666 1354 non
681 1309 769 1371 potes.
786 1298 884 1356 Omnia
937 1304 1044 1360 tionum
1059 1317 1157 1360 eorum
1172 1301 1309 1358 arcadici
1319 1299 1406 1371 (Psoi.
1424 1313 1517 1364 cxnrv,
1531 1296 1588 1370 19).
1598 1297 1621 1354 0
1632 1297 1734 1354 silorta

84 1393 196 1456 tempus
209 1384 312 1441 habent
326 1385 429 1457 (licata.
446 1401 487 1456 ιιι,
505 1388 543 1456 1).
558 1389 654 1443 Patere
670 1395 780 1444 otnunc
794 1387 884 1444 anima
936 1397 1048 1466 gustare
1058 1389 1321 1456 dulcedinemhane,
1331 1385 1734 1460 silortegloriamistamvaleas

86 1490 137 1544 pro
151 1489 181 1529 ae
195 1474 310 1543 laboret,
321 1473 407 1546 magis
420 1482 512 1530 antem
527 1475 611 1531 etiam
624 1475 762 1533 collabora
771 1477 806 1544 ei,
818 1491 885 1550 qno-
936 1479 1071 1536 estimare
1081 1475 1088 1532 l
1100 1477 1250 1534 musenim
1259 1477 1379 1534 dicturus
1393 1475 1519 1543 sum,sed
1531 1481 1621 1532 mmen
1632 1490 1696 1532 vera
1707 1482 1735 1531 et

85 1563 158 1618 niam
172 1561 195 1616 si
208 1561 382 1632 compateris,
398 1572 426 1618 et
445 1562 639 1636 conregnabis.
665 1563 803 1631 Quantum
822 1567 883 1635 ejus
935 1563 1050 1619 omnino
1064 1563 1214 1621 indubitata
1229 1564 1365 1622 fidelibus.
1379 1566 1441 1637 lpse
1454 1564 1585 1622 Dominus
1603 1563 1732 1622 Sabaoth.

85 1649 203 1721 impedis
213 1649 423 1721 reparationem,
445 1653 550 1707 tantum
564 1651 682 1723 impedis
696 1661 788 1722 tuam;
809 1652 883 1724 quod
935 1639 1068 1708 Domin'us
1082 1652 1210 1710 virtutum
1225 1661 1252 1710 et
1266 1670 1315 1710 rex
1329 1653 1435 1728 gloriae,
1452 1655 1510 1725 ipsa
1525 1653 1677 1710 descendet
1699 1653 1734 1708 ad

85 1737 211 1794 nimirum
225 1743 288 1792 ante
299 1738 423 1809 reparari
433 1754 488 1794 non
498 1740 617 1810 poteris,
629 1740 717 1796 donec
726 1756 803 1796 auam
817 1742 844 1797 in
851 1757 884 1797 ea
938 1739 1113 1796 reformanda
1127 1756 1245 1813 corpora
1258 1749 1362 1809 nostra;
1378 1749 1406 1798 et
1420 1741 1617 1814 configuranda
1626 1743 1736 1814 corpori

83 1826 159 1882 Deus
172 1826 318 1898 imaginem
333 1824 424 1882 videat
439 1826 626 1884 reformatam.
640 1828 766 1886 Nobilem
786 1829 881 1901 hospi·
937 1827 1064 1884 claritatis
1078 1845 1144 1886 sum.
1162 1829 1269 1900 Quanta
1285 1830 1337 1886 erit
1353 1829 1399 1886 illa
1418 1829 1518 1902 gloria,
1537 1847 1619 1903 mam
1633 1829 1734 1887 inalta-

82 1922 137 1969 tam
152 1915 250 1983 habea,
263 1929 364 1983 oraro,
379 1915 499 1973 nobilem
515 1918 605 1990 valde,
622 1924 650 1975 at
665 1925 721 1975 tota
743 1919 815 1976 salus
838 1927 883 1975 tua
898 1955 920 2032 Β
937 1915 998 1972 hilis
1017 1918 1173 1987 exsultatio,
1201 1921 1311 1990 qnando
1331 1920 1446 1976 Creator
1467 1919 1662 1987 universitatis,
1687 1918 1733 1992 qni

83 2002 186 2072 pendet
200 2003 235 2060 de
248 2005 310 2073 eius
323 2003 421 2064 salute.
433 2005 611 2063 Dahonorem
627 2006 727 2078 hospiti
742 2014 828 2064 tanto.
839 2007 881 2064 Tu
936 2021 986 2076 pro
1000 2007 1143 2064 animabus
1159 2007 1338 2077 iustificandis
1362 2007 1469 2064 bombis
1489 2015 1552 2064 anta
1576 2014 1691 2064 venerat
1704 2015 1732 2064 et

82 2091 194 2163 quidem
208 2091 315 2148 habitas
336 2092 364 2148 in
388 2093 580 2166 regionetua:
610 2095 775 2152 animavero
798 2112 881 2168 pere·
936 2092 1128 2165 occultus,pro
1143 2104 1169 2151 te
1193 2094 1381 2168 glorificanda,
1398 2109 1415 2152 o
1432 2094 1534 2152 misera
1557 2111 1631 2166 caro,
1650 2094 1734 2150 subli-

83 2178 162 2250 grina
178 2188 207 2238 et
219 2181 296 2238 exsul
306 2183 379 2253 apud
393 2189 419 2238 te
429 2189 473 2239 eat
486 2183 632 2256 hospitata.
649 2185 748 2256 Quaeso
763 2192 800 2252 te,
820 2185 881 2258 quis
936 2181 987 2238 mis
1001 2182 1093 2239 veniet
1108 2183 1315 2246 etmanilestus,
1332 2198 1387 2239 non
1401 2184 1493 2254 jamin
1504 2181 1671 2250 infirmitate,
1683 2183 1732 2239 sad

86 2269 213 2336 rusticos,
237 2269 260 2326 si
283 2269 354 2327 torte
385 2271 483 2328 nobilis
507 2281 535 2328 et
557 2281 713 2345 praepotens
747 2273 880 2346 quispiam
935 2271 963 2326 in
977 2272 1064 2344 gloria
1079 2280 1107 2329 et
1121 2273 1264 2344 majestate
1279 2273 1346 2330 sual
1363 2273 1431 2344 Quis
1449 2272 1664 2348 'cogimbitdiem
1680 2274 1736 2328 ad··

80 2357 151 2427 apud
168 2372 230 2414 eum
245 2357 361 2415 voluerit
375 2360 517 2432 hospitari,
532 2377 588 2418 non
602 2361 722 2418 libenter
735 2362 764 2418 in
779 2361 879 2436 angulo
935 2369 1032 2418 ventus
1057 2362 1139 2430 illius,
1166 2364 1275 2437 quando
1299 2364 1451 2421 descendet
1475 2380 1536 2421 cum
1563 2363 1731 2435 plenitudine

81 2445 179 2501 domus
194 2461 258 2514 sue,
276 2455 322 2502 aut
334 2447 385 2503 suh
399 2447 530 2522 gradibus
546 2449 612 2518 suis,
628 2450 671 2506 vel
685 2447 713 2504 in
724 2449 792 2521 ipsis
805 2449 880 2506 cine·
934 2449 1054 2516 luminis,
1071 2451 1302 2521 preconantibus
1317 2452 1434 2526 angelis,
1449 2458 1478 2508 et
1502 2452 1574 2507 tube
1597 2441 1731 2508 concentu

82 2532 157 2588 ribus
182 2535 335 2605 accubabit,
365 2535 468 2592 cedens
493 2537 592 2609 hospiti
614 2551 663 2594 suo
687 2536 775 2595 locum
800 2537 880 2608 (sicut
936 2537 1119 2594 excitantibus
1133 2538 1167 2594 de
1181 2540 1293 2610 pulvere
1304 2555 1404 2609 corpus
1417 2538 1509 2612 inops,
1525 2546 1553 2594 et
1564 2538 1732 2610 rapientibus

82 2621 196 2694 dignum
211 2625 265 2694 est)
279 2623 438 2694 potiorem?
453 2626 488 2680 Et
503 2630 531 2679 tu
550 2639 617 2699 ergo
631 2624 673 2680 lac
688 2623 823 2682 similiter.
840 2627 881 2680 tn·
934 2623 999 2680 illud
1015 2625 1124 2680 obviant
1134 2626 1243 2682 Christo
1257 2628 1284 2683 in
1299 2626 1387 2684 aero?

78 2710 167 2778 jurias
185 2710 229 2767 vel
257 2712 395 2768 molestias
424 2721 483 2768 tuas
511 2728 546 2769 ne
571 2712 749 2784 reputaveris,
775 2719 878 2770 tantum
970 2716 997 2767 a.
1012 2711 1160 2784 Quousque
1174 2713 1256 2785 igitur
1278 2729 1342 2770 caro
1357 2713 1466 2780 misera,
1486 2711 1628 2785 insipiens,
1648 2731 1731 2788 caeca,

81 2806 111 2855 ut
126 2800 226 2870 hospes
241 2805 303 2856 tous
317 2799 466 2858 honorilice
480 2801 568 2873 possit
582 2801 655 2873 apud
677 2809 703 2857 te
729 2801 878 2860 demorari.
934 2799 1050 2856 clemens
1065 2807 1094 2855 et
1108 2815 1220 2872 prorsus
1233 2801 1328 2857 maana
1342 2817 1416 2868 caro,
1433 2801 1639 2858 transitoriaset
1653 2803 1733 2858 cadu-

81 2887 175 2943 ltonor
189 2886 238 2946 tibi
252 2893 306 2953 est,
320 2895 350 2944 nt
364 2903 414 2959 pro
432 2904 466 2945 eo
474 2888 585 2946 interim
610 2895 636 2946 te
654 2888 784 2946 exhibeas
798 2888 879 2947 inho·
934 2902 980 2944 cas
994 2887 1092 2959 quaerit
1104 2889 1316 2957 consolationes,
1332 2888 1387 2946 imo
1407 2887 1599 2959 desolationes,
1615 2890 1638 2947 si
1661 2891 1732 2948 torte

81 2989 191 3034 norum.
305 3022 311 3030 .
934 2975 1077 3050 contingat
1092 2976 1197 3047 repelli,
1213 2984 1241 3033 et
1258 2977 1399 3051 indignam
1416 2977 1532 3049 judicari
1554 2978 1604 3034 hac
1632 2979 1729 3054 gloria,

118 3066 146 3119 i.
161 3063 202 3120 hc
214 3065 327 3120 nelorte
339 3063 474 3135 despicias
488 3072 535 3121 aut
548 3063 731 3137 parvipendas
742 3065 878 3137 hospitem
934 3063 1022 3136 magis
1050 3071 1141 3121 autem
1170 3063 1347 3122 nihilominus
1378 3064 1508 3122 ineffabili
1539 3066 1567 3121 in
1600 3073 1731 3124 aeternum

82 3159 169 3220 tuum,
185 3165 235 3223 pro
249 3166 284 3207 eo
293 3151 366 3224 qood
376 3152 594 3226 peregrinustibi
605 3151 713 3210 videtur
723 3156 751 3210 ct
761 3153 878 3222 advena,
935 3153 1083 3210 excruciari
1093 3155 1194 3226 poena?
1223 3157 1283 3212 Non
1307 3155 1355 3222 sic,
1388 3155 1515 3220 obsecro,
1546 3153 1643 3212 iratres
1666 3155 1730 3222 mei,

82 3239 231 3312 diligenter
246 3241 356 3297 attonde
370 3242 437 3314 quid
452 3243 565 3315 hospitis
579 3243 717 3314 hujustibi
732 3242 879 3316 praesentia
897 3273 919 3350 c
935 3257 990 3297 non
1004 3241 1062 3308 sic;
1079 3243 1212 3316 quinimo
1228 3243 1379 3301 delectetur
1403 3244 1430 3300 in
1448 3244 1603 3314 hujusmodi
1618 3245 1731 3301 medita·

80 3328 220 3401 largiatur.
238 3330 300 3400 Ipse
318 3330 392 3386 enim
417 3337 459 3387 est
484 3331 530 3404 qui
554 3331 648 3388 tribuit
666 3331 753 3389 oculis
777 3330 877 3400 visum,
936 3329 1052 3387 tionibus
1066 3331 1158 3388 anima
1173 3340 1283 3397 nostra;
1308 3330 1472 3404 quinetiam
1489 3347 1553 3388 caro
1568 3339 1662 3388 nostra
1687 3349 1737 3388 re·.

81 3413 204 3472 additum
218 3417 535 3492 auribuspraastat3ipse
550 3419 756 3492 estquilinguae
771 3435 878 3489 vocem,
934 3417 1056 3488 quiescat
1085 3418 1113 3474 in
1136 3435 1195 3490 spe,
1226 3419 1393 3475 Salvatorem
1417 3425 1564 3489 expectans
1586 3417 1729 3475 Dominum

81 3506 172 3575 palato
187 3512 306 3578 gastum,
323 3517 426 3564 motum
440 3509 572 3565 membris
593 3509 720 3565 omnihus
743 3509 879 3565 submini-
933 3515 1056 3562 nostmm
1083 3508 1176 3564 tasum
1204 3508 1354 3575 christum,
1380 3506 1425 3579 qni
1456 3505 1614 3564 ralormabit
1646 3507 1727 3575 illam,

79 3601 158 3648 strat.
175 3595 204 3649 Si
218 3594 283 3666 quid
302 3596 373 3662 vitae,
392 3597 414 3652 si
434 3597 617 3670 quidsensus,
633 3598 656 3652 si
675 3597 775 3669 quidin
792 3598 879 3655 tede·
933 3595 1128 3666 configuratam
1150 3596 1258 3668 corpori
1282 3595 1411 3654 claritatis
1437 3611 1504 3651 snae.
1532 3593 1576 3652 Sic
1599 3595 1671 3652 enim
1692 3596 1730 3652 ait

79 3679 152 3737 coris
175 3690 229 3750 est,
252 3683 333 3754 hujus
356 3684 473 3757 hospitis
504 3685 666 3742 beneficium
701 3701 879 3757 recognosce.
933 3681 1083 3755 Propheta:
1101 3685 1195 3744 sitivit
1209 3685 1730 3758 intronimomao,quammultiptici-

76 3769 204 3843 Denique
214 3771 353 3830 discessus
363 3775 424 3844 ejus
436 3775 536 3847 probat
551 3774 617 3846 quid
630 3775 777 3845 pressanda
787 3775 880 3831 conle-
935 3771 1728 3846 terratico-omen.(Psctmn,a,)1tesiucrabatsiqntnen

78 3860 169 3915 rebat.
191 3859 316 3918 Protinus
331 3861 406 3917 enim
424 3861 516 3918 animo
531 3861 700 3928 discedente,
716 3861 880 3936 lingnasile-
934 3859 1023 3915 anima
1037 3861 1206 3932 prophetalis
1227 3861 1375 3919 adventum
1390 3863 1520 3932 priorem,
1535 3877 1589 3934 qno
1604 3875 1729 3918 aenove·

76 3947 128 4016 bit,
139 3947 212 4005 oculi
226 3947 294 4003 nihil
308 3949 451 4016 videbunt,
468 3950 669 4006 obsurdescent
678 3965 771 4017 aures,
781 3965 881 4022 corpus
934 3955 975 4002 rat
990 3946 1175 4004 redimendam
1189 3966 1196 4016 3
1214 3949 1263 4004 sed
1275 3949 1361 4004 mutto
1375 3949 1491 4020 amplius
1510 3964 1573 4005 caro
1587 3949 1727 4005 desidera-

78 4050 161 4092 omne
186 4036 295 4109 rigebit,
314 4037 398 4094 iacies
417 4037 594 4108 expallescet.
622 4040 651 4094 ln
671 4037 748 4095 brevi
766 4055 879 4111 qnoque
933 4036 979 4092 bat
992 4036 1139 4094 adventum
1149 4037 1329 4108 posteriorem
1345 4045 1373 4094 et
1395 4035 1622 4108 glorificationem
1640 4052 1728 4094 suam.

77 4131 164 4179 totum
179 4126 296 4184 cadaver
310 4126 450 4198 putridum
469 4127 548 4183 simul
571 4135 596 4184 et
623 4126 744 4199 putidum
772 4125 832 4194 fiet,
852 4135 880 4183 et
932 4124 1008 4180 Tnnc
1022 4125 1094 4180 enim
1109 4124 1293 4196 implebuntur
1307 4125 1442 4182 desideria
1470 4131 1572 4194 nostra,
1597 4135 1625 4182 et
1649 4126 1729 4197 plena

81 4210 167 4268 decor
187 4217 276 4270 omnis
296 4216 324 4271 in
351 4215 456 4273 saniem
480 4223 662 4274 convertetur.
687 4215 788 4288 thuid
812 4231 879 4287 ergo
933 4212 985 4268 erit
999 4213 1141 4283 majestate
1156 4213 1263 4269 Domini
1286 4212 1375 4269 omnis
1393 4222 1476 4270 terra.
1502 4211 1545 4268 hd
1567 4228 1649 4285 quam
1668 4214 1727 4288 glo·

77 4317 129 4372 pro
139 4302 282 4375 tempomli
295 4303 416 4377 qualibet
431 4301 508 4362 781
528 4305 709 4362 delectatione
728 4303 875 4361 contristas
934 4301 1011 4366 riam,
1028 4302 1061 4358 ad
1077 4317 1158 4373 quam
1173 4303 1380 4372 beatitudinem,
1402 4303 1435 4358 ad
1450 4317 1531 4374 quam
1546 4303 1667 4374 denique
1681 4319 1729 4374 pa·

78 4397 107 4444 et
125 4389 204 4446 laedis
217 4393 350 4464 hospitem
371 4394 464 4459 istum,
480 4411 563 4466 qaam
579 4409 630 4452 nec
646 4394 749 4450 sentire
768 4393 878 4465 quidem
931 4406 1002 4461 cem,
1019 4405 1080 4461 quae
1094 4398 1241 4462 exsuperat
1254 4407 1363 4448 omnem
1378 4406 1500 4462 sensum,
1524 4390 1583 4461 ipse
1605 4407 1655 4447 sna
1678 4406 1728 4447 nos

77 4477 135 4534 ullo
151 4477 232 4537 modo
243 4488 352 4553 poteras
367 4483 418 4539 uisi
427 4499 478 4556 per
490 4482 580 4554 ipsum
591 4482 659 4538 tho
670 4484 727 4538 haec
737 4482 760 4538 si
774 4490 877 4539 tantum
932 4478 1118 4536 misericordia
1133 4481 1273 4550 perducat,
1290 4497 1342 4538 nec
1355 4477 1503 4537 contundat
1518 4479 1612 4535 nasah
1625 4495 1726 4550 exspe-

80 4566 129 4622 tibi
151 4565 257 4624 confert
285 4570 371 4640 exsul,
395 4580 422 4628 et
446 4571 646 4629 inimicitiarum
668 4586 780 4627 causae
808 4569 877 4626 lucie
893 4588 915 4665 n
932 4569 1050 4626 clatione
1065 4577 1158 4624 nostra
1173 4569 1305 4637 Salvator,
1324 4585 1405 4642 quem
1425 4575 1624 4640 exspectamus,
1648 4567 1742 4623 lesus¹

78 4655 189 4712 Domini
203 4655 364 4730 suiejactns,
383 4666 514 4732 qnantum
534 4659 583 4716 tihi
596 4657 738 4731 prestabit
752 4659 876 4715 reconoi·
932 4657 1053 4714 Christua
1066 4656 1200 4713 Dominus
1211 4669 1315 4725 noster,
1328 4657 1375 4731 qui
1389 4663 1432 4714 est
1446 4655 1625 4728 superomnia
1642 4655 1728 4711 bene·

78 4739 183 4799 liatust
196 4745 267 4812 Noli,
283 4761 422 4819 campus,
443 4749 499 4806 noli
522 4747 656 4820 impedire
677 4746 876 4805 reconciliatio·
931 4746 1019 4802 dictus
1036 4745 1185 4804 insaecula.

79 4847 145 4886 nem
171 4830 255 4898 illam,
283 4834 411 4905 quoniam
436 4837 548 4908 gandia
577 4837 626 4894 tibi
662 4835 763 4894 exinde
792 4835 878 4912 gloria
1234 4833 1349 4890 sanato
1367 4833 1426 4891 vtt.

78 4926 260 4990 praepamtur.
274 4921 421 4990 Patienter,
445 4925 499 4982 imo
515 4933 544 4982 et
561 4925 680 4983 libenter
704 4925 877 4997 temetipsum
1021 4925 1058 4982 Dc
1075 4922 1185 4995 triptici
1205 4925 1336 4981 utititutc
1354 4923 1498 4982 Adventus
1513 4925 1635 4980 Domini.

78 5024 187 5081 expone
202 5011 235 5065 ad
251 5011 343 5069 omnia
359 5029 365 5068 :
383 5012 611 5072 nihitdissimules
624 5015 767 5088 qaodhuic
781 5015 877 5072 videa·
969 5017 994 5068 1.
1011 5012 1040 5069 Si
1066 5013 1164 5069 devote
1185 5011 1356 5068 celebramus
1374 5012 1530 5069 Adventum
1557 5011 1677 5078 Domini,
1698 5011 1726 5066 id

79 5107 123 5153 tur
137 5098 350 5156 reconciliationi
365 5115 448 5173 posse
463 5105 604 5173 pmdesse.
619 5104 669 5160 Dic
688 5103 790 5175 hospiti
807 5108 852 5158 tuo
870 5119 875 5156 :
932 5101 1044 5158 tacimus
1054 5103 1125 5174 quod
1140 5109 1266 5174 oportet:
1282 5100 1415 5175 siquidem
1437 5117 1492 5158 non
1506 5101 1586 5157 modo
1610 5101 1643 5154 ad
1663 5115 1724 5169 nos,

79 5186 149 5257 Quia
163 5189 352 5246 recordabitur
366 5192 496 5248 Dominus
525 5194 573 5263 tui,
602 5201 629 5250 et
652 5194 782 5251 restituet
801 5199 827 5247 te
850 5191 878 5246 in
932 5191 980 5247 sed
995 5202 1023 5248 at
1037 5197 1150 5263 pmpter
1170 5205 1220 5246 nos
1243 5190 1327 5256 venit,
1342 5190 1389 5263 qni
1412 5191 1546 5247 honorum
1570 5193 1724 5244 nostrornm

78 5278 194 5347 gradum
209 5280 361 5350 pristinam,
373 5289 401 5338 et
416 5288 443 5337 tu
458 5290 596 5338 memento
611 5282 663 5338 mei
674 5282 753 5352 (Gen.
766 5296 806 5346 ιιι,
821 5281 875 5350 13).
932 5295 986 5336 ιιοιι
1000 5287 1073 5351 eget.
1091 5280 1191 5336 Vemm
1205 5288 1306 5335 nostre
1319 5279 1429 5350 quidem
1445 5276 1602 5348 indigentiae
1616 5274 1727 5346 quanti·

115 5367 142 5419 5.
160 5365 276 5424 Omnino
290 5369 364 5426 enim
384 5369 556 5427 memorarit
574 5370 601 5425 in
626 5371 737 5434 bonum,
755 5369 777 5424 si
807 5369 876 5424 bene
933 5377 1014 5425 tatem
1033 5368 1201 5426 manifestius
1217 5368 1276 5440 ipsa
1290 5368 1454 5442 dignationis
1472 5367 1532 5438 ejus
1553 5363 1653 5421 indicat
1667 5379 1727 5419 ma·

79 5450 209 5506 servieris
224 5452 269 5517 illi,
287 5462 389 5511 etcum
405 5456 563 5526 pervenerit
583 5455 616 5511 ad
629 5454 774 5510 Dominum
787 5467 876 5522 snum,
931 5459 1055 5530 gnitudo.
1071 5458 1128 5514 Nec
1143 5457 1224 5514 modo
1242 5456 1392 5531 perieulum
1417 5453 1586 5528 agritudinis
1609 5468 1641 5510 ax
1666 5453 1729 5525 ipso

79 5547 207 5609 subdes&
231 5539 257 5595 ⁰⁵
277 5542 311 5599 de
336 5549 373 5612 ῑθ,
404 5553 432 5601 θῑ
456 5545 583 5618 loquetur
605 5545 705 5599 b⁰t¹¹¹m
734 5555 783 5612 pto
803 5541 876 5595 hono
930 5546 1020 5619 pretio
1033 5545 1219 5601 medicaminis
1239 5546 1394 5613 innotescit,
1420 5543 1468 5600 sed
1494 5549 1522 5600 et
1544 5539 1728 5601 valetudinum

79 5626 199 5699 hospite,
213 5629 325 5687 dicens:
343 5631 408 5688 Cum
420 5633 447 5690 in
462 5634 592 5690 ultionem
604 5633 690 5702 culpae
700 5646 756 5686 suae
771 5628 876 5684 exsula-
930 5650 1060 5691 numerus
1073 5651 1107 5691 ex
1130 5635 1303 5692 multitudine
1323 5633 1517 5692 remediorum.
1534 5631 1633 5706 thnid
1654 5630 1727 5687 enim

80 5723 122 5772 Γθῑ
139 5731 235 5774 ⁵⁰W¹¹⁸
250 5725 322 5789 luuh
337 5737 440 5794 Pauper
449 5723 569 5796 quidam,
581 5721 653 5795 apud
669 5737 750 5794 quem
778 5717 873 5792 hostii·
929 5723 1076 5782 divisiones
1089 5725 1237 5798 gratiarum
1251 5732 1323 5792 snut,
1340 5723 1362 5782 si
1377 5739 1432 5782 non
1453 5723 1561 5780 videtur
1574 5721 1725 5779 necessita·
