4064 6344
124 498 193 576 rrrr
697 525 701 534 ·
758 499 976 586 sunnonas'ut
995 517 1144 583 ιιιιιιι.
1699 499 1768 564 trra

123 643 287 715 disponentis
300 661 438 704 sermones
450 663 513 704 suos
529 647 556 704 in
570 649 689 720 judicio,
701 657 727 707 et
742 664 832 708 rerum
848 651 912 726 glo·
930 664 954 743 q
1006 648 1031 702 t.
1047 645 1080 701 Et
1092 642 1154 700 ideo
1177 637 1352 711 semetipsum
1377 634 1524 694 exinanivit
1544 646 1632 704 usque
1654 627 1766 693 adhoc,

125 730 188 788 riam
202 734 350 790 uerborum
366 735 496 792 modestia
511 737 696 808 temperantis.
969 730 998 791 ut
1011 741 1169 808 pasceretur
1190 729 1250 800 ipse
1270 726 1392 783 omniurn
1416 731 1524 797 peston
1541 730 1568 778 et
1587 721 1712 778 inventus
1727 725 1767 772 est

159 823 186 876 1.
210 821 389 880 Aliasautem
415 841 469 880 nou
495 823 601 900 ignoret
631 843 716 883 unum
740 843 810 899 esse,
828 827 916 902 etqui
970 823 1040 879 inter
1062 820 1129 888 lilia,
1145 827 1172 876 et
1194 816 1270 874 visus
1296 815 1331 870 ab
1355 812 1486 880 Ecclesia,
1500 809 1643 866 adamatus
1664 816 1705 863 est
1732 806 1767 861 ab

125 910 250 980 erseitur.
273 921 299 969 et
318 912 364 986 qui
380 913 485 986 pascit;
520 914 591 970 inter
614 915 668 972 lilia
689 925 915 984 commorantem,
972 913 1052 984 inope
1067 923 1180 982 pauper,
1196 905 1285 962 lactus
1298 901 1411 960 dilectus
1427 905 1537 973 propter
1552 893 1765 953 similitudinem.

124 1007 150 1055 et
176 1009 334 1070 regnantem
357 1017 437 1072 super
469 1001 567 1058 sidera.
596 1003 632 1059 m
651 1003 780 1062 libentius
805 1005 918 1063 humilia
971 999 1033 1056 Non
1060 997 1146 1056 solum
1176 1001 1277 1062 eutem,
1295 991 1346 1047 sed
1374 995 1401 1045 et
1427 994 1538 1059 propter
1564 985 1717 1052 veritatem,
1741 989 1769 1038 et

125 1084 213 1142 dilecti
240 1093 380 1160 memoret,
408 1097 519 1162 propter
548 1090 726 1148 humilitatem
745 1089 864 1168 quidem,
889 1103 919 1151 ιιι
971 1085 1216 1150 mansuetudinem,
1233 1090 1259 1138 et
1280 1077 1417 1152 justitiam
1433 1093 1439 1135 :
1456 1073 1528 1149 quod
1546 1089 1595 1144 per
1609 1087 1671 1130 eum
1694 1069 1769 1127 seili-

125 1172 197 1229 dixi:
215 1177 300 1248 magis
309 1183 398 1232 eutem
414 1178 487 1250 quod
502 1177 599 1236 exinde
618 1181 700 1254 coepit
711 1199 771 1238 esse
792 1181 917 1248 dilectus,
973 1185 1016 1236 cot
1035 1173 1227 1248 promissiones
1247 1169 1403 1242 adimplete
1425 1173 1497 1230 snut,
1513 1161 1585 1234 quod
1611 1159 1770 1230 iniquitates

126 1279 157 1317 ex
177 1277 230 1336 qno
255 1270 281 1317 rt
295 1265 378 1336 pasci.
394 1267 448 1323 Nec
461 1268 542 1324 modo
564 1269 670 1337 exinde,
691 1269 738 1326 sed
765 1270 838 1328 inde.
852 1271 919 1325 Naue
973 1265 1095 1322 remisse
1122 1269 1195 1329 sunt,
1210 1259 1284 1332 quod
1316 1253 1425 1328 superbi
1451 1253 1591 1308 daemoues
1620 1261 1673 1302 una
1706 1259 1768 1300 cum

127 1349 171 1422 qni
190 1350 217 1407 in
236 1352 377 1424 altissimis,
392 1361 432 1410 est
445 1355 589 1430 Dominus,
604 1357 632 1414 in
651 1359 711 1415 iuris
729 1367 770 1416 est
784 1357 919 1428 dilectns;
973 1353 1094 1428 principe
1109 1366 1158 1407 suo
1179 1347 1293 1421 judicati
1316 1353 1388 1403 sunt.
1403 1341 1475 1399 Talis
1497 1354 1564 1413 ergo
1585 1333 1710 1407 apparuit
1722 1333 1768 1404 qui

126 1441 304 1511 supersidere
325 1459 452 1516 regnans,
472 1455 500 1502 et
527 1446 596 1502 inter
615 1447 671 1503 lilia
686 1465 790 1506 emens.
807 1447 921 1506 Amabat
974 1439 1070 1499 merito
1098 1444 1242 1506 emeretur,
1258 1451 1340 1493 verax
1365 1447 1415 1506 pro
1438 1445 1477 1502 se,
1496 1425 1571 1482 mitis
1600 1421 1768 1490 hominihus,

126 1535 151 1584 ‘i
171 1530 360 1608 ammosa,
376 1532 439 1604 quia
455 1551 587 1607 nusquam
616 1545 642 1593 et
660 1553 801 1611 nunqnam
832 1536 922 1610 potnit
972 1533 1062 1602 justus
1077 1543 1126 1602 pro
1140 1523 1304 1583 hominibus.
1321 1522 1344 1578 0
1359 1536 1421 1578 vere
1436 1515 1580 1573 amandum
1593 1524 1620 1569 et
1632 1510 1696 1568 totis
1711 1525 1769 1566 me·

127 1633 178 1672 non
194 1634 293 1688 amare,
317 1619 379 1690 quia
394 1629 526 1678 emorest
541 1641 547 1677 :
565 1626 611 1680 sed
635 1627 722 1684 donec
741 1627 775 1684 ed
803 1625 922 1682 liliade-
975 1617 1055 1674 dullis
1083 1615 1174 1672 cordia
1200 1609 1418 1683 amplectendum
1447 1600 1591 1680 sponsuml
1616 1597 1688 1670 Quid
1714 1597 1773 1667 jam

127 1706 239 1774 Ssselldils
254 1718 282 1763 rt
308 1707 380 1778 rasel
395 1709 464 1765 inter
479 1711 535 1767 lilia
548 1722 703 1782 compertus
713 1722 762 1782 est,
778 1729 828 1770 nec
843 1731 921 1770 aura-
976 1713 1119 1762 cunctetur
1131 1701 1250 1760 Ecclesia
1266 1709 1351 1758 totam
1370 1715 1400 1754 se
1415 1703 1470 1752 tote
1484 1691 1627 1749 devotione
1641 1685 1771 1742 commit-

127 1803 168 1849 ιιι-ι
182 1803 234 1864 est,
248 1812 298 1854 nec
325 1793 412 1854 laetus
426 1797 549 1857 dilectus.
572 1799 663 1872 Quid?
682 1819 737 1860 non
751 1811 793 1860 est
813 1812 919 1862 amarus
976 1804 1033 1851 tere
1047 1801 1101 1850 um
1123 1789 1178 1847 lide
1201 1788 1344 1854 redditori,
1360 1795 1412 1842 tam
1437 1782 1481 1857 pio
1500 1777 1641 1848 indultori,
1656 1783 1711 1831 tarn
1723 1774 1771 1846 ju-

127 1883 309 1953 apatriarchis
328 1895 354 1941 et
368 1887 532 1960 prophetis?
544 1891 594 1946 Est
609 1906 616 1948 :
630 1893 679 1948 sod
694 1907 747 1948 non
763 1891 919 1964 priusquam
973 1892 1015 1939 sto
1035 1876 1253 1955 propugnatori?
1267 1878 1351 1932 Porro
1374 1870 1544 1946 praemiserat
1570 1863 1713 1938 Propheta,
1729 1863 1772 1919 di-

13 2037 22 2052 .
126 1975 200 2030 *5⁸⁰⁵
213 1980 254 2030 ⁰³¹
274 1983 300 2030 ⁰²
322 1976 356 2028 ab
371 1974 439 2047 ipsis
465 1977 603 2034 interlitis
618 1979 706 2050 pasci.
733 1979 825 2051 Neque
847 1979 919 2034 enim
936 1941 958 2018 Β
975 1986 1037 2028 oeus
1053 1987 1060 2024 :
1076 1967 1170 2039 Specie
1186 1969 1236 2021 tuo
1250 1959 1503 2037 etpelcbrt'tudt'tte
1519 1953 1696 2012 tueiutcnde
1709 1968 1773 2023 pro-

126 2076 179 2117 non
211 2059 345 2127 viderunt,
369 2078 448 2133 quem
484 2063 680 2134 praeviderunt:
709 2065 760 2120 uisi
793 2064 831 2120 ita
859 2065 922 2137 quis
976 2074 1064 2132 spere.
1079 2053 1156 2113 Unde
1184 2052 1288 2126 species
1312 2059 1370 2106 ttaeo
1387 2055 1413 2102 et
1437 2043 1630 2119 pulchritudo?
1647 2041 1724 2106 Puto,
1740 2055 1773 2094 ex

126 2150 225 2223 absque
248 2147 343 2220 spiritu
354 2150 398 2220 sit,
415 2156 443 2205 ut
456 2150 595 2234 videntem
623 2151 649 2208 in
663 2152 768 2226 spiritu,
785 2160 860 2223 putet
884 2151 924 2210 vi·
976 2146 1049 2204 liliis.
1079 2141 1149 2216 Quid
1177 2141 1235 2198 lilio
1259 2136 1431 2211 speciosius?
1460 2133 1505 2192 Sic
1531 2129 1599 2188 nihil
1626 2125 1774 2183 formosius

126 2241 189 2294 dere
204 2235 280 2292 nihil.
296 2237 372 2295 Unde
393 2254 457 2309 erpo
472 2240 612 2304 videntes.
641 2259 702 2298 nam
730 2241 769 2297 sie
785 2241 923 2312 prophetae
977 2248 1088 2309 sponso.
1103 2229 1171 2304 Quae
1193 2237 1257 2286 sunt
1280 2244 1344 2302 erqo
1367 2225 1413 2281 illa
1434 2223 1531 2291 lilie,e
1554 2217 1652 2293 quibua
1670 2213 1774 2288 speeies

126 2325 338 2399 ἃ6661166666
370 2327 395 2396 (1
418 2329 484 2399 liep.
509 2343 551 2396 tx,
572 2329 610 2402 9),
632 2331 653 2386 si
678 2329 744 2388 nihil
772 2328 924 2388 viderunt?
976 2319 1084 2382 decoris
1110 2321 1190 2392 ejus?
1210 2318 1340 2382 Procede,
1366 2313 1463 2387 inquit,
1487 2315 1517 2369 et
1544 2324 1632 2382 repeto
1658 2307 1774 2379 propter

127 2409 193 2470 Inde
220 2423 272 2481 est,
292 2415 364 2487 quod
375 2413 520 2473 voluerunt
542 2416 643 2485 videre,
672 2435 752 2490 quem
775 2433 831 2475 non
854 2419 927 2493 vide·
976 2413 1138 2476 venialem,
1151 2413 1181 2469 et
1194 2403 1456 2469 monsuetudinem,
1472 2403 1500 2457 et
1510 2397 1659 2472 justitium
1683 2392 1773 2463 (Psel.

128 2504 266 2561 runtNeo
284 2503 355 2560 enim
387 2502 493 2561 15ss
526 2514 651 2578 poterant
682 2506 750 2566 velle
777 2507 870 2566 videre
897 2507 924 2562 in
980 2517 1058 2572 nutv,
1078 2497 1117 2574 6).
1132 2498 1200 2555 Lilia
1222 2506 1293 2564 sunt,
1316 2493 1381 2562 lilia,
1405 2491 1526 2564 inquam,
1550 2493 1609 2542 orta
1633 2483 1666 2537 de
1692 2489 1772 2549 terra,

125 2607 248 2663 corpore,
265 2607 348 2666 quem
361 2592 388 2648 in
413 2594 508 2664 spiritu
533 2610 587 2652 non
607 2595 749 2654 vidissent.
766 2597 821 2652 Sed
843 2597 922 2653 dico:
979 2589 1091 2648 nitentia
1113 2603 1197 2660 super
1217 2593 1325 2650 terram,
1341 2577 1485 2638 eminentie
1509 2575 1538 2630 in
1557 2571 1667 2629 lloribus
1683 2580 1772 2634 terrae,

125 2681 254 2754 Nunquid
281 2696 376 2738 omnes
402 2673 566 2756 prophetae?
597 2683 683 2753 Quasi
713 2700 808 2741 omnes
831 2683 925 2740 videre
980 2676 1129 2752 lreqrantia
1155 2691 1239 2748 snper
1273 2674 1383 2730 odorem
1412 2676 1572 2726 aromatum.
1602 2661 1677 2736 Ergo
1704 2655 1775 2713 inter

127 2769 269 2840 voluerint,
284 2778 329 2826 eut
353 2769 434 2827 luerit
454 2771 571 2826 ornnium
603 2771 681 2829 tides.
706 2773 759 2830 Sed
782 2773 853 2830 enim
880 2767 928 2844 qni
981 2772 1038 2826 haec
1060 2767 1114 2825 lilia
1140 2779 1267 2838 sponsus,
1287 2772 1315 2818 et
1342 2759 1453 2817 omnino
1476 2771 1511 2811 ex
1530 2753 1572 2810 his
1590 2747 1732 2824 speciosus
1746 2753 1774 2802 et

125 2857 256 2932 viderunt,
280 2868 324 2914 aut
337 2859 474 2930 prophete
499 2857 618 2928 luerunt,
647 2870 694 2916 eut
715 2862 854 2933 prophetis
882 2877 926 2918 ao-
980 2853 1198 2942 pulchralibus
1221 2851 1294 2907 enim
1316 2847 1400 2922 (qnod
1426 2844 1536 2918 quidem
1560 2841 1594 2896 sd
1618 2833 1707 2895 cernis
1729 2833 1774 2888 in·

124 2947 305 3019 quiescentes.
321 2947 354 3002 Et
376 2946 523 3004 credidisse
552 2949 633 3016 enim,
665 2949 766 3008 uidisse
788 2963 840 3008 est.
865 2953 925 3008 Non
980 2945 1058 3000 timna
1071 2943 1185 3016 spectat)
1201 2954 1255 2996 non
1270 2944 1327 2994 erat
1342 2935 1366 2992 ei
1387 2931 1492 3006 species
1505 2943 1595 3002 neque
1610 2925 1692 2981 deoor
1705 2921 1773 2994 (lea.

124 3037 206 3094 modo
225 3051 338 3110 nemque
356 3035 403 3112 qui
425 3051 473 3110 per
493 3037 640 3110 prophetiae
666 3039 801 3111 spirltum,
824 3041 871 3098 sod
900 3052 928 3098 et
978 3048 1037 3103 tur,
1052 3033 1091 3104 6).

126 3126 230 3198 quiper
239 3124 321 3182 fidem
331 3125 413 3194 videt,
432 3126 455 3182 si
473 3125 534 3198 quis
544 3127 636 3198 ipsum
656 3144 766 3200 quoque
789 3129 861 3187 dicat
882 3131 923 3188 vi.
954 3163 960 3182 ,
1014 3123 1042 3178 6.
1058 3121 1163 3178 Bonum
1184 3125 1274 3173 eutem
1298 3113 1384 3169 lilium
1407 3109 1516 3180 veritas,
1532 3105 1648 3164 madore
1662 3098 1775 3171 conspi-

127 3216 190 3273 dere
203 3214 231 3270 in
245 3214 352 3287 spiritu,
367 3215 434 3272 mihi
448 3231 502 3271 non
515 3214 624 3272 ridetur
638 3230 742 3274 errare.
939 3211 1069 3291 cottum,
1082 3203 1167 3266 odore
1189 3205 1373 3279 praecipuum
1394 3199 1510 3272 denique
1533 3193 1635 3253 candor
1654 3198 1695 3246 est
1708 3189 1776 3246 lucis

159 3308 186 3362 3.
200 3303 238 3360 lte
251 3318 318 3376 ergo
337 3303 410 3374 quod
425 3303 458 3360 ed
472 3302 531 3358 lilia
544 3301 719 3372 descendere,
736 3313 764 3362 et
788 3295 926 3364 interlitis
979 3303 1099 3365 eterne.
1115 3293 1244 3368 ⁵Pl⁰⁰d0f
1260 3291 1298 3349 '0⁸
1329 3290 1416 3364 fidum
1438 3283 1596 3344 ⁵¹¹h³²³⁰²iae
1625 3279 1673 3336 ⁰0³
1697 3279 1774 3349 (sep.

123 3393 196 3466 pasci
215 3392 341 3464 dignatus
366 3390 450 3450 estis
479 3391 526 3465 qui
552 3407 648 3450 omnes
670 3392 767 3463 puscit,
800 3393 927 3452 dilectum
978 3383 1217 3458 vrr,26).1.ilium
1242 3381 1331 3452 plane,
1346 3375 1419 3449 quod
1441 3374 1475 3430 ed
1494 3387 1591 3430 norem
1606 3367 1776 3426 benedictio-

125 3481 189 3539 lecit
204 3481 292 3548 illurn,
311 3479 374 3554 quia
385 3478 537 3552 nonpotuit
558 3488 621 3536 ante
636 3479 723 3554 diligi,
732 3497 814 3554 quem
838 3498 926 3558 agno.
980 3493 1043 3537 nem
1062 3483 1131 3530 terre
1155 3476 1247 3528 nostra
1271 3464 1407 3540 produxit,
1422 3471 1449 3522 et
1471 3459 1658 3536 persultante
1681 3454 1776 3510 taciem

124 3570 175 3630 sci.
191 3565 231 3626 lle
249 3585 297 3642 per
311 3571 362 3626 hoc
385 3583 446 3625 cum
480 3569 514 3625 de
536 3554 634 3626 dilecto
647 3567 715 3626 lacta
742 3577 782 3626 est
812 3571 925 3642 mentio,
980 3562 1100 3622 omniunt
1122 3557 1296 3632 populorum,
1311 3555 1403 3610 lumen
1426 3551 1460 3608 ad
1484 3545 1675 3606 revelationem
1703 3558 1777 3618 gen-

123 3655 235 3734 pnlebre
258 3665 284 3714 et
299 3656 363 3714 illud
384 3667 563 3717 memoratum
590 3667 641 3723 est,
673 3658 744 3730 quod
774 3659 927 3719 dilectionis
981 3653 1047 3710 tium
1063 3653 1139 3723 (Luc.
1155 3664 1186 3717 u,
1201 3649 1245 3716 31,
1262 3645 1319 3717 32).
1333 3646 1424 3701 Donec
1438 3636 1646 3696 submeledieto
1661 3631 1712 3692 luit
1726 3641 1778 3690 ter-

124 3757 151 3804 et
181 3746 329 3820 agnitionis
347 3745 447 3802 exstitit
480 3760 571 3802 cause.
593 3746 744 3815 Quaerenda
772 3747 801 3802 in
828 3749 926 3821 spiritu
980 3757 1019 3807 ra,
1036 3740 1128 3813 spinas
1146 3746 1172 3794 et
1195 3734 1309 3791 tribulos
1332 3729 1500 3808 germinavit.
1515 3728 1552 3786 ht
1575 3741 1648 3783 nunc
1670 3723 1778 3782 veritas

125 3835 235 3894 relectio
262 3837 321 3892 baeo
344 3834 414 3892 inter
436 3833 510 3891 lilia:
537 3851 600 3890 neni
623 3849 781 3908 corpoream
804 3837 944 3910 cogitare.
979 3831 1012 3886 de
1026 3838 1099 3886 terre
1113 3835 1172 3884 urta
1186 3837 1228 3884 est
1236 3823 1352 3883 Domino
1362 3821 1537 3878 benedicente
1552 3817 1642 3890 (Psoi.
1653 3829 1777 3880 cxxxiv,

125 3923 267 3981 ridiculum
285 3931 335 3980 est.
351 3921 422 3992 Quin
438 3923 497 3996 ipsa
515 3923 571 3980 lilia
596 3922 759 3996 spiritualia,
779 3923 803 3980 si
816 3926 925 3997 quidem
981 3923 1025 3984 lh,
1041 3921 1086 3988 tt,
1102 3919 1141 3989 2),
1156 3914 1296 3988 speciosus
1310 3911 1421 3968 omnino
1442 3906 1553 3981 quidem
1569 3905 1619 3963 llos
1632 3903 1732 3976 campi,
1749 3907 1780 3958 et

126 4012 302 4086 potuerimus,
317 4012 526 4070 demonstranda
552 4011 760 4070 anobiserunt.
778 4014 857 4087 Puto,
872 4015 927 4071 hoo
980 4005 1067 4064 lilium
1086 4003 1260 4064 convallium·
1275 4003 1401 4074 Agnosce
1425 3995 1511 4053 lilium
1536 4011 1570 4051 ex
1584 3993 1714 4059 eandm»
1729 3991 1778 4062 6ῠὶ

125 4116 237 4174 qaoque
246 4099 335 4156 dicere
348 4114 397 4155 nos
407 4098 552 4171 oportebit,
563 4098 636 4156 unde
645 4099 715 4156 inter
729 4099 785 4155 lilia
799 4107 926 4174 pascetur
980 4112 1042 4157 mox
1056 4096 1084 4152 in
1098 4095 1158 4166 ipso
1172 4101 1268 4150 exortu
1290 4087 1366 4147 lloris
1388 4084 1543 4158 pectoribus
1564 4084 1599 4140 de
1612 4087 1691 4138 nocte
1705 4079 1776 4134 emi-

124 4185 251 4259 dileotus,
276 4186 374 4244 liliisne
398 4187 476 4259 ipsis,
500 4203 534 4242 an
554 4187 615 4244 aliis
643 4187 713 4244 inter
741 4187 797 4244 lilia
834 4203 925 4255 recon-
979 4185 1042 4252 cuit,
1057 4184 1164 4242 dicente
1178 4179 1328 4254 Evangelio
1349 4177 1412 4249 quia
1435 4171 1553 4248 sepelies
1566 4171 1682 4229 Domini
1694 4169 1776 4227 elem

125 4277 189 4334 ditis
207 4275 299 4333 herbis
311 4275 354 4334 vel
378 4276 512 4334 lloribns?
526 4277 561 4334 Et
575 4275 603 4334 in
623 4274 667 4332 his
694 4275 760 4332 illud
776 4275 841 4332 mihi
856 4273 925 4330 dilli-
974 4275 1067 4347 jueta
1080 4273 1155 4337 illos,
1171 4273 1200 4330 et
1211 4269 1330 4328 claritas
1344 4268 1395 4324 Dei
1408 4261 1604 4334 circumfulsit
1618 4259 1682 4316 illos
1698 4259 1777 4328 (Luc.

124 4368 204 4423 cilius
218 4374 341 4436 apparet,
355 4365 427 4437 quod
442 4366 527 4434 pasci,
543 4380 597 4421 non
623 4379 735 4434 pascere
757 4365 924 4437 perhibetur.
981 4377 1013 4434 ιι,
1029 4361 1067 4435 9).
1081 4363 1153 4418 Bene
1175 4359 1236 4424 Dei,
1250 4354 1315 4430 quie
1338 4370 1393 4412 nou
1416 4351 1582 4425 angelised
1604 4348 1651 4405 lilii
1666 4346 1777 4406 candor.

124 4459 194 4516 Nem
213 4456 277 4529 quia
294 4463 387 4530 pascat
401 4453 512 4510 dubium
536 4470 590 4509 non
618 4463 670 4520 est,
696 4469 746 4510 nec
771 4454 842 4509 enim
853 4453 924 4510 indi·
942 4483 965 4560 ὓ
981 4451 1027 4510 llle
1041 4449 1146 4517 adorat,
1162 4449 1211 4506 sed
1229 4445 1296 4503 illud
1322 4443 1439 4502 micabat
1460 4443 1494 4498 ab
1512 4457 1599 4512 usque
1612 4429 1778 4495 Bethlehem.

125 4562 210 4634 gnum
234 4545 274 4601 ei:
290 4554 317 4601 at
341 4543 426 4617 pasci,
452 4541 632 4616 indigentiam
662 4547 749 4608 sonat,
778 4552 804 4598 et
825 4559 859 4598 ne
872 4541 928 4613 spi·
981 4539 1109 4614 Agnosce
1133 4535 1217 4592 lilium
1239 4542 1266 4590 et
1285 4548 1322 4590 ex
1341 4532 1504 4602 odoreque
1528 4535 1555 4584 et
1578 4527 1659 4598 longe
1683 4523 1778 4599 positis
1810 4519 1812 4524 ’

125 4636 263 4709 ritualiter
286 4633 395 4707 quidem
414 4630 473 4690 siue
500 4629 599 4701 injuria
621 4629 769 4703 maiestatis
788 4629 867 4688 leeile
885 4628 926 4685 illi
982 4619 1097 4686 innotuit
1124 4623 1222 4697 magis.
1251 4621 1284 4677 Ει
1311 4621 1420 4694 quidem
1456 4614 1533 4674 stella
1562 4613 1702 4688 apparuit3
1733 4610 1780 4668 sed

125 4738 209 4798 posse
230 4721 364 4794 assignari
401 4719 515 4778 videtur.
545 4720 602 4776 Nec
633 4733 685 4794 ego
713 4734 777 4775 sane
800 4723 927 4776 recordor
982 4714 1094 4775 tete
1108 4730 1166 4771 eam
1181 4711 1291 4770 minime
1305 4709 1355 4768 viri
1369 4724 1465 4783 graves
1479 4706 1567 4764 secuti
1583 4705 1709 4768 luissent,
1729 4699 1778 4758 nisi

125 4809 309 4884 usquemodo
327 4807 475 4866 advertisse
502 4823 545 4864 me
559 4807 587 4864 in
602 4807 657 4866 boc
684 4805 788 4865 cantico
821 4813 929 4878 pastum
983 4805 1077 4864 intime
1103 4803 1218 4876 quedem
1242 4799 1422 4857 suaveolentia
1446 4795 1499 4854 orti
1522 4794 1572 4850 lilii
1599 4793 1776 4849 traherentur.

126 4899 233 4970 uspiam
241 4897 387 4972 perhiberi,
416 4913 478 4954 cunt
495 4905 663 4970 pascentem,
692 4905 770 4968 puto,
799 4896 929 4952 reeorde·
983 4897 1017 4956 Et
1037 4910 1102 4952 vere
1123 4893 1211 4950 lilium
1237 4889 1439 4958 rumusculus
1467 4885 1536 4942 odor
1561 4882 1660 4940 animat
1686 4879 1776 4945 fidem,

127 4989 237 5046 minist
265 5003 313 5046 vos
349 5002 464 5044 meeum.
487 4983 613 5064 Denique
640 4984 785 5057 postulavit
806 4983 858 5042 sibi
879 4983 929 5042 ali-
982 4983 1113 5056 splendor
1134 4980 1302 5038 intellectum
1323 4973 1464 5032 illuminet.
1480 4973 1551 5030 hera
1573 4971 1653 5027 etiam
1682 4967 1777 5026 oculos

125 5077 236 5152 quando
250 5077 439 5144 demonstrari,
456 5074 502 5132 ubi
520 5075 547 5130 in
566 5073 677 5132 meridie
695 5081 816 5148 pasceret
830 5081 857 5131 et
882 5089 929 5132 ou·
982 5070 1096 5132 nuncin
1110 5069 1197 5144 ipsam
1219 5081 1362 5142 personum
1378 5063 1498 5130 Domini,
1514 5060 1562 5134 qui
1583 5062 1611 5117 in
1627 5057 1778 5132 Evangelio

126 5169 206 5224 beret
224 5166 321 5242 (Geni.
337 5184 358 5236 r,
381 5167 420 5240 6).
435 5167 470 5224 Et
492 5182 563 5224 nnnc
576 5165 695 5237 quidem,
724 5165 797 5239 qnod
812 5163 928 5221 necdum
982 5160 1101 5236 loquitur
1119 5176 1126 5215 :
1152 5161 1205 5234 Epo
1225 5173 1291 5216 sem
1303 5155 1407 5215 comtos
1422 5153 1515 5227 (loon.
1530 5167 1590 5223 ιιι,
1604 5147 1642 5217 6).
1658 5149 1692 5203 lit
1713 5145 1778 5202 vide

127 5255 243 5326 dixerat,
259 5255 381 5328 perhibet
398 5256 484 5328 pasci,
505 5254 553 5311 sed
576 5270 631 5313 non
658 5251 782 5312 similiter
811 5252 930 5325 postulet
982 5265 1063 5324 quam
1085 5253 1270 5320 competenter
1291 5243 1391 5302 veritas
1414 5241 1471 5300 lilio
1485 5245 1665 5312 comparetur.
1680 5234 1710 5291 Si
1725 5249 1778 5289 nou

127 5347 219 5402 locum
244 5344 359 5400 indicari
376 5343 445 5414 sibi3
474 5343 521 5400 sed
544 5344 602 5414 ipse
633 5341 746 5409 indicat,
774 5339 928 5414 assignans,
983 5337 1133 5407 advertisti,
1147 5337 1260 5394 adverte
1281 5336 1315 5390 de
1329 5330 1419 5389 medio
1438 5329 1512 5386 lloris
1536 5327 1619 5398 hujus
1633 5322 1711 5397 qnasi
1725 5322 1780 5378 rir-

127 5432 397 5492 temereternere
423 5434 484 5502 hoc,
500 5431 568 5488 illud
583 5446 637 5489 non
652 5431 745 5502 rrovit3
761 5430 824 5503 quia
851 5444 930 5500 aeque
983 5429 1059 5503 gulas
1085 5442 1181 5483 aureas
1207 5425 1381 5495 prodeuntes,
1404 5431 1430 5478 et
1458 5421 1559 5476 cinctas
1585 5411 1779 5473 candidissimo

126 5529 230 5599 praesto
256 5537 317 5579 esse
330 5537 386 5578 non
401 5529 489 5593 petest
504 5521 577 5597 quod
597 5520 723 5577 sublimet
737 5527 766 5576 et
783 5518 810 5574 in
819 5517 930 5576 sublimi
983 5515 1061 5586 flore,
1075 5515 1187 5589 pulchre
1202 5529 1235 5572 ee
1252 5511 1381 5572 decenter
1398 5507 1530 5580 disposito
1544 5504 1573 5562 iu
1587 5515 1715 5561 coronam
1731 5519 1738 5556 :
1754 5506 1779 5556 et

127 5621 181 5680 est,
198 5616 226 5669 et
238 5611 311 5680 quod
327 5609 424 5666 humile
441 5619 469 5666 et
482 5625 564 5683 super
578 5613 690 5668 terram.
701 5607 770 5666 Subi
777 5609 830 5666 ime
847 5621 929 5679 opus,
983 5620 1100 5684 agnosce
1121 5618 1231 5662 auream
1258 5601 1287 5658 in
1314 5599 1421 5656 Christo
1449 5595 1631 5660 divinitatem,
1656 5593 1780 5648 humanae

125 5697 257 5778 ¹sublimis
270 5707 298 5755 et
311 5698 385 5760 locus
400 5716 409 5755 ε
424 5699 654 5758 uececocesus'ed
668 5715 730 5758 eum
740 5713 828 5772 usque
842 5696 930 5778 adhue
985 5703 1142 5754 coronatam
1155 5693 1272 5768 puritate
1295 5700 1408 5757 nature,
1423 5686 1451 5744 id
1467 5692 1510 5744 eet
1527 5683 1664 5741 Christum
1681 5680 1709 5736 in
1724 5678 1781 5735 dia·

131 5790 174 5845 *0¹
188 5788 241 5860 19⁵5
250 5803 370 5862 ⁸P⁰¹¹⁸ffi
983 5787 1100 5858 demate,
1113 5801 1168 5859 quo
1180 5779 1320 5842 coronavit
1340 5795 1403 5838 eum
1417 5782 1505 5835 meter
1522 5789 1583 5832 sne.
1599 5771 1670 5832 Nem
1683 5768 1712 5828 id
1726 5783 1781 5843 quo
