4086 6344
267 487 320 548 aet
558 428 568 440 ι
774 479 802 538 S.
823 477 991 538 llllilNlllllll
1010 475 1144 537 abbatis
1162 475 1479 538 chth-t'hhtlthffls
1862 471 1917 532 bit

267 619 388 686 pserunt,
400 609 463 684 quia
487 609 559 665 hnnc
581 603 693 662 minime
717 611 921 678 cognoverunt:
946 602 968 658 si
991 603 1063 659 enim
1082 622 1105 701 Α
1121 603 1289 676 exprobratis
1303 601 1573 676 nigredinem,qaam
1589 597 1679 656 fervor
1706 593 1916 667 persecutionis,

263 697 466 773 cognovissent,
483 709 617 768 nunqnam
641 692 785 749 Dominum
809 691 902 764 gloriae
916 687 1063 747 crucifixis-
1121 707 1174 748 non
1194 690 1405 748 conuersationis
1429 689 1516 761 pudor
1530 685 1656 746 irruerit?
1679 685 1726 742 Vel
1746 685 1832 743 solem
1851 685 1917 743 dicit
1975 687 1982 705 ⁶

265 794 326 846 sent
344 785 372 856 (l
390 787 451 844 Car.
467 800 496 852 ιι,
514 785 552 857 8).
567 784 626 840 Non
641 779 767 857 cognovit
781 779 909 846 Herodes,
923 788 950 835 et
964 777 1065 834 idcirco
1118 781 1202 838 aslum
1215 779 1337 851 justitiae,
1353 795 1407 853 quo
1433 776 1589 835 accenditur
1604 781 1631 831 el
1647 773 1799 846 accingitur
1813 775 1916 834 sdver-

265 875 408 947 dcspexit3
424 888 479 931 non
502 871 628 944 cognorit
646 871 800 943 Synagoga,
817 885 877 940 quas
896 867 1064 941 nigredinem
1119 887 1166 928 sos
1180 869 1370 944 malignantes,
1404 866 1495 925 dicens
1523 867 1601 922 beo:
1630 865 1712 922 lelna
1731 863 1831 920 domnas
1856 869 1916 921 laoe

267 966 305 1024 iili
322 964 455 1040 passionis
470 969 497 1020 et
519 959 682 1018 infirmitatis
699 959 898 1032 improperans,
913 959 1000 1024 Alios,
1016 957 1062 1022 ait,
1116 958 1238 1017 comedit
1256 974 1301 1014 me
1317 957 1405 1030 (Psoi.
1426 971 1526 1021 uxvrn,
1560 950 1742 1024 lbiictillnd
1772 951 1915 1011 fabescere

267 1046 1064 1128 ealoossecit,seipsamaonpotestsalaamsacere.dbri·
1118 1042 1918 1120 mesecitaelarmeas,qaiooblitisuntoerbafaninimica

267 1151 330 1203 star
339 1159 392 1201 reo
402 1140 646 1200 lsraeldescendaf
654 1153 732 1196 nanc
740 1137 773 1194 de
782 1153 875 1202 eruce,
885 1142 914 1195 et
924 1136 1065 1195 credimus
1118 1139 1194 1204 mei,·
1210 1136 1276 1191 illud
1286 1149 1394 1208 quoqne
1406 1153 1413 1189 ε
1427 1135 1551 1205 Defectio
1562 1135 1658 1190 tenuit
1672 1145 1717 1187 me
1727 1147 1778 1202 pro
1789 1139 1920 1204 peecato-
2022 1165 2023 1204 ,

269 1237 296 1293 ei
314 1232 426 1306 (batth.
448 1244 540 1297 xxsst,
557 1230 614 1299 lt).
629 1227 681 1284 Sed
704 1225 831 1298 cognovit
844 1226 914 1283 latro
928 1227 960 1281 de
975 1241 1063 1292 cruce,
1117 1225 1195 1283 ribus
1206 1223 1464 1298 derelinquentibus
1474 1222 1559 1294 legem
1568 1219 1740 1292 taam(Psel.
1750 1235 1844 1286 cxrau,
1857 1223 1919 1276 ι39.

269 1319 335 1378 lieet
349 1322 376 1378 in
387 1334 477 1385 cruce,
492 1317 538 1390 qui
553 1327 579 1373 et
594 1315 753 1374 innocentie
769 1315 908 1386 puritatem
924 1313 1066 1371 confessus
1120 1313 1184 1386 53);
1202 1314 1284 1372 item:
1307 1317 1405 1374 Nonne
1420 1313 1468 1386 pai
1476 1311 1599 1369 oderant
1617 1309 1781 1376 labamine,
1792 1310 1920 1376 omrem,

269 1420 320 1468 est.
333 1412 382 1468 flio
396 1412 504 1472 autem,
515 1404 653 1478 inquiens,
671 1408 720 1479 qui
729 1405 801 1462 mali
810 1401 902 1477 faciti
914 1411 941 1460 et
950 1403 1066 1476 gloriam
1121 1409 1147 1464 et
1158 1419 1243 1478 super
1252 1403 1384 1460 inimicos
1399 1405 1463 1459 taos
1474 1397 1644 1457 tabescebam
1654 1399 1668 1454 i
1677 1397 1765 1468 (Psoi.
1778 1405 1921 1463 cxxxvm,

269 1499 353 1573 regiae
381 1496 531 1568 majestatis
558 1495 639 1551 simul
663 1503 704 1550 est
725 1500 907 1565 protestatus:
932 1493 1066 1550 ffenmnto
1121 1491 1180 1562 st.)
1199 1493 1283 1548 Ellam
1313 1489 1377 1545 illud
1406 1487 1539 1559 Sapientis
1559 1495 1636 1542 cante
1662 1488 1804 1544 obsecrat:
1826 1487 1922 1554 fitia,

270 1581 1067 1657 mei,dicens,damvenerisinregnamtanm(Lacum,
1122 1581 1169 1651 sit,
1196 1580 1248 1636 tibi
1276 1581 1368 1636 santi
1390 1578 1452 1634 noli
1471 1575 1618 1634 ostendere
1643 1577 1743 1632 laetam
1758 1575 1923 1632 cellasnad

271 1678 315 1747 tl,
332 1678 390 1746 ll).
406 1677 538 1750 Cognovit
561 1673 694 1744 centurio,
719 1671 764 1746 qai
789 1671 884 1728 filium
906 1670 954 1728 Dei
973 1671 1069 1728 clamat
1124 1668 1307 1742 ipsasillocli.
1321 1683 1371 1734 vn,
1387 1668 1433 1736 ab)
1444 1683 1451 1724 ε
1462 1663 1600 1722 atscilicct
1613 1663 1736 1719 remissis
1753 1663 1923 1720 clmollibns

270 1765 485 1838 (balthassar,
496 1764 541 1838 ol)
553 1781 561 1829 ;
574 1761 716 1834 cognoscit
728 1761 861 1826 Ecclesia,
872 1777 933 1832 qrraa
948 1767 974 1817 ct
987 1775 1070 1816 aernu·
1125 1767 1152 1814 et
1166 1758 1340 1831 fugitantibus
1350 1756 1527 1828 disciplinam,
1535 1769 1589 1810 non
1603 1755 1747 1810 candorem
1755 1753 1921 1820 semnitatis,

270 1855 341 1912 lator
354 1853 539 1928 nigredinem,
554 1859 584 1906 ut
602 1850 726 1908 decorem
747 1849 896 1922 participet.
923 1851 985 1905 Non
1001 1863 1070 1904 oon·
1124 1847 1170 1904 sed
1186 1849 1330 1904 obscurum
1356 1845 1507 1903 seueritatis
1521 1843 1656 1900 exhibeat.
1670 1841 1718 1899 Vcl
1732 1841 1885 1899 decolorari
1907 1858 1923 1896 a

271 1941 392 1999 funditur
405 1941 483 2014 nigra
504 1937 602 2006 videri,
624 1939 704 2012 nigra
726 1939 789 2008 dici,
805 1945 837 1992 ut
859 1939 957 1994 dilecto
978 1938 1068 1992 dicat:
1087 1914 1192 2003 Bsofe,
1218 1943 1260 1992 est
1291 1935 1430 2004 ignescere
1457 1932 1584 1989 charitate
1611 1930 1738 1997 fraterna,
1768 1930 1834 1986 fiere
1862 1945 1923 1986 rnna

274 2032 427 2106 opprobria
445 2030 664 2104 exprobantium
684 2027 911 2085 tibiceeiderant
926 2043 1069 2101 saperme
1123 2023 1260 2090 dentibus,
1289 2040 1350 2080 oum
1395 2020 1614 2079 infirmitantibus
1649 2017 1790 2087 infirmari,
1820 2019 1864 2074 nri
1889 2021 1922 2074 sd

271 2115 358 2184 (Psoi.
387 2135 488 2187 cavan,
516 2118 569 2192 fb).
594 2119 632 2175 ht
654 2133 720 2174 sane
743 2117 820 2192 nigra
842 2117 928 2174 instar
956 2117 1067 2191 pellium
1122 2111 1248 2168 scandala
1266 2112 1444 2184 singulorum.
1455 2109 1504 2166 Vel
1525 2109 1584 2165 sic:
1602 2107 1647 2166 Sol
1659 2107 1923 2178 iustitiaedecolors-

272 2210 437 2282 Salomonis,
452 2208 518 2267 foris
532 2205 644 2278 scilicet,
660 2215 687 2262 rt
709 2221 764 2262 non
787 2205 880 2263 intas:
894 2221 982 2278 neque
996 2205 1068 2262 enirn
1122 2201 1160 2258 rit
1178 2217 1223 2258 me
1237 2199 1369 2268 Christus,
1384 2201 1462 2271 cujus
1476 2211 1567 2254 amore
1582 2197 1707 2268 langueo.
1716 2196 1845 2270 Languor
1859 2195 1923 2262 iste,

272 2302 347 2358 intns
364 2296 533 2372 nigredinem
542 2313 618 2355 meus
633 2296 759 2353 Salomon
775 2295 865 2355 babet.
881 2294 1003 2368 Denique
1013 2295 1067 2351 don
1122 2288 1221 2345 coloris
1234 2289 1357 2361 qoaedam
1372 2285 1556 2344 exterminatio
1567 2291 1618 2352 est,
1632 2293 1659 2340 ct
1673 2281 1796 2340 defectos
1818 2283 1847 2339 in
1871 2284 1924 2342 de·

273 2389 328 2445 ait:
345 2389 430 2462 aspra
453 2404 517 2446 snm
540 2386 611 2443 sicut
635 2385 857 2454 Salomon;sed,
885 2385 961 2441 siout
982 2385 1069 2458 peltes
1122 2376 1221 2433 siderio
1253 2376 1373 2433 animae:
1404 2375 1516 2430 undeet
1544 2371 1626 2430 dicit:
1645 2373 1924 2444 lfemnrfar'fiei,et

275 2479 453 2537 Salomonis:
483 2475 556 2548 quod
587 2474 614 2530 in
647 2471 788 2548 superficie
820 2480 922 2530 tantum
948 2474 983 2528 sit
1011 2473 1070 2531 veri
1123 2462 1925 2535 delectatassram,eteeercs'tatnrfsnmetdefeeitspa'ra'fas

274 2567 385 2641 nigredo
398 2566 524 2640 pacifici.
538 2564 645 2621 Peccati
659 2563 773 2638 nigredo
788 2563 861 2620 intus
879 2569 939 2630 est;
955 2568 981 2620 et
997 2562 1071 2634 prius
1124 2571 1202 2612 aneas
1218 2555 1305 2624 (Psal.
1320 2568 1418 2622 nxxvs,
1430 2552 1468 2624 3).
1483 2553 1568 2624 Ergo,
1583 2549 1925 2617 instarurentissolis,de·
2027 2581 2028 2596 ι

273 2655 401 2713 interiora
420 2656 500 2728 culpa
522 2653 709 2720 commaculat,
735 2669 815 2727 quarn
837 2653 871 2708 ad
893 2652 988 2708 oculos
1006 2667 1072 2724 pro·
1125 2643 1220 2702 siderii
1234 2643 1314 2698 ardor
1340 2641 1554 2715 peregrinantem
1582 2639 1610 2695 in
1634 2654 1746 2711 corpore
1773 2639 1924 2705 decolorat,

273 2746 343 2802 deat.
360 2745 483 2819 Denique
506 2745 540 2800 dc
562 2744 642 2800 corde
665 2751 764 2800 exeunt
787 2741 965 2815 cogitationes
983 2741 1071 2810 malae,
1125 2735 1191 2790 dum
1218 2731 1302 2788 vultui
1339 2730 1433 2804 glorias
1460 2729 1617 2796 inhiantem,
1647 2727 1829 2801 impatientem
1859 2728 1925 2784 facit

275 2833 356 2904 inrta,
380 2833 536 2900 homicidia,
572 2831 713 2897 adulteria,
741 2829 934 2902 blasphemie:
964 2836 992 2885 et
1016 2833 1073 2886 haec
1127 2828 1231 2890 1311
1253 2829 1369 2900 repulsa,
1385 2828 1561 2886 etcxcruciat
1577 2837 1712 2885 amantem
1740 2827 1842 2884 dilatio.
1857 2825 1926 2896 Quis
2027 2807 2028 2822 ¹

276 2932 339 2979 sunt
352 2939 414 2997 quae
426 2922 599 2996 coinquinant
612 2919 748 2978 hominem
762 2919 875 2992 (notra.
890 2935 940 2987 xv,
952 2923 996 2987 fb,
1008 2919 1072 2992 20),
1128 2929 1250 2977 nostrum
1264 2918 1300 2975 ita
1309 2927 1404 2975 sancto
1418 2931 1509 2974 amore
1522 2917 1609 2984 ardet,
1625 2925 1654 2973 ul
1667 2915 1802 2973 desiderio
1815 2915 1929 2975 ridendi

276 3011 326 3069 scd
351 3011 422 3067 absit
454 3018 485 3066 nt
505 3009 696 3066 Salomonem!
729 3007 838 3064 Eiuime
867 3023 978 3080 prorsus
1003 3009 1073 3080 apud
1128 3009 1275 3078 Christum,
1291 3023 1397 3066 omnem
1407 3007 1525 3064 colorem
1538 3005 1678 3079 presentis
1698 3004 1803 3079 gloriae,
1814 3005 1929 3062 laetitiae-

278 3115 372 3158 verum
385 3101 539 3172 pacificam
557 3097 708 3154 istiusmodi
727 3097 929 3171 inquinamenta
943 3097 1072 3171 reperies.
1129 3114 1182 3171 quc
1211 3097 1326 3154 fastidiat
1353 3106 1380 3153 ct
1398 3096 1526 3170 deponat,
1551 3094 1599 3151 illa
1622 3094 1647 3150 ei
1671 3095 1828 3167 prophetica
1862 3110 1932 3153 voce

279 3190 393 3262 Oportet
420 3203 536 3260 namque
562 3203 622 3244 esse
644 3189 701 3243 sine
724 3197 834 3260 peccato
849 3202 910 3243 enm
934 3187 980 3260 qui
1004 3186 1074 3244 tollit
1094 3187 1281 3267 sscontestans
1296 3204 1303 3241 ι
1320 3186 1438 3244 Etds'em
1449 3185 1569 3246 bomhais
1582 3183 1815 3253 nondesideram',
1828 3188 1861 3242 tra
1875 3188 1931 3242 scis

280 3285 390 3351 peccata
418 3276 523 3344 mundi,
546 3290 601 3348 quo
625 3276 659 3332 ad
683 3275 900 3332 reconciliandos
928 3285 1081 3348 peccatores
1132 3276 1246 3349 (terem.
1265 3291 1334 3345 ιιιιι,
1356 3275 1417 3348 te):
1433 3275 1567 3332 itemcum
1583 3280 1676 3330 sancto
1691 3271 1797 3330 David:
1821 3275 1929 3330 flenuit

280 3365 402 3424 inventus
429 3365 553 3436 idoneus,
575 3365 637 3436 jure
664 3363 715 3420 sihi
738 3379 837 3421 nomen
863 3363 980 3422 vindicet
1002 3365 1082 3422 Salo*
1131 3367 1273 3425 consolari
1286 3365 1385 3423 anima
1398 3381 1461 3422 mea
1475 3363 1669 3436 (Psatnuvr,
1683 3361 1727 3434 7);
1744 3361 1833 3434 idest,
1860 3379 1929 3435 pres

280 3455 379 3514 monis.
1130 3455 1247 3511 morium
1280 3456 1413 3511 bonorum
1427 3453 1500 3510 inani
1530 3451 1622 3508 letitia
1649 3449 1765 3523 despicit
1791 3451 1928 3508 colorari?

306 3515 431 3615 &Sed
453 3555 496 3600 est
514 3543 629 3617 nigredo
650 3541 796 3616 affligentis
821 3541 995 3615 poenitentiae,
1015 3559 1076 3600 cum
1129 3543 1262 3602 Vclcerte
1285 3544 1512 3604 decolaravitmc
1527 3545 1579 3610 sol,
1595 3540 1636 3598 sui
1659 3539 1786 3597 nimirum
1812 3555 1928 3613 compa-

281 3633 426 3692 assnmitnr
454 3632 609 3689 lamentatio
636 3648 685 3704 pro
711 3631 824 3689 delictis.
854 3633 927 3689 lianc
955 3631 1078 3689 fortassis
1130 3633 1233 3690 ratione
1252 3632 1412 3705 splendoris,
1441 3631 1505 3688 dum
1524 3631 1700 3704 approprians
1721 3629 1770 3698 illi,
1785 3644 1869 3688 esso
1887 3645 1929 3686 mc

282 3736 337 3779 non
351 3722 495 3779 abhorreat
509 3721 536 3778 in
555 3737 599 3777 me
617 3720 753 3789 Salomon,
769 3721 791 3777 si
815 3729 910 3792 sponte
935 3731 1021 3779 nmen
1035 3723 1078 3777 in·
1130 3723 1274 3779 obscuram
1288 3722 1468 3794 deprehendo,
1495 3722 1600 3794 nigram
1627 3720 1745 3792 invenio,
1761 3719 1862 3777 fundam
1881 3719 1929 3776 de-

283 3812 365 3868 duam
380 3810 508 3884 mihipro
529 3809 650 3882 peccatis
674 3810 758 3880 meis;
775 3809 839 3882 qnia
865 3825 912 3868 cor
932 3811 1076 3868 contritum
1131 3812 1222 3884 spicis.
1243 3812 1374 3869 Caetemm
1402 3810 1468 3868 alias
1494 3811 1603 3884 quidem
1617 3809 1734 3867 formosa
1757 3825 1834 3866 sum:
1866 3809 1929 3884 qnid

283 3909 312 3956 et
338 3898 504 3955 humiliatum
531 3899 605 3955 Deus
625 3913 680 3955 non
706 3897 838 3970 despiciet
860 3900 947 3970 (Psoi.
968 3918 994 3966 ι,
1020 3901 1075 3972 lii).
1133 3901 1237 3958 fuscam
1265 3899 1364 3971 dicitis,
1380 3900 1463 3957 solius
1486 3899 1553 3957 solis
1578 3899 1772 3971 pulchritudini
1799 3915 1928 3956 succum·

282 3988 330 4046 list
344 3987 521 4045 etaflioientis
539 3987 744 4060 compassionis,
764 3986 787 4044 si
802 3987 901 4045 afflicto
915 3989 1077 4060 condoleas;
1131 3991 1258 4048 bentemi
1277 3990 1313 4046 hs
1332 3989 1423 4048 sensui
1445 3989 1529 4060 priori
1548 3989 1674 4046 videntur
1688 3988 1775 4062 magis
1798 3989 1930 4046 assentire

283 4087 312 4135 et
333 4077 482 4133 fraternum
496 4087 521 4134 te
539 4077 675 4134 decoloret
696 4076 904 4135 incommodam.
929 4079 986 4134 Neo
1009 4079 1079 4135 hanc
1132 4097 1238 4155 eaquae
1252 4087 1410 4152 sequuntur.
1424 4076 1705 4150 Adjicionssiqoidem
1721 4095 1727 4133 :
1744 4078 1814 4134 Falli
1828 4083 1930 4134 motrrs

282 4165 406 4238 profecto
424 4164 597 4238 rejiciendam
612 4169 689 4238 putat
703 4173 794 4223 noster
805 4166 959 4240 {pacificas
979 4167 1078 4241 quippe
1131 4173 1587 4243 meoepapnaaeruatcontrame5
1598 4165 1815 4239 persecutionem
1826 4182 1931 4240 passam

284 4271 365 4328 qnam
383 4262 411 4311 et
434 4253 559 4327 sibiipsa
586 4267 636 4326 pro
658 4255 738 4312 nobis
760 4255 905 4330 dignanter
919 4255 1016 4326 induit,
1032 4257 1079 4330 qui
1133 4274 1164 4315 se
1178 4274 1240 4313 esse
1262 4265 1356 4331 aperte
1384 4255 1527 4330 significat.
1555 4255 1606 4314 Sed
1630 4255 1774 4313 hincaliad
1797 4257 1933 4313 sermonis

285 4352 395 4418 peccata
415 4353 507 4402 nostra
530 4342 636 4400 tulitin
661 4359 774 4416 corpore
797 4357 848 4400 sno
871 4359 953 4417 supcr
974 4345 1079 4418 lignum
1133 4344 1295 4419 principium
1316 4343 1466 4414 ordiemur,
1499 4343 1626 4416 quoniam
1647 4342 1776 4402 suficere
1803 4344 1857 4402 bac
1877 4345 1934 4400 rice

286 4433 313 4504 (l
332 4435 410 4490 Petr.
432 4446 462 4497 rs,
488 4432 543 4503 st).
568 4432 617 4487 Est
636 4440 664 4487 et
688 4430 900 4502 persecutionis:
923 4449 984 4505 quae
998 4432 1078 4491 etiam
1093 4474 1116 4552 u
1134 4443 1258 4508 possunt,
1292 4449 1351 4506 quae
1374 4433 1527 4506 accepimus
1544 4434 1578 4492 de
1591 4433 1678 4508 gloria
1692 4432 1785 4506 sponsi
1799 4431 1935 4506 {Ecclesiae

285 4536 335 4593 pro
355 4536 460 4577 summo
473 4530 632 4578 omamcntc
652 4522 776 4591 babetur,
792 4521 815 4576 si
828 4521 935 4594 quidem
948 4523 1080 4594 suscipio·
1135 4523 1244 4582 Domini
1258 4522 1342 4580 nostri
1351 4523 1417 4581 lesu
1430 4523 1539 4593 Christi,
1553 4524 1626 4580 dono
1637 4521 1733 4597 ipsius,
1742 4521 1789 4596 qai
1804 4531 1849 4580 est
1864 4523 1938 4579 licus

286 4619 329 4667 tur
349 4625 400 4683 pro
421 4609 522 4680 iustitia
543 4618 569 4666 et
595 4610 718 4667 vcrisate.
740 4611 819 4668 Unde
842 4618 883 4667 cat
900 4611 965 4670 illud
979 4630 986 4668 z
1002 4615 1083 4671 fbont
1137 4611 1297 4670 benedictus
1315 4611 1461 4669 insecuto,
1477 4611 1577 4670 Amen.

287 4699 439 4773 gaudentes
452 4700 618 4773 discipulis
635 4705 786 4774 conspecta
808 4701 933 4768 concilii,
949 4703 1084 4777 pannium
1410 4701 1526 4759 SEEEO
1540 4701 1646 4760 xxtx.

288 4787 1085 4866 dipnihaba'ts'santpronaminefesacontumetiampntt
1139 4791 1930 4866 nequenmmtasectesiucontraraostmpapnatomra

290 4877 361 4950 (Aet.
371 4893 401 4948 v,
417 4876 482 4949 ll);
498 4877 632 4950 deniqne:
650 4879 728 4934 Beati
742 4879 789 4950 qui
796 4880 1021 4952 persecutionem
1033 4896 1085 4952 pe·
1174 4886 1276 4941 contra
1287 4879 1744 4955 illospna'impaagaanfffanitatcm
1759 4881 1939 4952 fraternam·

292 4965 1087 5040 stanturpropterjasttttorn(battis.alchflacporisai·
1177 4969 1940 5043 l.Ffliimatrismeoepapaooeraatcoafrsme(Gual.

292 5071 367 5112 mam
390 5055 501 5128 gloriari
530 5054 681 5112 Ecclesiam
707 5055 837 5126 arbitror,
866 5057 935 5111 hanc
960 5055 1087 5113 libentius
1140 5077 1160 5132 ι,
1177 5061 1318 5132 chilones
1336 5067 1363 5116 et
1377 5057 1502 5132 Caiphae,
1520 5059 1636 5116 etludss
1645 5057 1786 5124 iscarioth,
1802 5056 1855 5113 lilii
1876 5059 1942 5129 Syn·

254 5183 269 5202 .
291 5143 391 5202 imitari
404 5148 439 5202 de
452 5144 569 5218 pellibus
583 5143 687 5215 sponsi.
697 5143 822 5218 Denique
834 5155 861 5201 et
882 5144 964 5200 habet
977 5145 1005 5200 in
1020 5159 1086 5214 pro·
1141 5165 1235 5226 agogas
1249 5147 1375 5208 fuerant:
1390 5154 1417 5203 et
1431 5147 1457 5203 hi
1473 5155 1566 5203 contra
1598 5145 1754 5212 Ecclesiam,
1771 5160 1857 5219 aeque
1872 5145 1943 5215 Syn·

292 5233 441 5292 missione:
454 5235 485 5292 Si
498 5249 543 5290 me
550 5237 694 5306 persecuti
702 5238 782 5304 caat,
793 5238 822 5293 et
830 5251 875 5293 vos
882 5237 1089 5309 persequenter
1142 5253 1237 5314 agogae
1259 5235 1350 5308 liliam,
1372 5235 1399 5291 in
1440 5235 1501 5309 ipso
1529 5243 1624 5294 exortu
1650 5235 1736 5310 ipsius
1766 5235 1946 5292 acerbissimo

294 5325 386 5396 (loca.
404 5338 454 5394 xv,
469 5325 527 5394 20).
1143 5333 1339 5403 pugnaverunt,
1378 5326 1575 5398 suspendentes
1601 5326 1627 5382 io
1662 5325 1735 5400 ligno
1769 5325 1945 5383 collectorem

330 5417 374 5469 la.
390 5413 469 5470 Unde
483 5419 510 5470 et
528 5411 604 5468 addit
617 5426 737 5486 sponsa:
751 5413 842 5472 Nolite
851 5429 897 5470 me
911 5413 1091 5471 considerare
1146 5416 1339 5490 ipsiuslesum.
1353 5417 1412 5474 lam
1428 5425 1491 5474 tunc
1519 5414 1653 5489 siqnidem
1677 5415 1750 5470 bens
1766 5413 1948 5487 implevitprr

295 5503 368 5577 quod
380 5506 461 5575 fusco
471 5505 536 5568 tim,
552 5503 617 5575 puio
627 5501 795 5562 decoloravit
810 5501 1091 5575 mesolfcant.1,5),
1145 5523 1204 5575 eos,
1219 5507 1294 5578 qnod
1306 5505 1369 5562 oiim
1398 5505 1611 5581 praesignaverat
1636 5521 1685 5578 per
1704 5503 1886 5576 prophetam,
1902 5504 1945 5559 di·

296 5593 349 5650 hoc
367 5600 424 5649 est:
448 5590 541 5648 Nolite
564 5607 608 5650 me
635 5600 729 5649 notare
749 5593 827 5664 qnasi
848 5590 1008 5657 defonnem,
1031 5591 1094 5662 qnia
1147 5613 1211 5653 cens
1227 5615 1233 5651 ε
1250 5597 1414 5654 Pereatiam
1434 5600 1588 5670 pastorem,
1612 5601 1641 5654 et
1656 5595 1863 5668 dispergentur
1887 5609 1948 5652 ones

297 5683 408 5740 cernitis
424 5697 472 5755 pro
486 5681 628 5755 ingruente
638 5681 826 5754 perseeutione
839 5682 928 5737 minus
941 5681 1095 5758 florentem,
1150 5685 1318 5758 (sacham,
1329 5686 1368 5756 ι),
1386 5685 1418 5742 Et
1436 5683 1559 5744 fortassis
1575 5683 1644 5742 illios
1656 5701 1707 5740 vax
1718 5685 1764 5739 itta
1779 5693 1822 5741 est
1838 5682 1869 5740 in
1886 5699 1951 5739 ean-

298 5775 389 5831 minus
413 5772 562 5832 secundum
583 5771 699 5844 gloriam
729 5771 821 5828 saeculi
853 5772 1000 5830 coloratam
1024 5768 1096 5840 Quia
1151 5777 1203 5834 lico
1213 5775 1336 5833 Ezechiae
1352 5774 1863 5834 :Praecisamtaclafafcacnteaita
1879 5789 1951 5836 men,
