4150 6348
276 501 329 565 tus
737 497 765 558 S.
781 495 949 560 titubanti
966 492 1107 557 lautus
1132 493 1446 559 maun-tatastat
1868 493 1924 554 itio

275 627 454 703 prescribens
469 621 652 700 dispositioni.
674 625 754 684 Forte
770 624 823 682 boo
846 625 938 696 cnpio,
953 633 981 682 at
1001 638 1066 695 spc-
1083 633 1108 714 fl
1125 621 1195 680 aiem
1207 623 1289 681 fuerit
1302 623 1428 682 uoluntas
1441 622 1469 680 in
1484 621 1566 689 coelc,
1585 620 1626 678 sic
1647 619 1703 688 bat,
1723 617 1855 678 lissidaro
1878 635 1925 680 re·

274 717 375 778 cialiter
389 725 417 774 et
429 720 604 776 venementer
619 731 625 772 ι
642 713 691 774 scd
705 729 740 772 ne
751 713 863 788 quidem
876 711 942 770 illnd
958 727 1065 783 recuso3
1124 711 1224 785 quiem,
1236 713 1286 772 sed
1298 727 1459 772 nonmonao
1473 712 1605 782 laborem,
1621 708 1667 768 liat
1676 708 1802 768 uoluntas
1815 715 1872 766 tua.

715 843 766 910 DE
789 843 822 910 S.
848 839 1054 907 clausurn
1086 839 1190 907 ΡΑΡΑ
1222 843 1271 908 ΕΤ
1298 841 1488 908 mantuan

1033 951 1162 1010 sttltllo.

977 1050 1012 1103 Dc
1036 1050 1120 1102 ιιιιιι
1146 1049 1230 1116 cquis.

310 1182 336 1235 l.
351 1178 519 1237 Ρνιιιιιιίιι
529 1178 679 1251 conspectu
688 1173 803 1234 Domini
812 1187 888 1229 mors
900 1172 1068 1228 sanctorum
1122 1181 1184 1238 quse
1197 1165 1238 1222 sic
1249 1181 1351 1238 corpus
1366 1175 1442 1222 tuum
1455 1164 1594 1238 suppliciis
1600 1162 1757 1237 sxmusbas
1769 1180 1778 1222 ι
1793 1162 1920 1233 obsecre

273 1268 334 1340 cius
348 1265 434 1338 (Psoi.
449 1281 511 1333 ιιι,
537 1263 593 1337 lb).
608 1261 709 1320 Audiat
721 1269 854 1333 peccator,
880 1262 908 1315 et
921 1255 1064 1322 irascetur;
1121 1255 1254 1330 diligebas
1268 1255 1344 1327 illud,
1361 1270 1395 1311 au
1410 1256 1489 1313 uun?
1514 1255 1612 1327 Utique
1634 1253 1796 1328 diligam,
1821 1253 1921 1327 inquit.

272 1355 397 1413 dentibus
415 1354 471 1410 suis
493 1353 602 1425 fremat,
627 1349 745 1409 1⁰50
763 1357 790 1406 et
811 1349 944 1404 tabescat.
965 1345 1066 1415 Depre·
1119 1346 1206 1402 Nemo
1219 1344 1290 1401 cuim
1301 1343 1921 1418 unquamodioflbabnitcarnamsnamffiplacs.

273 1446 427 1502 heususest
442 1444 468 1498 in
491 1442 590 1498 astutia
605 1457 663 1508 sua,
681 1437 819 1496 ceciditin
847 1435 954 1495 foveam
983 1447 1065 1508 quant
1120 1450 1149 1503 y,
1163 1433 1383 1509 iil).1iiliqebam
1398 1449 1467 1508 erqo
1480 1447 1543 1491 sam
1558 1451 1566 1489 ι
1581 1435 1629 1492 sed
1642 1447 1740 1507 parum
1763 1432 1921 1506 diligebam,

272 1533 347 1602 fecit,
360 1533 388 1588 in
397 1533 523 1606 laqueum
534 1529 628 1587 incidit
641 1545 724 1603 quem
734 1527 854 1585 tetendit.
870 1526 971 1584 luridis
982 1523 1067 1595 siqui·
1123 1532 1249 1597 tanquam
1264 1523 1410 1594 ancillam
1430 1534 1458 1580 st
1471 1525 1555 1580 multo
1569 1522 1658 1597 mayia
1675 1521 1822 1596 diligebam
1831 1521 1923 1580 licani-

271 1620 335 1678 dem
349 1619 448 1678 diaboli
467 1635 540 1676 mors
555 1619 666 1675 intravit
686 1618 713 1674 in
736 1616 832 1674 orbem
850 1623 1001 1686 terrarum
1018 1610 1067 1667 sed
1122 1627 1187 1668 num
1201 1613 1300 1670 Deum.
1316 1613 1405 1684 thue
1417 1612 1543 1686 probatio
1554 1619 1627 1670 sumt
1643 1610 1806 1680 dilectionis,
1826 1611 1919 1686 operia

269 1725 336 1767 ecce
365 1711 482 1783 pretiosa
508 1709 578 1766 facta
617 1718 658 1765 est
683 1721 759 1764 mors
795 1711 960 1760 sauctorum.
994 1699 1068 1759 Audi
1122 1701 1269 1770 exhibitt03
1290 1701 1409 1758 libenter
1430 1701 1517 1772 ipsam
1539 1715 1648 1774 quoque
1672 1715 1723 1774 pro
1750 1701 1810 1770 ejus
1825 1699 1912 1774 qloria

269 1798 362 1873 iqitur,
392 1797 478 1856 bostis
501 1798 579 1865 uitae;
603 1795 697 1852 mortis
724 1806 829 1866 auctor,
853 1792 973 1850 attende.
997 1789 1068 1860 Quid
1085 1823 1107 1901 Β
1123 1797 1238 1848 mortem
1252 1792 1376 1863 corporis
1389 1789 1584 1863 amplectebar.

270 1889 342 1945 ualet
354 1891 412 1962 jam
436 1887 509 1944 fraus
524 1887 593 1942 tuai
611 1885 728 1945 versutia
745 1891 791 1939 ιιι
805 1881 870 1956 quid
892 1880 995 1938 nocet?
1010 1881 1069 1937 Into
1157 1882 1184 1936 ³.
1200 1878 1271 1949 Quid
1285 1895 1336 1936 nos
1349 1879 1385 1936 sd
1399 1879 1457 1936 baec
1471 1879 1595 1958 dicimus,
1604 1876 1722 1936 fratres?
1731 1877 1918 1955 cougratula-

270 1992 351 2047 vero,
367 1988 396 2032 ut
420 1977 480 2049 plus
503 1974 608 2042 doleas,
631 1973 711 2032 etiam
732 1974 825 2029 omnia
846 1978 1027 2044 cooperantur
1040 1969 1068 2026 in
1122 1983 1182 2024 mur
1197 1968 1316 2040 martyri,
1340 1968 1386 2024 sed
1403 1969 1462 2039 jam
1475 1967 1563 2043 gloria
1582 1969 1643 2038 eius
1666 1983 1721 2024 non
1745 1967 1804 2024 sine
1827 1976 1921 2026 nostra

269 2067 370 2123 bouum
400 2065 443 2122 his
461 2063 509 2137 qui
530 2063 680 2120 secundum
703 2061 869 2134 propositum
895 2058 985 2116 uocati
1006 2065 1070 2116 sunt
1122 2055 1283 2114 consuamus
1306 2065 1357 2114 est
1389 2059 1459 2115 Ecce
1481 2057 1556 2114 enim
1578 2057 1673 2114 beatus
1690 2055 1816 2114 Clemens
1836 2056 1920 2114 bomo

269 2154 357 2212 sancti
372 2155 461 2228 (Rom.
475 2169 533 2218 ιιι,
554 2151 610 2226 28).
631 2149 724 2222 Neque
738 2149 808 2205 enim
824 2147 902 2204 aliter
916 2163 995 2220 quarn
1010 2147 1069 2218 ipsa
1122 2153 1181 2202 erat
1205 2144 1300 2202 similis
1327 2145 1417 2216 nobis,
1440 2144 1587 2218 passibilis,
1614 2143 1709 2202 eadem
1735 2144 1920 2204 urcundum

269 2243 341 2317 (quae
357 2241 446 2300 tuiest
460 2242 561 2313 operis)
575 2240 609 2297 de
620 2249 646 2297 te
660 2239 743 2296 bodie
756 2239 854 2296 beatus
865 2245 975 2310 martyr,
990 2238 1068 2308 ouius
1121 2233 1288 2306 infirmitate,
1318 2246 1344 2293 ct
1367 2234 1442 2292 carni
1465 2251 1521 2292 sue
1544 2235 1642 2292 endem
1658 2233 1768 2294 viuculo
1789 2234 1919 2292 naturalis

270 2331 402 2390 solemnia
422 2329 601 2397 celebramus,
631 2335 717 2385 morte
736 2327 861 2399 corporis
882 2325 1067 2396 triumpharit.
1121 2321 1274 2381 allectionis
1296 2323 1439 2380 inbaerens.
1468 2323 1497 2380 Si
1524 2337 1594 2398 ergo
1619 2323 1664 2380 ille
1694 2324 1734 2381 sic
1758 2322 1919 2396 ylorilicauit

270 2419 344 2478 Fecit
367 2417 499 2494 siquidem
527 2419 561 2474 de
588 2415 751 2474 necessitate
786 2415 929 2483 virtutem,
956 2428 1067 2488 poensrn
1122 2410 1254 2469 Christum
1270 2412 1297 2468 in
1310 2425 1426 2484 corpore
1440 2427 1500 2479 suo,
1521 2421 1550 2470 et
1563 2411 1676 2470 calicem
1690 2411 1817 2468 salutaris
1836 2427 1916 2468 acee-

270 2508 374 2584 peccati
389 2507 416 2564 in
440 2505 565 2564 meritum
584 2505 679 2579 gloriar
700 2503 892 2574 eommutavit;
916 2501 1022 2560 fidelem
1037 2519 1068 2560 se
1121 2499 1161 2573 pit
1171 2517 1178 2569 ;
1189 2501 1253 2574 quid
1268 2516 1320 2557 uos
1332 2499 1509 2558 retribuimus
1526 2501 1642 2558 Domino
1656 2515 1707 2574 pro
1721 2501 1919 2575 omnibusque

269 2595 391 2671 probarit
418 2595 446 2652 in
474 2595 592 2665 modico,
610 2601 639 2650 ut
667 2592 767 2666 dignus
793 2591 960 2650 inveniretur
986 2607 1068 2661 supra
1121 2589 1244 2646 retribuit
1259 2589 1366 2646 uobtst
1380 2589 1481 2646 lisdem
1495 2599 1569 2648 certe
1583 2604 1635 2646 nos
1649 2588 1788 2665 insignivit
1801 2589 1921 2666 imagine

268 2687 352 2744 multa
366 2685 505 2742 constitui.
521 2683 656 2741 Modicum
680 2697 798 2758 namque
820 2690 896 2752 erat,
917 2692 944 2738 et
957 2680 1067 2740 omuino
1119 2677 1217 2736 codem
1240 2681 1439 2751 sanguineum
1457 2680 1578 2746 redemit,
1603 2686 1631 2736 et
1645 2678 1752 2738 vocavit
1775 2679 1804 2736 in
1827 2683 1920 2738 eadem

269 2774 418 2842 modicum,
432 2771 560 2845 quidquid
574 2771 650 2845 prius
664 2777 806 2840 acceperat
816 2769 906 2826 anima
919 2769 964 2826 illa
977 2771 1065 2841 beata,
1119 2768 1314 2838 hereditatem,
1342 2769 1577 2843 incorruptibilem
1607 2777 1634 2826 et
1662 2769 1917 2840 incontaminatam,

268 2869 402 2936 quantum
415 2863 449 2917 ad
464 2859 660 2934 eamqloriam,
679 2873 761 2930 quam
775 2859 904 2931 presenti
919 2859 1068 2931 promeruit
1120 2865 1259 2926 aeternam,
1283 2865 1470 2916 conversatam
1487 2859 1515 2914 in
1542 2857 1629 2915 caelis.
1651 2858 1751 2931 litquid
1772 2873 1838 2932 erqo
1866 2875 1921 2917 non

270 2950 406 3023 passione.
422 2947 516 3007 Omnis
530 2948 603 3005 enim
623 2946 766 3004 delectatio
787 2947 986 3018 hujusmundi,
1003 2947 1066 3006 nni·
1120 2963 1266 3019 possumus
1277 2954 1305 3004 et
1320 2961 1371 3004 nos
1386 2963 1448 3005 cum
1463 2947 1542 3004 beato
1556 2947 1694 3006 Clemente
1709 2948 1808 3006 Christi
1824 2949 1920 3006 bibere

269 3053 349 3096 versa
367 3040 428 3109 ejus
450 3037 548 3110 gloria,
567 3036 699 3108 quidquid
714 3034 830 3107 denique
844 3036 871 3091 in
886 3051 919 3094 eo
933 3036 1067 3110 concupi·
1122 3035 1255 3093 calicem?
1269 3037 1317 3093 scd
1340 3035 1409 3094 forte
1422 3037 1586 3108 respondent
1599 3037 1682 3110 aliqui
1698 3053 1704 3091 :
1723 3039 1877 3108 Possumus,
1894 3040 1917 3094 si

269 3127 365 3196 scitur,
388 3139 499 3200 prorsus
513 3123 649 3182 modicum
677 3131 719 3181 est
733 3121 760 3179 in
786 3121 859 3180 illius
880 3123 1024 3192 felicitatis,
1041 3127 1068 3182 iu
1083 3103 1106 3182 fl
1123 3127 1311 3198 opportunitas
1326 3141 1379 3183 non
1390 3127 1516 3194 deesset;
1533 3127 1581 3184 scd
1596 3125 1796 3197 persecutionis
1812 3133 1920 3198 tempus

269 3217 342 3273 illius
364 3213 539 3272 beatitudinis
562 3213 766 3283 comparatione
781 3211 824 3266 :si
844 3219 932 3268 tamen
955 3213 997 3268 uel
1010 3227 1070 3269 mu·
1124 3214 1246 3272 cessauit.
1261 3215 1297 3271 At
1310 3230 1374 3288 syo,
1393 3214 1491 3285 fateor,
1516 3230 1570 3271 non
1591 3214 1656 3272 satis
1680 3215 1843 3272 crediderim
1866 3217 1920 3272 isla

271 3305 358 3362 dicum
374 3302 426 3358 dici
451 3301 541 3368 debet,
558 3308 585 3356 et
602 3315 656 3357 non
684 3299 773 3372 potius
797 3299 920 3366 nibilum,
937 3301 1068 3373 vaporad
1121 3303 1286 3370 dicentibus,
1310 3303 1380 3372 Quid
1403 3304 1496 3361 enimi
1517 3303 1644 3374 Quotidie
1663 3304 1757 3362 cetlitis
1780 3305 1919 3379 punctioni

268 3392 403 3450 modicum
420 3405 529 3462 parens.
547 3389 697 3462 Acceperat
720 3391 815 3446 beatus
834 3389 957 3446 Clemens
978 3391 1069 3449 nobile
1123 3407 1185 3448 acus
1205 3391 1296 3466 unius,
1320 3403 1346 3450 et
1370 3393 1491 3451 mucroni
1513 3409 1562 3450 vus
1583 3392 1749 3451 arbitramini
1773 3409 1854 3465 possa
1873 3411 1920 3451 ro-

270 3503 365 3562 genus,
395 3486 499 3557 amplas
522 3484 720 3558 possessiones,
745 3483 933 3539 hereditatem
946 3483 1066 3552 multam,
1122 3481 1920 3556 staurettnniuimtsprobateconutcunus,quamtotta

268 3576 408 3634 seientiam
433 3589 541 3650 quoque
568 3572 803 3646 quamplurimam,
831 3572 868 3628 ita
896 3578 926 3628 ut
951 3573 1069 3645 optimus
1125 3570 1236 3628 uiriliter
1262 3571 1292 3627 iu
1316 3571 1412 3642 majori
1440 3571 1589 3630 certamine
1618 3579 1690 3630 stare
1715 3572 1819 3644 positis.
1852 3573 1922 3630 liace

269 3665 380 3739 quidam
402 3663 473 3719 illius
489 3661 621 3733 temporis
640 3660 822 3733 philosophus
843 3660 995 3720 baberetur.
1013 3663 1068 3718 dc·
1123 3659 1286 3718 enimvobis
1300 3675 1354 3718 non
1379 3660 1497 3722 dicitur:
1514 3660 1670 3718 Sacrificate
1691 3661 1779 3730 idolis,
1803 3671 1831 3718 et
1847 3661 1921 3720 riti·

270 3760 379 3825 ceperat
393 3752 451 3808 baec
462 3751 611 3809 universas
624 3749 738 3807 Domino
755 3766 762 3804 :
779 3748 828 3805 liei
837 3747 910 3804 enim
925 3749 995 3805 dona
1005 3757 1069 3805 sunt
1124 3757 1171 3820 te;
1192 3759 1239 3808 ιιι
1252 3749 1276 3806 si
1289 3751 1344 3807 hoc
1358 3765 1414 3807 nou
1424 3750 1512 3818 vultis,
1532 3757 1639 3826 oportet
1653 3765 1702 3808 ros
1715 3750 1832 3809 dirersis
1854 3765 1922 3823 sup-

270 3842 350 3899 etiaru
365 3843 432 3901 baro.
448 3839 571 3898 Fidelem
585 3854 651 3913 erqo
666 3854 695 3894 se
712 3838 834 3912 probauit
848 3837 873 3894 ei
884 3837 932 3908 qui
946 3837 1067 3907 dederat,
1123 3837 1211 3911 pliciis
1224 3838 1343 3896 interire.
1358 3839 1444 3896 Noxit
1458 3839 1590 3898 Dominus
1604 3839 1764 3914 figmentum
1787 3849 1920 3911 nostrum,

269 3947 330 3989 cunr
345 3946 394 4004 pro
408 3929 468 4001 ejus
482 3945 575 3987 amore
590 3927 716 3986 universa
731 3927 903 4001 contempsit,
917 3927 1007 3985 omnia
1020 3929 1069 3985 de·
1123 3943 1172 3984 nec
1186 3928 1232 3984 dat
1255 3928 1332 3986 uobis
1349 3935 1403 3984 tam
1427 3928 1499 3986 forte
1521 3940 1665 3987 certamen.
1691 3930 1772 3986 besto
1790 3929 1921 3986 Clementi

271 4021 425 4079 trimentnm
453 4017 569 4089 faciens,
598 4025 625 4074 et
648 4017 796 4074 arbitratus
819 4025 850 4074 ut
876 4027 1015 4086 stercora,
1040 4026 1069 4075 ut
1122 4027 1258 4074 certamen
1272 4017 1342 4074 forte
1355 4017 1431 4074 dedit
1440 4025 1471 4074 ιι
1482 4018 1609 4091 vinceret,
1624 4018 1778 4077 e‘tdiscerct
1790 4017 1921 4092 quoniam

268 4109 436 4168 lucrifaceret
454 4107 600 4165 Christum.
1123 4105 1390 4179 omniumpotentior
1403 4113 1445 4164 est
1460 4107 1604 4178 sapientia.

305 4203 332 4256 ι.
348 4199 403 4255 Sed
417 4197 487 4254 forte
503 4201 651 4252 munnurat
665 4193 745 4252 etiam
760 4193 975 4252 nuncinimicus
990 4197 1070 4255 :Pol
1158 4197 1186 4253 l.
1220 4195 1346 4252 Vestrum
1368 4205 1459 4254 autem
1482 4205 1617 4255 certamen
1639 4197 1721 4271 qnale
1744 4203 1795 4264 est,
1823 4197 1920 4254 batres

272 4289 337 4354 mm,
353 4285 479 4360 inquiens
491 4299 542 4358 pro
556 4284 636 4357 pelle,
652 4287 681 4342 ιι
694 4285 792 4340 omnin
805 4299 869 4356 quur
884 4281 964 4340 babet
977 4285 1068 4354 bomo,
1122 4281 1430 4352 meiiQuotidiesubis
1444 4286 1601 4360 suggeritur
1615 4284 1643 4341 in
1664 4285 1789 4343 cordibus
1812 4286 1919 4344 restris.

270 4377 348 4436 mtto
360 4393 411 4449 pro
425 4376 524 4432 anima
537 4390 591 4431 run
604 4373 662 4443 (lob
677 4387 709 4440 ιι,
729 4373 768 4444 ι).
793 4371 864 4438 Quid
887 4375 977 4446 erqo?
991 4381 1069 4446 putas
1085 4408 1108 4486 ss
1124 4373 1230 4448 Frange
1241 4373 1364 4431 ordinem
1377 4383 1464 4446 tunm,
1489 4391 1637 4447 murmura,
1660 4375 1781 4444 detrabe,
1804 4391 1856 4449 age
1878 4391 1922 4432 re·

270 4467 345 4539 quod
360 4467 388 4522 in
403 4466 461 4536 ipsa
474 4461 596 4533 corporis
618 4462 659 4517 sui
675 4461 740 4529 vita,
759 4475 840 4535 quam
865 4462 998 4534 accepite
1013 4463 1069 4520 Do·
1125 4463 1246 4531 missins,
1262 4463 1445 4522 infirmitatem
1460 4465 1565 4532 simula,
1582 4465 1716 4537 responde
1738 4466 1764 4522 ei
1782 4465 1829 4540 qni
1851 4465 1921 4523 forte

270 4557 359 4626 mino,
384 4551 501 4610 infidelis
523 4549 695 4620 inueniatur,
719 4557 750 4606 ut
772 4551 813 4606 uel
835 4549 924 4620 ipsam
946 4551 1069 4623 praeferat
1122 4553 1218 4610 durius
1232 4551 1280 4610 tibi
1294 4553 1401 4611 locrrtus
1416 4562 1467 4624 est,
1482 4557 1513 4610 ut
1524 4553 1676 4612 satisfacias
1690 4551 1826 4612 desiderio
1853 4563 1918 4627 tno;

270 4645 331 4702 itlit
350 4645 420 4704 licce
439 4642 521 4700 babes
535 4645 695 4712 potestatem
712 4638 809 4696 :irrue
832 4637 860 4694 in
875 4655 937 4695 enm
958 4655 1008 4712 per
1020 4657 1067 4697 sa-
1123 4641 1424 4714 necdiciturcuiquam
1440 4641 1522 4703 :Nisi
1544 4643 1604 4700 unc
1627 4643 1746 4710 feceris,
1774 4643 1920 4714 moriarisy

271 4733 370 4792 tellites
383 4741 453 4800 tuos,
470 4740 499 4787 ut
521 4735 671 4786 coarctetur
686 4743 701 4784 e
716 4727 832 4795 duobus,
847 4735 894 4783 aut
916 4745 933 4784 a
953 4729 1069 4788 Domino
1123 4730 1171 4786 sed
1194 4739 1224 4789 ut
1246 4732 1370 4802 multum,
1385 4745 1447 4788 cum
1471 4731 1627 4790 difficultate
1652 4741 1679 4790 et
1699 4733 1792 4791 labore
1812 4733 1922 4792 resistes

271 4838 383 4880 necesse
410 4821 524 4887 babens,
544 4825 623 4875 anta
647 4830 762 4889 corpore
786 4815 920 4889 separari.
937 4815 1015 4874 Varia
1042 4827 1068 4876 et
1121 4819 1212 4878 animo
1227 4829 1284 4877 tuo.
1300 4819 1333 4876 lit
1345 4819 1407 4893 quis
1421 4821 1569 4878 sustineret
1591 4821 1684 4880 muta?
1698 4821 1762 4879 llaec
1782 4821 1855 4879 enirn
1877 4822 1921 4879 in·

270 4908 398 4968 immania
411 4909 522 4981 exquire
542 4923 644 4983 genera
667 4913 881 4978 tormentorum
898 4905 945 4963 sed
960 4908 1068 4966 noueris
1122 4918 1166 4966 ιιι
1179 4910 1281 4983 audire,
1296 4912 1355 4968 bec
1376 4911 1542 4985 respondere
1560 4912 1751 4970 consuevimus
1773 4913 1921 4969 exhortan-

270 5011 297 5058 te
311 4997 423 5072 martyri
437 5005 530 5055 nostro
549 4997 678 5054 fabricare
692 5011 817 5053 coronas.
834 4994 909 5052 Sicut
923 4995 995 5052 enim
1009 4996 1068 5069 ipsa
1122 4999 1193 5056 tibus
1207 5013 1267 5066 nos,
1283 5007 1330 5056 sut
1344 4997 1411 5058 ioris
1433 4999 1546 5070 homini,
1566 5009 1613 5058 aut
1631 5001 1704 5058 intus
1724 5000 1837 5074 Spiritui
1856 5017 1922 5058 san·

269 5090 331 5148 titre
349 5089 430 5158 buius
448 5095 605 5144 ornamenta
620 5095 648 5142 et
665 5087 821 5157 adjumenta
840 5087 1014 5158 contempsit,
1028 5087 1068 5143 sic
1122 5095 1176 5144 cto.
1198 5087 1227 5145 si
1249 5103 1316 5164 ergo
1330 5087 1358 5146 in
1381 5089 1536 5161 hujusmodi
1556 5091 1704 5148 certamine
1728 5089 1920 5164 periclitamur,

269 5179 416 5240 contemnit
442 5185 470 5234 et
492 5177 589 5248 ipsum.
614 5175 720 5248 Corpus
745 5188 826 5232 omne
847 5173 895 5230 tibi
914 5174 1025 5246 exponit
1038 5175 1066 5231 in
1121 5176 1144 5234 si
1157 5177 1199 5236 vir
1223 5177 1423 5245 resistimus,si
1446 5177 1583 5237 interdum
1602 5178 1683 5238 etiam
1706 5179 1919 5249 succumbimus,

268 5279 394 5336 mortem,
409 5277 437 5328 et
450 5267 477 5324 in
493 5265 590 5322 faciem
606 5263 744 5322 maledicit
766 5263 825 5331 tibi,
840 5273 921 5336 atque
935 5262 1005 5321 idola
1021 5272 1066 5321 tua
1121 5265 1186 5339 quid
1205 5265 1234 5322 in
1247 5265 1293 5324 lllo
1307 5275 1359 5323 tam
1374 5267 1450 5340 graui
1464 5266 1790 5327 sanaminsfacercmuai
1807 5267 1838 5326 Si
1856 5269 1921 5341 jan-

268 5376 344 5420 sacro
358 5373 406 5415 ora
425 5357 609 5428 blasphemat,
624 5353 770 5410 Dominum
786 5353 872 5410 Deum
893 5367 971 5409 suum
985 5353 1065 5410 ctiam
1120 5353 1159 5410 cis
1173 5353 1314 5429 fragilibus
1328 5357 1401 5413 cedit
1422 5355 1565 5414 iufirmitas
1580 5365 1684 5424 notua,
1698 5356 1840 5430 quomodo
1857 5357 1920 5415 telis

268 5449 337 5506 iuter
356 5453 491 5506 tormenta
514 5453 561 5501 tua
586 5443 672 5500 libere
695 5441 832 5513 predicat,
848 5441 966 5516 ingenue
979 5439 1065 5512 (nlius
1120 5443 1289 5501 resisteret?
1302 5442 1409 5503 Videtis
1423 5445 1561 5518 quomodo
1575 5445 1610 5502 ad
1625 5445 1737 5503 nibilum
1755 5445 1859 5506 redacti
1872 5461 1920 5504 su·

267 5539 299 5594 in
314 5537 387 5610 ique)
408 5533 559 5592 confitetur.
576 5529 754 5590 Corunabitur
778 5545 855 5604 ergo,
869 5531 933 5603 quia
947 5529 1065 5605 legitime
1119 5549 1189 5605 mus,
1204 5541 1231 5590 ιι
1244 5535 1313 5592 sicut
1327 5535 1414 5593 scient
1435 5533 1565 5595 mulieres
1578 5543 1626 5594 aut
1636 5536 1753 5609 parsuli,
1769 5545 1920 5612 pugnantes

267 5625 389 5690 cenavit,
402 5626 466 5698 quia
480 5623 595 5681 fideliter
614 5623 686 5689 vicit,
713 5620 776 5696 quia
795 5635 846 5678 nec
871 5619 1065 5677 blandimentis
1117 5623 1258 5680 laudamus
1270 5623 1346 5694 alios,
1369 5639 1492 5699 pugnare
1506 5625 1565 5698 ipss
1585 5639 1640 5682 non
1663 5641 1820 5698 possumus.
1843 5623 1919 5696 Quid

266 5714 329 5770 vitre
343 5713 437 5787 hujus,
452 5729 503 5770 nec
530 5713 624 5770 mortis
647 5713 761 5768 horrore
775 5726 790 5765 ι
816 5709 946 5767 ιιιιίιιιι
965 5708 1064 5767 Christi
1117 5715 1208 5767 ιιιιιι
1222 5712 1354 5786 cadmus?
1367 5711 1470 5770 Omnes
1483 5721 1558 5772 certe
1571 5715 1604 5771 ad
1619 5715 1729 5788 nuptias
1743 5715 1815 5788 Agri
1829 5714 1919 5773 uocati

267 5802 352 5864 uoluit
374 5801 503 5878 separari.
532 5803 591 5868 liic,
620 5815 724 5875 queso,
738 5797 826 5866 uobis,
854 5798 943 5857 anima
958 5807 1063 5868 emota,
1116 5815 1223 5874 sumus,
1242 5809 1269 5859 et
1286 5801 1315 5860 iu
1336 5812 1484 5877 conspectu
1506 5805 1567 5876 ejus
1585 5817 1689 5864 vacuos
1709 5819 1843 5879 apparere
1861 5819 1918 5862 nun
