4116 6348
187 408 241 472 iti
806 415 975 482 sandonus
995 409 1045 476 ιιι-
1055 411 1217 480 utensis.
1291 457 1295 464 .
1389 371 1398 382 “
1782 406 1835 468 ota

185 539 978 620 nonmoritur3danrouautememitutriusquesangninem.
997 549 1209 636 Ιαιιςιιιιιιιιιιιι
1234 542 1298 600 mali
1320 541 1441 614 seqnitur
1463 539 1559 598 tertius
1580 553 1630 612 pos
1647 533 1835 603 irreverentis,

221 629 249 682 ι.
262 625 306 682 dd
320 628 372 685 hoc
384 629 526 686 consilium
540 631 683 704 impiomm
694 634 871 707 iturquetuor
881 633 979 690 modis.
1037 639 1067 687 ιιι
1079 645 1131 686 nec
1146 633 1230 686 Deum
1244 629 1368 696 timeant,
1384 645 1434 686 neo
1450 627 1573 684 homines
1592 627 1774 684 reversantur.
1791 625 1832 681 ld

184 714 300 784 Quidam
315 717 982 790 euimtrahuuturinviti,aliiiattrelrunturilleoti,
1036 718 1295 776 consummationem
1317 733 1382 775 vero
1410 716 1517 772 melitiae
1543 716 1619 772 adest
1645 721 1756 788 quartus
1785 727 1833 784 pos

184 803 229 860 alii
244 805 409 862 seducuntur
422 805 521 879 ignari,
536 807 583 864 elii
594 821 745 884 sequuntur
759 811 984 884 spontaneilstis
1036 810 1142 873 astutia,
1168 817 1197 863 ιιι
1219 808 1307 864 sciant
1328 806 1369 864 uti
1396 805 1484 861 trihus
1513 804 1661 876 praedietis,
1691 804 1833 860 miscentes

185 883 544 967 necessariaesuutquatnor
557 897 813 974 virtutes,perquas
827 900 923 955 armati
937 915 983 955 re·
1036 895 1096 952 oleo
1119 911 1267 966 venenum,
1291 905 1317 953 et
1340 894 1414 951 melli
1433 901 1550 949 acetum.
1567 891 1693 948 himineus
1707 907 1770 964 pers
1784 906 1833 947 oa·

183 980 493 1062 sistant,ueinoonsilio
508 987 984 1046 eant.invitisneoessariaestlorti-
1037 985 1149 1053 thedrae,
1172 987 1214 1040 cui
1239 987 1336 1044 sedans
1358 985 1480 1049 inhaeret,
1506 985 1548 1038 est
1572 981 1697 1051 potentia.
1713 980 1741 1035 Si
1761 979 1832 1035 enim

184 1067 582 1142 tudo,quarosistantusqueed
591 1084 704 1132 mortem
712 1076 981 1144 minisoruciatibus,
1035 1067 1187 1144 potensest
1209 1073 1257 1146 qui
1278 1069 1409 1148 praediola
1430 1075 1521 1138 habet,
1537 1079 1601 1126 tunc
1625 1068 1769 1138 plurimum
1783 1081 1834 1126 no-

183 1162 211 1211 rt
225 1156 338 1214 damnis.
356 1157 398 1214 llll
414 1160 459 1232 qui
476 1163 649 1220 attrabuntur
666 1165 759 1231 illecti,
779 1163 903 1239 indigent
916 1171 984 1218 lem-
1036 1169 1079 1216 oet
1097 1180 1103 1217 ι
1119 1164 1159 1220 rel
1173 1165 1196 1220 si
1215 1170 1350 1235 potentem
1373 1163 1422 1219 sibi
1438 1162 1547 1218 allicere
1561 1164 1661 1231 potest,
1676 1169 1756 1228 quem
1769 1170 1834 1211 con-

185 1245 316 1314 perentia,
342 1262 403 1318 quae
428 1247 550 1318 reprimit
574 1249 665 1307 illicita
680 1251 823 1318 desideria,
845 1267 893 1309 nec
911 1251 984 1309 cedit
1037 1250 1098 1307 silio
1121 1267 1170 1310 suo
1194 1252 1312 1325 seducat,
1339 1258 1366 1309 et
1388 1251 1421 1308 ed
1444 1251 1542 1307 malum
1563 1247 1692 1321 impellat.
1721 1241 1836 1302 12⁰⁰

184 1333 416 1406 promissionibus,
442 1353 493 1395 nec
517 1340 653 1398 emollitur
682 1341 828 1400 blanditiis.
853 1341 909 1398 lllis
937 1341 984 1414 qui
1036 1339 1142 1398 Deinde
1175 1345 1319 1413 apponitur
1349 1343 1485 1414 pulvinar,
1519 1347 1548 1396 ut
1580 1335 1699 1394 suaviter
1730 1333 1832 1391 sedeat.

183 1425 346 1480 seducuntur
358 1425 456 1498 ignem,
475 1435 516 1483 est
531 1445 600 1502 opus
614 1430 767 1503 prudentia,
782 1447 842 1504 quae
856 1431 889 1486 ab
904 1431 983 1488 utili·
1039 1431 1164 1488 Pulvinar
1186 1429 1216 1486 lit
1238 1430 1272 1487 de
1294 1431 1399 1488 levibus
1429 1429 1526 1503 pennis
1552 1429 1653 1496 avium,
1682 1423 1835 1498 signifioans

183 1512 235 1568 bus
262 1512 367 1571 inutilia
398 1515 544 1586 discernit,
574 1525 601 1574 et
626 1519 706 1576 docet
734 1521 797 1592 quid
826 1519 982 1589 tenendum,
1037 1535 1132 1576 vanam
1147 1519 1270 1591 gloriam,
1286 1527 1313 1578 et
1336 1520 1455 1576 levorem
1477 1517 1645 1590 popularem,
1660 1514 1758 1586 quibua
1781 1514 1835 1569 ho-

183 1599 283 1672 quidre
312 1600 492 1673 rejiciendum
519 1605 561 1664 sit.
583 1607 689 1664 lustitia
716 1609 839 1682 indigent
867 1609 908 1664 illi
937 1609 985 1684 qui
1038 1609 1124 1664 mines
1137 1606 1263 1664 delectati
1276 1608 1449 1664 extolluntur.
1465 1605 1617 1664 scabellum
1641 1604 1753 1675 pedihus
1767 1618 1834 1673 sup·

181 1698 335 1759 sequuntur
349 1693 502 1764 spontanei.
517 1693 623 1751 lustitia
636 1702 679 1752 est
703 1696 836 1753 rectitudo
855 1696 984 1754 volunta·
1039 1695 1158 1768 ponitur,
1179 1711 1213 1752 ne
1235 1707 1334 1753 terram
1356 1703 1477 1768 tangent.
1507 1696 1586 1753 Tales
1611 1693 1683 1750 anim
1711 1690 1833 1750 nonnulli

184 1776 228 1844 tis,
244 1793 304 1848 quse
319 1793 369 1835 nec
383 1787 455 1838 amet
476 1797 600 1853 peccare,
621 1799 670 1843 nec
688 1793 800 1858 peccato
819 1786 982 1844 consentire.
1039 1792 1159 1842 terrenas
1172 1785 1293 1842 amiones
1307 1799 1361 1840 nou
1382 1784 1493 1852 iaciunt,
1509 1784 1556 1840 sed
1579 1783 1733 1855 spirituales
1747 1782 1835 1836 simu-

180 1864 283 1922 luslitia
296 1871 324 1923 et
339 1866 466 1925 tortitudo
488 1871 580 1928 sedem
600 1873 699 1928 babent
723 1875 902 1943 voluntatem;
918 1875 981 1948 quis
1000 1832 1022 1910 Β
1038 1873 1103 1940 lant,
1119 1882 1151 1930 ut
1163 1872 1251 1944 magis
1272 1872 1419 1946 decipiant.
1444 1873 1546 1929 llorum
1567 1871 1691 1928 doctrina
1704 1877 1747 1928 est
1758 1870 1835 1944 quasi

182 1952 307 2010 voluntas
321 1955 394 2025 iusta
409 1957 487 2014 dehet
499 1973 569 2022 esse,
585 1969 612 2016 et
632 1959 721 2020 tortis.
735 1961 782 2016 Est
796 1971 886 2018 autem
897 1963 981 2032 justi·
1035 1961 1201 2034 pestilentis,
1217 1961 1300 2019 multa
1313 1960 1373 2017 loca
1385 1975 1521 2034 occupans
1534 1967 1561 2016 et
1574 1967 1691 2016 rasmns.

182 2041 218 2096 tia
232 2043 356 2100 ordinata
369 2045 421 2100 hoc
436 2047 527 2113 modo,
543 2047 647 2104 scilicet
661 2049 730 2105 mals
744 2050 884 2120 respuebs,
901 2050 980 2108 bonis
1070 2054 1096 2110 l.
1122 2053 1175 2111 Sed
1196 2053 1230 2108 in
1252 2052 1309 2124 lepe
1333 2052 1446 2110 Domini
1464 2051 1594 2108 uoluntas
1609 2051 1680 2121 ejas.
1697 2046 1835 2118 Superiori

183 2131 294 2187 meliora
323 2147 494 2204 praeponens.
526 2137 601 2193 Hanc
632 2154 687 2194 non
718 2138 820 2195 videtur
854 2140 981 2198 habuisse
1034 2157 1115 2198 versu
1129 2141 1229 2199 dietum
1244 2139 1359 2213 estquid
1373 2139 1408 2196 sit
1421 2139 1620 2211 respuendum
1636 2137 1664 2193 in
1679 2138 1731 2193 hoo
1745 2141 1836 2191 autem

180 2221 278 2292 Adam,
294 2221 339 2294 qui
363 2223 435 2280 malo
451 2225 633 2298 consentiens,
653 2226 726 2298 quod
740 2227 807 2284 utile
826 2237 884 2285 erat
897 2229 980 2286 dese·
1035 2230 1135 2288 dicitur
1147 2229 1212 2304 qaid
1226 2229 1261 2286 sit
1276 2229 1471 2301 appetendum.
1489 2229 1518 2284 ln
1532 2227 1580 2283 illo
1595 2225 1696 2282 dictum
1718 2232 1759 2281 est
1776 2226 1836 2279 tnn-

182 2309 245 2364 ruit.
273 2309 417 2367 Prudentia
444 2321 471 2369 et
504 2314 679 2384 temperantia
705 2315 798 2371 sedem
826 2316 925 2374 hahent
951 2318 980 2372 ιιι
1035 2335 1117 2390 quam
1139 2319 1252 2378 declinus
1276 2337 1294 2375 o
1314 2319 1408 2388 mota·
1432 2319 1483 2373 hoc
1506 2319 1650 2381 autemst
1671 2316 1836 2386 suobmtum

182 2397 299 2467 ratione;
317 2397 382 2471 quia
396 2400 465 2456 ratio
479 2400 599 2470 prudens
613 2403 691 2459 debet
702 2417 770 2470 csse,
782 2410 808 2460 et
822 2410 980 2473 temperata.
1035 2407 1123 2480 (Prot.
1138 2423 1237 2478 xxxvi,
1254 2408 1394 2481 tl);'quod
1408 2405 1501 2479 utique
1516 2415 1559 2462 est
1572 2403 1710 2460 ambulare
1722 2404 1750 2458 in
1764 2403 1835 2470 lere.

180 2488 232 2542 Est
250 2487 351 2560 quippe
366 2489 518 2560 prudentia,
535 2491 602 2548 ratio
623 2492 712 2558 docta,
727 2491 830 2549 scilicet
854 2492 979 2566 agretia,
1034 2496 1087 2554 sed
1100 2496 1225 2568 quoniam
1250 2497 1309 2553 haec
1331 2498 1376 2552 rio
1397 2495 1487 2568 egitur
1510 2509 1564 2550 non
1586 2507 1682 2565 gressu
1701 2491 1833 2563 corporis,

180 2576 266 2632 vitare
293 2577 420 2652 contagia
447 2577 586 2650 injustitie
610 2586 721 2652 propter
742 2579 885 2652 justitiam.
909 2580 982 2637 Vitat
1036 2583 1083 2640 sed
1100 2583 1197 2641 abacto
1213 2584 1324 2656 meotis,
1340 2583 1401 2639 ideo
1416 2582 1595 2640 dictumest:
1612 2583 1646 2638 ln
1660 2581 1718 2652 tepe
1729 2580 1837 2638 domini

166 2664 290 2738 ,quidem
313 2681 367 2723 nou
390 2665 478 2722 solum
502 2667 663 2737 injustitiam
679 2677 811 2740 apertam,
827 2670 876 2726 sed
901 2669 981 2726 etiam
1035 2671 1169 2729 uolontas
1189 2671 1261 2742 ejas.
1286 2670 1360 2726 Velle
1383 2669 1466 2738 enim,
1488 2677 1556 2726 teste
1584 2668 1663 2723 heato
1690 2666 1834 2738 Gregorio,

179 2751 225 2809 illa
239 2768 300 2825 quae
322 2761 385 2810 sunt
406 2755 496 2828 aliquo
518 2756 600 2813 modo
624 2765 718 2814 contra
731 2757 877 2828 justitiam,
890 2765 981 2814 atten-
1037 2767 1126 2816 mente
1152 2758 1191 2814 ire
1213 2764 1264 2817 est.
1288 2760 1341 2816 Per
1362 2760 1432 2814 bauo
1453 2757 1523 2813 riam
1551 2757 1687 2823 incedunt,
1710 2763 1736 2810 et
1760 2754 1836 2828 quasi

179 2842 249 2897 dens
265 2855 319 2898 non
332 2843 405 2916 qurd
419 2843 492 2913 licet,
506 2843 553 2901 sed
569 2845 656 2920 magis
671 2845 743 2918 quod
755 2846 883 2917 expedit:
894 2847 982 2903 vitans
1035 2847 1181 2920 quemdam
1210 2862 1320 2903 cursum
1349 2846 1452 2902 ducunt
1478 2847 1530 2901 tria
1558 2859 1657 2920 genera
1685 2843 1834 2909 hominurn,

180 2929 287 2986 divitias
302 2938 329 2986 et
351 2931 475 3002 quaedam
497 2933 557 3003 alia,
574 2950 629 2990 non
647 2933 711 3007 quia
729 2933 830 3002 illinita,
848 2936 895 2992 aed
919 2935 983 3010 quia
1036 2949 1140 3002 sersus,
1155 2934 1350 3000 mercenarius,
1366 2932 1449 2990 lilius.
1463 2933 1585 2989 Trahunt
1608 2937 1698 2987 autem
1712 2929 1835 2988 eumdem

177 3015 292 3088 justitiae
307 3019 397 3074 solent
411 3035 472 3077 essa
487 3021 687 3094 impedimenta.
705 3022 758 3080 Sed
773 3032 885 3096 propter
898 3038 982 3096 quos·
1036 3037 1144 3080 currum
1156 3022 1286 3092 jumenta,
1311 3035 1428 3094 qnorum
1453 3018 1648 3089 nominabunt,
1663 3017 1836 3075 comminatio

181 3105 302 3179 demoni
317 3123 348 3163 ex
373 3107 510 3180 hypocrisi
528 3111 580 3168 hoo
603 3110 713 3179 laniunt,
733 3109 851 3182 additur,
864 3117 983 3187 propter
1000 3109 1062 3194 θοι
1085 3109 1237 3184 promissio.
1261 3111 1349 3182 Super
1370 3110 1607 3167 comminationem
1631 3123 1727 3164 servus
1750 3108 1833 3173 sedet,

177 3196 335 3266 justitium.
358 3197 465 3254 lustitia
491 3207 531 3254 est
554 3199 683 3270 perfectio
710 3201 808 3258 animae
828 3201 978 3258 rationalis.
1034 3215 1119 3271 super
1136 3198 1345 3271 promissionem
1372 3196 1565 3254 mercenarius.
1590 3195 1692 3252 tiorum
1722 3203 1835 3270 uterque

182 3281 250 3339 Alie
263 3283 374 3341 virtutes
389 3283 498 3341 suntad
513 3287 574 3356 ejns
587 3287 793 3360 acquisitionem
807 3289 850 3344 rel
864 3303 979 3347 conser—
1036 3288 1116 3344 trabit
1143 3303 1264 3352 currum,
1294 3285 1363 3342 alter
1389 3285 1496 3352 timore,
1521 3285 1589 3340 alter
1613 3283 1777 3356 cupiditate3
1807 3292 1835 3340 et

181 3370 324 3443 rationem,
353 3371 492 3444 tortitudo,
518 3375 705 3446 temperantia,
734 3376 885 3446 prudentia,
918 3395 980 3451 quae
1036 3385 1148 3448 uterque
1176 3373 1292 3446 propriis
1319 3373 1434 3430 sbmulis
1462 3372 1616 3443 impellitur.
1644 3372 1723 3428 Solus
1750 3370 1832 3437 filius,

179 3460 312 3530 justitiam
341 3469 510 3532 conservant,
541 3479 574 3518 ne
600 3465 736 3520 amittetur
760 3472 807 3520 out
833 3463 978 3522 minuatur.
1034 3463 1081 3536 qui
1094 3463 1256 3521 neotimore
1269 3461 1396 3534 quatitur,
1412 3476 1464 3518 neo
1477 3460 1587 3518 illicitur
1609 3460 1768 3532 cupiditate,
1784 3459 1832 3516 sed

181 3549 335 3621 Postquam*
352 3563 416 3605 vero
436 3547 554 3618 perlecta
582 3557 623 3605 est
644 3551 756 3621 jrsdrla,
785 3559 813 3608 et
840 3553 933 3608 transit
952 3552 979 3610 in
1034 3554 1129 3624 spiritu
1151 3551 1302 3609 dilectionis
1326 3549 1426 3625 agitur,
1450 3551 1508 3606 sine
1535 3549 1627 3606 labore
1656 3555 1701 3606 aut
1725 3547 1833 3604 laesione

182 3635 311 3694 allectum
326 3637 427 3705 cordis,
442 3637 512 3691 item
529 3640 654 3711 estquod
679 3639 723 3695 illa
739 3630 805 3713 tria,
823 3641 887 3714 quia
902 3641 980 3699 tortis
1034 3642 1177 3699 vehiturln
1189 3657 1269 3698 curru
1282 3641 1460 3714 :ericorrpoe
1472 3641 1549 3696 oraim
1563 3639 1666 3714 spirito
1680 3639 1731 3694 Der
1743 3653 1832 3709 opum

180 3735 234 3795 est,
249 3727 381 3798 prudeus,
396 3733 553 3796 temperata.
1036 3737 1094 3795 tor,
1112 3731 1141 3786 lii
1155 3731 1210 3802 filii
1223 3734 1292 3786 sunt
1306 3731 1357 3786 Dei
1370 3729 1460 3800 (Rom.
1476 3744 1538 3795 vrn,
1562 3729 1619 3799 ll).
1643 3726 1729 3784 Habet
1751 3725 1831 3780 etiarn

218 3819 245 3872 3.
265 3815 317 3886 Qui
330 3831 388 3873 noe
402 3816 483 3872 adiit.
498 3814 584 3871 Abire
597 3814 714 3887 pertinet
728 3817 763 3873 ad
779 3817 839 3875 illos
854 3818 901 3891 qui
916 3825 980 3876 suut
1025 3833 1130 3875 onnus
1145 3817 1190 3874 ille
1205 3825 1322 3888 quatuor
1336 3825 1417 3886 rotas,
1430 3815 1491 3872 illas
1504 3815 1604 3873 seilicet
1618 3822 1735 3888 quatuor
1748 3813 1830 3870 animi

180 3903 375 3970 intronatantes,
390 3911 419 3960 et
441 3902 533 3962 leviter
557 3910 670 3975 possunt
684 3905 796 3978 impelli.
817 3905 898 3975 Quod
920 3908 979 3980 qui·
1034 3905 1193 3963 dilectiones
1205 3905 1372 3969 notissimas,
1387 3919 1507 3960 amorem
1524 3911 1551 3959 et
1565 3903 1696 3973 laetitiam,
1708 3903 1830 3959 timorem

181 3993 244 4048 darn
271 3989 393 4048 volentes
427 3991 539 4059 enitare,
566 3990 635 4049 liunt
669 3994 806 4050 evidenter
841 3995 978 4064 obstinati,
1033 4003 1059 4051 et
1081 3993 1227 4050 tristitiam.
1251 3994 1352 4050 dmsnt
1379 3993 1450 4050 enim
1479 3991 1586 4062 reprobi
1615 3991 1780 4062 ternporalla,
1805 3998 1833 4046 et

182 4081 283 4138 nullius
319 4082 431 4139 consilio
460 4082 670 4154 acquiescentes,
700 4083 866 4155 propositum
898 4103 979 4144 suum
1033 4083 1158 4138 laetantur
1180 4097 1241 4138 oum
1264 4081 1334 4137 rnale
1358 4079 1484 4150 iecerint;
1506 4082 1553 4136 sed
1576 4080 1648 4134 huno
1672 4093 1789 4134 amorem
1804 4085 1835 4134 et

177 4168 353 4224 immobiliter
380 4176 501 4226 mucules
527 4186 534 4223 ι
558 4178 586 4227 et
613 4169 674 4227 ideo
702 4171 856 4242 adiunctum
884 4182 936 4245 est,
952 4183 979 4232 ot
1034 4173 1104 4227 banc
1117 4170 1236 4227 laetitiam
1251 4169 1374 4240 sequitur
1396 4168 1476 4225 timor
1490 4176 1517 4223 et
1534 4166 1639 4223 tristitia
1654 4165 1829 4236 sempiterna.

181 4275 240 4316 nora
252 4259 349 4324 stetit·
368 4257 476 4325 scillcet,
490 4267 521 4315 ut
534 4273 585 4315 nee
599 4259 667 4317 levis
682 4259 727 4327 sit,
743 4276 795 4318 neo
816 4261 976 4336 obstinatus.
1032 4260 1117 4316 Eleoti
1130 4275 1205 4324 nero,
1221 4259 1322 4330 qulbus
1344 4255 1461 4314 dicitur:
1488 4253 1607 4312 dandos
1629 4253 1830 4327 condebitam

182 4347 233 4414 vis
247 4355 418 4416 peccatorum
438 4354 479 4402 est
501 4348 629 4420 muudus,
645 4347 688 4406 rel
712 4351 822 4422 propria
841 4351 977 4425 voluntas,
996 4354 1127 4462 nautam
1137 4345 1443 4413 contestabimmtmecl
1459 4346 1582 4402 tristitia
1595 4348 1689 4400 vestra
1704 4345 1832 4400 vertetur

182 4451 246 4506 qnae
259 4445 300 4492 est
314 4435 449 4506 superbia,
461 4450 492 4491 ex
507 4435 664 4508 quaomnia
676 4437 758 4506 mala,
773 4439 843 4497 siout
855 4456 887 4497 ex
903 4455 977 4499 com·
1033 4441 1065 4494 ire
1077 4438 1214 4510 poodr'om
1236 4435 1328 4508 (loon.
1351 4449 1411 4497 xvi,
1436 4432 1490 4503 top
1515 4439 1617 4501 ponum
1636 4431 1737 4503 primas
1759 4435 1832 4484 rotas

182 4521 978 4599 munisuntbonalltincathedrapestilenticenortredit.
1034 4527 1158 4582 timorem
1181 4532 1207 4580 et
1229 4521 1373 4586 tristitiam,
1396 4520 1559 4592 Ροιιθιίῠιθθ
1576 4521 1700 4576 'amorem
1719 4517 1831 4574 et'lteti·

182 4613 275 4680 Sedet,
294 4612 340 4684 qui
352 4613 430 4670 docet
444 4614 566 4686 exemplo
582 4630 632 4672 suo
656 4614 759 4673 iaciens
775 4633 886 4688 peceare
901 4620 978 4676 alios.
1034 4615 1110 4672 tiam
1133 4612 1202 4687 ipsis
1224 4611 1296 4667 enim
1318 4615 1497 4667 commutatur
1519 4609 1601 4664 timor
1621 4607 1650 4663 ill
1664 4605 1829 4674 charibdim,

184 4699 318 4757 cathedra
341 4707 384 4758 est
414 4702 483 4766 baec,
508 4711 535 4758 et
562 4709 680 4776 quatuor
714 4705 829 4775 pedihus
848 4705 977 4764 subsistit.
1034 4701 1141 4758 tristitia
1154 4700 1182 4754 iu
1196 4698 1319 4755 laetitiam
1334 4697 1535 4770 senpiternam.

183 4789 290 4847 Primus
303 4805 353 4862 pes
367 4799 408 4846 est
419 4789 539 4861 malitio3
554 4793 697 4860 secundus,
716 4801 887 4868 contemptus
910 4795 982 4874 Dei3
1072 4795 1099 4846 b.
1114 4789 1268 4846 Notandum
1282 4797 1382 4852 summ,
1406 4786 1479 4856 quod
1502 4786 1561 4841 boso
1581 4785 1626 4841 via
1641 4783 1710 4858 legis
1725 4783 1833 4841 Domini

183 4877 290 4944 tertius,
319 4878 506 4948 irreverentia3
527 4889 651 4952 quartus,
678 4882 787 4940 astutia.
815 4883 916 4938 hlalitia
943 4892 985 4939 est
1037 4888 1238 4954 consummatur
1261 4893 1309 4933 sex
1332 4875 1436 4932 diebus.
1462 4875 1494 4930 lit
1517 4873 1603 4946 prima
1628 4874 1739 4948 quidem
1762 4873 1834 4930 dicta

183 4981 276 5023 amare
288 4967 399 5038 malum,
414 4974 441 5025 et
459 4984 586 5042 saporem
608 4969 670 5025 meli
685 4971 804 5042 bebere;
820 4981 848 5028 et
871 4971 981 5041 malum,
1038 4977 1079 5026 est
1093 4967 1210 5040 gemitus
1230 4965 1334 5036 cordis;
1356 4963 1485 5030 secunda,
1506 4963 1640 5021 confessio
1657 4965 1725 5033 orls;
1742 4963 1831 5031 tertia,

183 5056 245 5129 qnia
261 5057 361 5113 malum
377 5065 418 5114 est
432 5057 556 5133 diligere,
571 5059 641 5116 siout
654 5059 718 5118 lacit
730 5060 865 5128 diabolus,
877 5069 904 5118 et
916 5079 984 5118 non·
1039 5057 1146 5131 largitio
1168 5055 1284 5126 propriae
1307 5051 1499 5125 possessionis3
1524 5058 1627 5125 quarte,
1642 5051 1719 5108 labor
1737 5063 1834 5122 eorpo-

186 5145 252 5200 nnlli
267 5145 360 5218 iniqui.
377 5147 430 5202 Sed
452 5151 514 5219 quia
529 5149 722 5222 titaliquaudo,
736 5157 766 5206 ut
788 5152 855 5208 tales
876 5150 985 5207 timeant
1039 5147 1088 5213 ris3
1117 5146 1220 5220 qrrinta,
1246 5142 1391 5218 abnegatio
1418 5141 1536 5214 propriae
1564 5141 1718 5207 uoluntatis,
1748 5146 1832 5207 sexta,

186 5235 274 5290 Deum
290 5250 344 5290 non
360 5234 457 5291 timore
475 5235 557 5307 hono,
573 5237 618 5293 sed
634 5253 668 5294 ue
689 5237 828 5295 incurrant
846 5243 890 5296 vel
905 5239 983 5295 dnm·
1038 5243 1208 5308 contemptus
1222 5233 1327 5291 mortis.
1342 5235 1373 5289 ln
1387 5231 1502 5304 septima
1516 5231 1543 5286 tit
1558 5233 1633 5302 quies
1651 5229 1686 5285 ah
1709 5230 1835 5286 omnibus

185 5337 253 5379 num
277 5339 377 5392 rerum,
397 5326 437 5380 vel
462 5325 582 5397 corporis
606 5327 750 5384 cruciatum
781 5336 840 5384 :ut
869 5327 985 5400 amplius
1041 5326 1185 5396 predictis,
1215 5339 1325 5394 sperans
1348 5311 1473 5379 ¹octavam
1499 5318 1714 5378 resurrectionis.
1740 5321 1777 5375 st
1802 5323 1835 5377 ιἰι

187 5410 253 5466 daut
268 5411 343 5478 mali,
358 5419 536 5470 contemnunt
550 5423 577 5470 et
590 5413 677 5488 ipsum
686 5417 791 5484 lirum;
808 5423 835 5472 et
848 5415 879 5474 lit
890 5433 985 5474 monn·
1040 5417 1096 5490 lepe
1111 5417 1171 5489 ejus
1185 5413 1372 5472 meditabitur
1395 5411 1440 5469 die
1463 5427 1496 5467 oc
1519 5413 1610 5467 nocte.
1628 5407 1657 5462 li
1672 5421 1836 5484 quocunque

187 5499 242 5556 dus
257 5516 305 5572 pes
318 5508 487 5574 contemptus
500 5502 558 5559 liei.
577 5505 644 5562 ltere
661 5513 752 5580 posset
766 5505 823 5562 lieri
838 5509 869 5562 ut
887 5507 985 5566 malurn
1040 5511 1114 5561 statu
1137 5503 1173 5560 sit
1191 5503 1272 5558 homo
1295 5501 1408 5572 positus,
1430 5514 1569 5573 nunquam
1591 5497 1770 5554 recedendum
1793 5503 1836 5554 est

188 5597 322 5658 amarent,
352 5590 436 5648 ιιιιιιιι
463 5599 676 5662 commearent,
704 5594 751 5650 sed
776 5594 911 5652 inhiberet
936 5609 986 5652 eos
1039 5589 1500 5668 illlalegsliomini,sedsemper
1521 5587 1549 5643 in
1573 5587 1768 5644 dishonorare
1782 5603 1835 5643 uon

189 5679 281 5753 pudor
307 5680 447 5738 homiuum
469 5696 531 5739 cum
557 5683 656 5757 quibus
683 5685 834 5742 habitant:
862 5683 924 5743 ideo
953 5685 986 5741 ad
1040 5684 1182 5742 immemor
1195 5683 1230 5740 sit
1253 5683 1396 5747 malorum,
1422 5685 1449 5736 et
1471 5679 1499 5736 in
1520 5678 1564 5735 dib
1585 5678 1717 5734 malorum
1735 5685 1838 5733 mentor
