3996 6350
73 409 110 476 ra
803 397 989 468 annuamus
1678 395 1713 455 rs
1798 469 1802 474 ¹

71 531 220 591 necessitas
232 531 324 604 abque
336 531 456 588 traheret
468 526 621 586 seminabat
635 542 718 598 super
730 541 825 583 omnes
839 542 934 599 aquas,
950 521 1057 598 publice
1074 529 1101 580 ct
1112 523 1237 597 privatim
1250 525 1416 581 annuntians
1429 525 1544 584 verbum
1555 524 1615 582 Dei.
1633 523 1711 593 Quod

1 687 3 697 ἱ
72 629 164 678 nmen
176 621 267 692 ipsam
281 636 315 676 ex
329 618 456 675 mandato
470 614 568 672 summi
581 613 717 687 pontilicis
735 613 880 671 actitabat:
901 615 936 672 ad
951 620 1047 672 natum
1063 629 1172 688 qnoque
1195 611 1339 686 praesulum
1353 621 1524 682 caeterorum,
1556 615 1712 687 ubicunque

73 725 169 767 eorum
183 710 301 781 aliquem
316 705 491 778 contingebat
505 704 614 762 adesse.
630 702 727 772 »Quid
742 702 770 758 in
785 703 909 775 partibus
925 702 1095 760 Germanias
1109 718 1169 760 cum
1193 701 1395 774 expeditionem
1413 717 1517 759 sacram
1539 704 1714 777 precipiente

73 798 199 872 Eugenio
214 799 295 854 tertio
310 794 471 868 publicaret,
487 792 539 864 ipsi
553 791 707 866 contigerit,
732 791 829 848 ecdem
844 791 913 848 libro
928 793 1002 849 idem
1016 790 1164 848 Gaufridus
1174 790 1265 858 tradit,
1283 807 1311 846 n.
1321 793 1353 846 7:
1371 811 1384 842 ι
1401 789 1453 847 Mel
1468 797 1495 847 et
1508 792 1551 846 lac
1562 793 1715 868 sublingua

1 927 3 960 ,
75 889 171 958 ejus...
186 887 253 942 lnde
268 891 326 941 erat
340 882 412 954 quod
425 880 595 938 Germanicis
618 879 698 936 ctiam
712 879 819 952 populis
841 881 966 952 loquens,
990 880 1058 938 miro
1074 879 1234 938 audiebatur
1252 878 1368 947 affectu;
1394 886 1423 935 et
1446 895 1480 934 ex
1503 877 1630 936 sermone
1644 883 1715 952 ejus,

80 990 163 1046 quem
173 971 335 1044 intelligere,
351 975 445 1039 utpote
453 967 565 1023 alterius
578 965 677 1037 linguae
692 966 818 1023 homines
833 981 887 1022 non
903 966 1136 1038 valebant,magis
1160 981 1241 1039 quam
1256 981 1290 1021 cx
1317 964 1472 1036 peritissimi
1496 965 1640 1036 cujuslibet
1655 975 1717 1037 post

77 1079 140 1119 eum
153 1059 288 1134 loquentis
306 1056 465 1128 interpretis
483 1055 620 1112 intellecta
634 1055 783 1124 locutione,
801 1054 929 1112 aedificari
941 1055 1048 1112 illorum
1062 1053 1172 1112 devotio
1185 1054 1338 1118 videbatur,
1355 1059 1381 1110 et
1396 1052 1542 1111 verborum
1557 1053 1617 1122 ejus
1631 1051 1719 1124 magis

75 1151 177 1208 sentire
191 1149 318 1204 virtutem
333 1165 339 1202 :
357 1147 434 1217 cujus
453 1145 493 1202 rei
506 1152 582 1201 certa
597 1143 720 1215 probatio
735 1143 824 1199 tunsio
839 1152 980 1215 pectorum
995 1150 1064 1212 erat,
1077 1151 1104 1200 ει
1115 1141 1213 1199 effusio
1227 1142 1436 1214 laerymarum.»
1454 1141 1532 1212 Quod
1541 1141 1602 1211 eius
1616 1155 1719 1197 sermo-

76 1255 138 1296 nem
151 1237 304 1310 intelligere
319 1234 459 1304 Germani,
479 1239 603 1305 «utpote
617 1233 728 1289 alterius
741 1232 840 1306 linguae
864 1231 999 1300 homines,
1018 1253 1029 1282 r
1050 1247 1104 1289 non
1119 1232 1253 1295 valerent,
1276 1231 1341 1288 inde
1359 1230 1511 1300 conficitur,
1541 1245 1604 1286 eum
1627 1229 1719 1286 nativa

74 1342 123 1382 seu
138 1325 240 1381 Gallica
253 1322 393 1381 locutione
407 1338 485 1378 usum
495 1320 589 1378 fuisse.
606 1321 640 1374 Et
654 1319 764 1391 quidem
777 1319 916 1391 Philippus
930 1321 1078 1376 monachus
1093 1319 1122 1375 iu
1138 1320 1208 1376 libro
1227 1335 1256 1375 vx
1270 1321 1311 1375 De
1332 1319 1392 1390 ejus
1406 1317 1550 1385 miraculis,
1573 1335 1649 1374 num.
1678 1319 1722 1384 to,

73 1415 121 1484 ait,
136 1430 209 1482 eum,
227 1413 364 1470 «Romana
377 1410 479 1482 lingua,
496 1429 509 1462 u
524 1409 552 1463 id
571 1416 614 1464 εει
627 1407 739 1476 Gallica,
756 1408 829 1478 apud
843 1410 995 1465 Germanos
1010 1407 1130 1464 locutum
1150 1408 1243 1464 luisse.
1261 1408 1437 1465 lillebardus
1452 1407 1549 1480 iunior
1559 1407 1589 1462 in
1603 1406 1673 1462 libro
1686 1405 1721 1462 de

73 1503 188 1560 Casibus
202 1499 358 1558 monasterii
372 1497 558 1567 Sancti-Galli,
573 1496 830 1568 agensdequodam
845 1496 935 1554 saeculi
951 1496 1016 1552 noni
1030 1496 1163 1554 monacho
1181 1495 1332 1567 illitterato,
1351 1496 1457 1562 scribit,
1483 1496 1660 1552 Tutilcnem«
1678 1496 1722 1551 la-

75 1589 184 1654 tialiter,
201 1602 256 1658 quo
270 1587 356 1658 illum,
370 1585 417 1659 qui
427 1585 492 1642 nibil
506 1584 688 1658 intelligebat,
702 1583 812 1650 lateret,
830 1607 842 1635 ι
859 1599 1002 1657 compares
1015 1599 1080 1642 suos
1093 1584 1237 1642 allocutum
1246 1584 1339 1640 luisse.
1354 1584 1430 1641 ldem
1441 1585 1476 1641 de
1488 1583 1596 1656 anglis,
1610 1591 1641 1639 ut
1652 1582 1721 1641 alios

72 1678 220 1743 mittamus,
235 1673 398 1732 dicendum:
413 1689 527 1746 quorum
543 1671 699 1745 ingratiam
710 1672 837 1728 alfredus
852 1672 952 1729 seculo
965 1687 1007 1740 xx,
1022 1673 1159 1728 Pastorale
1173 1671 1300 1745 Gregorii
1325 1673 1414 1744 llagni
1430 1678 1459 1728 ει
1472 1671 1553 1729 Bedae
1574 1669 1721 1728 Historiam

74 1765 207 1823 saxonice
221 1763 290 1821 verti
304 1760 490 1821 curavitflinc
504 1761 601 1818 codem
615 1768 738 1834 tempore
749 1760 888 1820 versiones
909 1759 1129 1834 Evangeliorum,
1145 1759 1330 1834 etliegulaeS.
1344 1759 1484 1817 benedicti
1493 1759 1522 1816 in
1532 1759 1721 1818 Germanicam

73 1855 204 1927 linguam.
1086 1893 1093 1908 .

110 1942 171 1998 XV.
187 1940 242 1997 Sed
256 1939 370 1996 fortasse
385 1939 427 1995 his
440 1937 541 1995 diutius
555 1937 740 2012 immoramur,
761 1954 841 2011 quarn
856 1939 892 1994 sit
906 1953 997 2010 operae
1011 1938 1149 2010 pretium;
1177 1953 1227 1994 nec
1251 1945 1341 1994 umen
1356 1952 1407 1995 nos
1420 1935 1544 2009 paenitet,
1563 1936 1672 2010 quando
1693 1937 1720 1992 id

75 2029 253 2104 apostolicum
267 2029 355 2085 sancti
369 2027 419 2086 viri
432 2026 604 2084 commendat
618 2025 705 2083 zelum
724 2035 752 2082 el
766 2023 896 2085 officium.
912 2029 997 2084 Porro
1006 2026 1035 2082 iu
1049 2025 1224 2085 concionibus
1239 2025 1305 2098 suis,
1320 2032 1438 2083 testante
1464 2022 1597 2083 Gauirido
1615 2025 1643 2081 in
1661 2024 1722 2082 loco

74 2133 139 2175 mox
157 2116 277 2184 laudato,
294 2116 526 2172 «utebatursaue
539 2113 688 2187 Scripturis
704 2123 759 2170 tam
768 2113 855 2172 libere
870 2115 1077 2188 commodeque,
1093 2122 1123 2171 ut
1138 2129 1191 2170 non
1206 2121 1261 2170 um
1273 2113 1352 2188 sequi
1374 2114 1444 2182 illas,
1465 2129 1546 2186 quam
1560 2113 1721 2185 praecedere

74 2205 244 2275 crederetur,
260 2212 288 2262 ct
301 2203 403 2261 ducere
417 2205 477 2276 ipse
491 2218 546 2276 quo
559 2201 650 2271 vellet,
671 2212 810 2261 auctorem
820 2218 915 2260 earum
930 2204 1027 2260 ducem
1040 2203 1172 2274 Spiritum
1188 2219 1320 2276 sequens.

112 2293 186 2350 Xl'l.
200 2293 260 2348 Jam
274 2307 340 2349 vero
355 2309 416 2366 quac
432 2291 547 2348 maxime
557 2292 618 2348 xitae
634 2291 767 2364 religiosae
789 2291 921 2365 principia
936 2308 969 2348 ex
983 2292 1067 2348 sacris
1085 2291 1183 2349 litteris
1200 2291 1229 2348 in
1261 2291 1317 2348 suis
1340 2291 1374 2348 ad
1392 2291 1540 2348 monachos
1550 2288 1723 2346 sermonibus
1786 2332 1790 2342 .

74 2379 209 2439 inculcare
225 2381 339 2453 soleret,
353 2396 409 2438 uon
422 2383 456 2436 ab
472 2397 502 2438 re
517 2380 567 2438 erit
581 2380 721 2453 paulisper
735 2381 919 2438 considerare.
933 2381 1023 2438 Unum
1039 2396 1072 2438 ex
1087 2379 1228 2453 praecipuis
1243 2387 1295 2449 εει,
1307 2397 1340 2436 cx
1364 2378 1498 2451 apostolo,
1514 2386 1544 2436 ut
1567 2394 1598 2435 sc
1623 2378 1652 2434 in
1666 2378 1720 2435 hoc

77 2469 177 2526 saeculo
192 2469 354 2542 peregrinos
368 2475 536 2542 reputarent,
559 2470 638 2538 cuius
661 2468 701 2524 rei
724 2477 914 2540 argumentum
932 2468 1105 2539 suppeditant
1119 2469 1178 2525 loca
1192 2469 1265 2524 duo:
1281 2483 1351 2524 unus
1363 2467 1440 2524 locus
1462 2483 1496 2524 ex
1512 2481 1640 2524 sermons
1655 2470 1668 2521 l
1684 2466 1721 2522 de

74 2557 240 2630 Epiphania,
261 2573 334 2613 num.
358 2561 384 2628 l,
404 2579 416 2610 r
433 2559 519 2628 Super
538 2555 580 2612 his
594 2555 694 2627 saepius
706 2571 756 2614 vos
774 2555 924 2612 admonere
938 2569 1075 2621 curamus,
1098 2559 1128 2611 ut
1151 2569 1289 2627 nunquam
1313 2566 1405 2611 mente
1420 2553 1536 2621 excidat,
1556 2553 1720 2626 peregrinos

74 2661 127 2702 nos
139 2661 211 2715 esse,
228 2644 310 2716 longe
323 2645 410 2702 factos
424 2661 441 2700 a
454 2643 553 2715 patria,
573 2644 664 2716 pulsos
679 2644 848 2700 haereditate.
864 2642 994 2714 Quisquis
1011 2643 1084 2699 enirn
1094 2642 1288 2700 desolationem
1305 2657 1360 2698 non
1374 2642 1457 2707 noxit,
1483 2657 1536 2698 nec
1559 2640 1721 2698 consolatio-

75 2749 140 2792 nem
152 2748 303 2806 agnoscere
317 2741 418 2804 potest.
432 2731 561 2804 Quisquis
574 2730 786 2788 consolationem
802 2729 911 2802 ignorat
926 2745 986 2786 esse
1005 2729 1198 2798 necessariam,
1223 2736 1348 2801 superest
1365 2737 1395 2786 ut
1411 2743 1466 2784 non
1481 2729 1581 2785 babeat
1594 2729 1644 2786 Dei
1659 2745 1722 2802 gra-

74 2821 150 2878 tiam.
170 2819 261 2878 »Alter
275 2821 351 2878 locus
361 2829 403 2877 εει
418 2820 446 2875 in
460 2833 587 2878 sermone
601 2821 619 2874 'l
632 2818 667 2875 de
681 2817 906 2892 Quadragesima,
923 2833 998 2874 num.
1016 2821 1049 2873 l:
1068 2839 1080 2870 a
1106 2816 1210 2874 Felices
1225 2817 1272 2890 qui
1295 2833 1325 2872 sc
1341 2815 1471 2888 prasenti
1486 2817 1586 2874 seculo
1601 2833 1721 2890 nequam

1 2908 2 2912 ’
73 2909 194 2968 advenas
207 2917 236 2965 ct
249 2907 411 2981 peregrinos
427 2905 564 2972 exhibent,
581 2905 765 2962 immaculatos
780 2922 811 2963 se
824 2905 1009 2963 custodientes
1023 2905 1057 2960 ab
1072 2920 1115 2969 eo,
1135 2925 1147 2956 ε
1164 2912 1219 2962 ειε.

110 2998 194 3056 xiil.
203 2997 323 3053 Alterum
336 2995 468 3051 Bernardi
492 2993 604 3052 effatum
618 2995 702 3064 erat,l
716 2994 744 3048 id
757 2993 786 3050 in
802 2994 897 3065 primis
910 2993 1041 3066 expedire
1060 2993 1211 3060 monachis,
1228 2994 1281 3050 imo
1295 2993 1422 3052 omnibus
1443 2995 1476 3048 ad
1505 2993 1632 3051 virtutem
1653 3007 1721 3050 con-

75 3084 261 3152 tendentibus,
277 3093 318 3154 ut,
324 3083 439 3156 apostoli
455 3082 589 3154 exemplo,
600 3081 806 3154 praeteritorum
817 3082 903 3154 obliti,
914 3083 948 3137 ad
959 3083 1097 3138 anteriora
1109 3099 1140 3139 se
1148 3082 1308 3139 extendant.
1323 3083 1432 3139 »Porro
1441 3081 1580 3155 profectus
1590 3089 1719 3152 noster,a

74 3175 113 3230 ait
126 3189 253 3232 sermone
263 3175 279 3228 ι
289 3173 316 3228 in
332 3171 534 3242 Purifieatione,
553 3187 628 3228 num.
643 3175 670 3238 3,
688 3192 701 3223 ι
722 3170 751 3226 in
765 3187 799 3227 eo
814 3170 947 3238 consistit,
962 3177 993 3227 ut
1007 3171 1106 3243 saepius
1120 3187 1164 3228 me
1179 3171 1280 3226 dixisse
1296 3170 1418 3240 memini,
1439 3177 1469 3226 ut
1491 3186 1630 3245 nunqnam
1649 3170 1722 3228 arbi·

74 3269 179 3319 tremor
191 3277 242 3318 nos
261 3260 500 3333 apprehendisss;
515 3260 564 3316 sed
578 3275 687 3332 semper
701 3259 881 3317 extendamur
896 3259 930 3316 ad
944 3258 1090 3329 anteriora,
1115 3259 1283 3318 incessanter
1297 3275 1428 3317 conemur
1443 3259 1470 3315 in
1489 3259 1594 3324 melius,
1615 3269 1643 3315 et
1665 3259 1720 3315 im-

74 3350 227 3424 perfectum
245 3358 368 3406 nostrum
383 3349 480 3406 divina
494 3347 686 3405 misericordia
701 3346 841 3405 obtutibus
849 3348 951 3424 iugiter
966 3363 1143 3420 exponamus.
1161 3370 1172 3400 ι
1190 3349 1293 3406 Eadem
1313 3357 1355 3404 est
1369 3350 1505 3405 sententia
1524 3348 1552 3403 in
1561 3363 1689 3404 sermone
1705 3351 1720 3404 t

71 3439 253 3510 inpsalmurn
269 3453 313 3507 xc,
328 3454 404 3495 num.
422 3441 456 3494 3:
476 3459 490 3487 ι
506 3437 542 3492 Ει
556 3438 615 3494 baec
630 3447 672 3493 εει
686 3436 780 3509 utique
795 3451 895 3510 magna
909 3436 994 3494 virtus
1009 3445 1037 3494 et
1050 3453 1155 3494 summa
1171 3437 1313 3503 securitas,
1327 3437 1436 3509 quando
1450 3442 1478 3493 et
1491 3436 1536 3508 pic
1546 3436 1624 3507 vivis,
1635 3442 1663 3492 et
1677 3445 1719 3492 ta-

73 3543 138 3585 men
153 3528 213 3601 plus
225 3526 344 3584 attendis
358 3543 419 3601 quas
433 3527 532 3583 desunt
547 3525 684 3597 tibiquam
699 3541 759 3598 qua
774 3525 925 3583 obtinuisse
941 3525 1054 3597 videris,
1069 3527 1169 3583 oblitus
1184 3541 1244 3598 qua
1260 3533 1334 3582 retro
1354 3533 1427 3590 sunt,
1443 3525 1641 3596 etiextendens
1656 3526 1719 3581 tein

72 3615 223 3674 anteriora.
240 3637 253 3668 s
269 3616 357 3671 illine
373 3622 415 3672 est
429 3614 502 3686 quod
511 3613 613 3670 ibidem
627 3613 737 3686 legitur,
753 3613 1010 3673 multuminteresse
1025 3613 1059 3670 ad
1075 3613 1283 3686 perfectionem,
1298 3623 1329 3671 nt
1342 3629 1403 3681 nos,
1419 3629 1480 3670 curn
1495 3629 1591 3671 omnes
1602 3613 1716 3686 religie-

72 3707 116 3762 nis
130 3713 158 3762 ει
171 3703 255 3762 oflicii
268 3704 355 3761 nostri
372 3710 465 3775 partes
477 3701 689 3772 impleverimus,
706 3716 801 3759 servos
813 3701 924 3760 inutiles
934 3703 1111 3776 profiteamur
1122 3724 1130 3760 ι
1143 3703 1216 3776 quod
1232 3703 1305 3759 idern
1318 3711 1360 3760 εει
1374 3711 1457 3776 atque
1471 3701 1639 3760 anteriorum
1655 3716 1718 3758 εεεε

72 3797 272 3850 immemorem.

109 3881 209 3939 XVlll.
224 3879 344 3937 Tertium
360 3877 466 3934 amoma
483 3885 535 3944 est,
552 3887 582 3934 ut
593 3893 703 3949 semper
718 3877 913 3947 timeamus,ne
928 3877 1055 3936 videlicet
1070 3878 1187 3952 agralia
1202 3894 1252 3935 nos
1265 3878 1393 3936 excidere
1405 3879 1579 3954 contingat.»
1594 3879 1662 3936 tota
1675 3878 1719 3934 in·

69 3972 152 4028 terim
165 3967 306 4026 beatitudo
321 3975 414 4024 nostra
428 3975 481 4033 est,
499 3987 511 4018 ι
527 3967 615 4038 inquit
629 3981 756 4023 sermone
771 3969 787 4021 5
803 3966 838 4022 de
852 3966 978 4024 omnibus
992 3967 1109 4033 Sanctis,
1125 3983 1200 4025 num.
1218 3971 1244 4035 3,
1258 3987 1271 4020 a
1288 3967 1385 4023 timere
1395 3969 1491 4024 Deum.
1508 3985 1522 4020 ε
1538 3969 1574 4022 Ει
1587 3982 1715 4023 sermone

73 4066 84 4116 l
106 4065 167 4133 post
181 4067 304 4115 octavam
315 4055 479 4128 Epiphaniae,
497 4071 572 4111 num.
594 4058 621 4126 b,
635 4054 779 4127 praemisso
793 4054 930 4127 duplicem
940 4071 1001 4112 esse
1016 4055 1151 4111 umorem.
1169 4076 1181 4106 α
1211 4071 1246 4112 ne
1266 4056 1337 4112 torte
1352 4056 1422 4111 trudi
1440 4055 1469 4110 in
1486 4057 1653 4127 gehennam,
1682 4069 1718 4110 ne

72 4149 143 4206 forte
157 4149 192 4203 ab
206 4153 308 4202 aeterna
323 4144 376 4202 vita
387 4144 529 4215 contingat
542 4143 659 4214 excludi,
678 4163 689 4195 ε
705 4143 797 4199 subdit
811 4163 817 4199 ι
838 4165 849 4195 ι
864 4144 967 4200 Bonum
979 4152 1020 4200 εει
1034 4143 1165 4199 adbibere
1180 4151 1209 4199 ει
1222 4143 1347 4211 tertium,
1358 4143 1405 4216 qui
1418 4143 1512 4216 utique
1533 4142 1720 4214 spiritualibus

72 4246 153 4294 notus
168 4243 243 4292 est...
259 4234 367 4290 Timent
386 4233 459 4289 enim
469 4234 516 4306 qui
531 4240 666 4290 noverunt
680 4231 844 4304 spiritualem
859 4232 959 4297 cibum,
976 4248 1010 4289 ne
1030 4231 1139 4304 quando
1154 4231 1223 4288 forte
1243 4231 1403 4288 fraudentur
1417 4236 1469 4289 eo.'
1486 4232 1553 4289 Cibo
1582 4231 1716 4304 siquidem

72 4327 144 4384 forte
158 4332 240 4396 egent
250 4323 295 4396 qni
311 4337 421 4378 manum
435 4321 568 4379 miserunt
582 4321 616 4377 ad
635 4321 750 4377 fortia...
768 4321 832 4377 llaec
846 4327 888 4377 est
903 4327 1016 4377 metreta
1031 4319 1121 4387 tertia,
1138 4335 1220 4392 qnam
1234 4321 1285 4376 sub
1300 4321 1481 4391 disjunctione
1502 4321 1644 4392 signanter
1671 4334 1719 4392 pe·

71 4415 139 4480 suit,
155 4429 188 4470 eo
207 4413 280 4485 quod
291 4410 475 4486 nonlomnium
489 4410 542 4466 sit:
559 4409 623 4483 quia
638 4425 690 4467 nec
704 4408 993 4481 omnibuscentuplum
1009 4408 1267 4481 repromissum,sed
1281 4409 1345 4466 solis
1357 4410 1404 4481 qui
1413 4410 1716 4482 omnianeliqucrnnt.»

70 4503 179 4559 Tertius
189 4501 241 4557 iste
264 4500 354 4566 umor,
375 4498 453 4554 addit
471 4514 598 4556 sermone
615 4499 753 4572 sequenti,
773 4514 799 4554 n.
823 4503 850 4565 8,
879 4502 904 4564 9,
933 4498 1050 4570 creplet
1077 4497 1195 4553 animam
1218 4498 1292 4554 omni
1319 4497 1500 4555 sollicitudine
1524 4497 1655 4566 timidam,
1684 4513 1718 4554 ne

70 4589 137 4648 forti
148 4591 318 4648 deseratura
330 4587 451 4660 gratia...
465 4602 501 4643 ne
517 4587 588 4645 forte
600 4587 742 4660 contingat
755 4587 878 4644 amittere
898 4585 1023 4659 gratiam,
1039 4591 1069 4642 ut
1087 4585 1138 4642 sibi
1152 4585 1299 4644 derelictus
1312 4587 1392 4644 bomo
1407 4587 1466 4642 laba
1473 4593 1515 4642 tur
1542 4585 1663 4660 quotidie
1682 4586 1717 4642 de

73 4679 184 4736 maloin
197 4681 289 4751 peius,
303 4678 339 4735 de
357 4685 471 4750 peccate
486 4675 584 4732 minori
598 4676 625 4731 in
639 4676 792 4749 graviorem
810 4675 935 4747 culpam:
954 4696 966 4728 r
982 4677 1046 4732 llaec
1059 4675 1139 4732 latius
1152 4675 1324 4747 persequitur
1340 4691 1467 4732 sermone
1492 4679 1527 4733 bt
1542 4674 1569 4730 in
1594 4675 1716 4740 Cantica,

71 4785 148 4826 num.
165 4766 428 4836 9,ubilraecverba:
444 4765 626 4823 «inveritate
640 4763 733 4834 didici,
743 4765 782 4821 nil
800 4781 877 4837 aeque
895 4763 992 4822 efficax
1008 4780 1069 4821 esse
1087 4764 1122 4819 ad
1144 4762 1261 4836 gratiam
1283 4765 1504 4836 promerendam,
1531 4763 1713 4833 retinendam,

71 4853 299 4928 recuperandam,
314 4871 396 4926 quam
409 4854 433 4910 si
446 4855 519 4912 omni
539 4861 663 4926 tempore
677 4869 768 4911 coram
783 4854 841 4912 Deo
855 4854 1001 4912 inveniaris
1017 4869 1072 4911 non
1086 4852 1170 4908 altum
1184 4868 1293 4925 sapere,
1308 4853 1356 4909 sed
1372 4853 1478 4912 timere.
1497 4873 1510 4906 ε

108 4945 186 5004 XIX.
200 4943 248 5000 llis
262 4943 392 5000 bernardi
408 4943 498 5001 effatis
512 4951 639 5017 quartum
652 4943 755 5002 addere
769 4943 840 5006 licat,
854 4944 889 4999 ab
902 4943 963 5015 ipso
971 4958 1140 5015 magnopere
1155 4957 1186 4997 ac
1201 4941 1350 5013 saepissime
1369 4942 1603 5011 commendatum,
1616 4956 1717 5012 nempe

71 5043 102 5092 ut
116 5033 216 5107 ingrati
229 5031 258 5089 in
271 5032 359 5089 Deum
378 5031 461 5088 animi
475 5033 568 5091 vidum
581 5039 641 5090 teto
656 5033 750 5090 animo
765 5032 940 5106 effugientes,
955 5039 1048 5106 gratos
1057 5047 1138 5106 quam
1152 5031 1268 5088 maxime
1282 5049 1312 5088 se
1326 5040 1458 5105 praestare
1472 5038 1598 5105 satagant
1613 5031 1629 5086 ii
1648 5045 1718 5103 quos

72 5127 146 5182 Deus
160 5121 277 5180 esaeculi
290 5119 445 5178 turbinibus
472 5121 575 5178 eduxit.
592 5122 710 5195 Exponit
723 5123 751 5179 id
773 5121 925 5193 argumenti
946 5121 974 5176 iu
990 5137 1116 5178 sermone
1144 5121 1265 5178 meando
1279 5123 1314 5178 de
1333 5129 1438 5193 septem
1461 5120 1653 5178 misericordiis
1666 5133 1717 5190 pro

71 5212 213 5271 Dominica
227 5218 303 5268 sexta
318 5218 381 5282 post
394 5211 587 5278 Pentecosten,
601 5211 647 5268 ubi
661 5211 698 5269 ait
712 5228 741 5269 n.
758 5216 794 5269 ιι
812 5232 824 5265 a
839 5210 956 5283 Oportet
973 5211 1088 5284 proinde
1103 5201 1210 5286 gratum
1224 5225 1286 5266 esse
1311 5210 1447 5268 bominem
1471 5217 1498 5267 ει
1513 5209 1650 5274 devotum,
1666 5205 1714 5278 qui

73 5308 206 5375 percepta
219 5300 314 5373 gratia
329 5314 444 5356 munera
459 5315 514 5356 non
531 5301 613 5357 nrodo
627 5316 739 5359 manere
753 5301 805 5358 sibi
820 5301 969 5370 desiderat,
984 5299 1034 5356 sed
1048 5306 1075 5355 et
1087 5298 1296 5372 multiplicari...
1310 5299 1365 5356 Sed
1380 5313 1430 5358 nos
1442 5300 1567 5364 maxime,
1589 5311 1659 5368 quos
1673 5311 1717 5352 se·

72 5390 197 5464 gregavit
207 5389 267 5457 sibi,
285 5397 314 5446 ει
327 5389 473 5462 assumpsit
485 5389 519 5446 ad
534 5388 708 5447 serviendum
723 5391 773 5447 sibi
788 5390 848 5456 seli,
867 5413 881 5440 ι
896 5397 950 5447 ειε.
966 5388 1034 5446 illud
1049 5388 1137 5460 ipsum
1151 5387 1269 5460 urgetin
1284 5403 1410 5448 sermone
1427 5389 1460 5445 ti
1474 5388 1515 5443 De
1530 5385 1655 5451 diversis,
1671 5385 1717 5456 qai

73 5488 115 5536 est
136 5479 265 5536 «Contra
278 5479 423 5550 pessimum
434 5478 529 5537 vitium
553 5477 791 5554 ingratitudinis»
808 5479 940 5536 lateralia
953 5477 991 5533 ita
1005 5477 1128 5534 scribens
1143 5492 1218 5535 num.
1233 5481 1268 5534 6:
1296 5499 1308 5530 a
1325 5477 1411 5548 Quam
1432 5475 1531 5531 multos
1551 5473 1624 5530 enim
1638 5473 1717 5530 vide·

73 5577 173 5625 muset
185 5567 337 5640 plangimus
355 5567 465 5636 fratres,
481 5568 529 5641 qui
551 5567 699 5625 dummodo
723 5577 833 5625 maneat
861 5567 969 5624 habitus
988 5576 1015 5624 ει
1039 5575 1161 5638 tonsura,
1184 5565 1259 5623 salva
1282 5565 1333 5622 sibi
1350 5565 1442 5622 omnia
1463 5563 1645 5620 arbitrantur:
1662 5577 1716 5618 non

75 5657 279 5714 considerantes
293 5656 395 5723 miseri,
412 5656 642 5730 quemadmodum
657 5657 858 5735 ingratitudinis
875 5659 977 5715 vermis
1002 5655 1131 5713 interiora
1154 5655 1314 5723 corrodens,
1338 5654 1373 5712 cb
1393 5655 1444 5712 boc
1469 5660 1572 5711 tantum
1586 5651 1714 5709 corticem
