4118 6346
175 359 223 412 lull
559 349 593 405 ΙΝ
613 345 863 406 assuupttutttt
882 347 912 402 Ι.
934 343 1059 404 titulat
1082 341 1233 400 vlutttttls
1251 343 1370 404 SElith
1389 348 1435 403 tlt.
1771 349 1825 402 422

173 479 231 548 sola
245 478 314 534 hane
328 474 463 533 maculam
476 473 549 531 lavet
561 472 659 546 gratia
676 480 704 531 et
724 471 783 530 sola
801 487 861 530 eam
876 470 975 529 rmerit
988 493 1011 572 ss
1029 469 1131 542 aaut).
1148 467 1227 540 Quod
1252 469 1389 528 siluteam
1400 473 1472 529 hano
1494 471 1598 548 cogites
1612 472 1732 541 domum,
1749 470 1827 530 laeile

173 569 237 626 olim
254 576 335 642 petra
358 561 583 624 circumcisionis:
608 562 641 632 si,
656 570 687 619 ut
710 563 819 620 omnino
833 561 909 635 pium
932 568 974 617 est
1028 559 1079 616 erit
1102 575 1187 616 nosse
1208 559 1434 632 quemadmodum
1458 560 1485 615 in
1510 577 1543 618 ea
1556 561 1700 619 Dominum
1723 561 1828 620 Martha

173 657 299 727 credere,
315 656 455 730 proprium
470 653 554 710 illaria
564 652 691 710 delictum
707 668 762 710 non
777 651 879 722 habuit,
895 651 974 707 nihil·
1028 648 1240 724 magisexcipiat
1250 663 1331 722 quam
1341 648 1433 705 Μανία.
1450 647 1527 720 Quod
1538 649 1610 704 enim
1621 650 1825 723 aitllpostolus:

173 747 282 805 anunm
303 745 338 803 ab
360 741 583 800 innocentissimo
603 742 685 799 corda
709 741 789 798 etiam
813 740 974 814 poenitentia
1031 739 1230 810 Glorifieateet
1241 743 1352 813 portate
1360 739 1616 811 Deumiaeorpore
1631 745 1718 798 oestro
1730 742 1756 814 (l
1765 742 1827 798 Cor.

173 836 257 912 lonqe
273 835 331 892 luit.
347 835 386 888 Sit
407 849 473 904 ergo
492 831 610 888 Lazarus
628 831 699 903 apud
712 847 770 898 eos,
790 846 905 904 quorum
921 846 973 888 ne·
1028 844 1067 896 vv,
1084 829 1139 902 20),
1164 829 1276 884 llarthae
1291 827 1399 899 dieitur,
1424 843 1478 884 non
1500 827 1601 890 Mariae,
1623 828 1687 884 llaec
1701 828 1828 885 nimirum

174 942 252 984 cesse
277 932 318 981 ast
332 924 366 977 ab
389 920 519 992 operibus
541 920 653 975 mortuis
677 919 859 976 conscientias
876 934 973 976 emun·
1028 919 1149 988 corporis
1163 917 1246 974 utitur
1269 917 1460 986 instrumento,
1481 933 1542 972 oum
1561 917 1599 972 illi
1614 918 1703 987 potius
1726 917 1761 972 sit
1774 917 1828 973 im-

174 1010 251 1067 dari:
269 1007 378 1066 secedat
393 1006 463 1063 inter
481 1006 640 1062 vulneratos
653 1005 820 1062 dormientes
838 1005 866 1060 in
880 1004 974 1078 sepul·
1028 1005 1196 1077 pedimento.
1210 1006 1334 1080 Denique
1345 1021 1457 1081 eorpus,
1472 1004 1569 1079 inquit,
1586 1007 1658 1079 qaod
1671 1007 1828 1081 corrumpi-

174 1099 238 1166 eris,
261 1106 291 1154 ut
312 1097 340 1151 in
362 1096 479 1152 thalamo
502 1093 628 1168 virginali
641 1094 814 1152 inveniantur
829 1097 932 1152 Martha
948 1100 975 1152 et
1031 1101 1228 1171 tur‚oqpraoat
1238 1099 1374 1166 animam,
1386 1101 1414 1153 et
1423 1096 1559 1170 deprimit
1568 1100 1680 1154 terrena
1690 1097 1831 1153 inhahita-

174 1189 257 1244 Μανία
272 1194 386 1243 tantum.
401 1185 463 1258 lpsa
478 1190 520 1242 est
533 1184 606 1242 enim
624 1182 745 1240 10θο
763 1200 824 1257 qnae
837 1183 975 1240 Elisabeth
1031 1185 1548 1259 tioseasummuitacopa'tantcm(Sap.
1558 1185 1830 1258 rx,ld).Nunquldot

174 1276 293 1350 gravida
308 1283 337 1331 et
359 1275 511 1350 grandaevae
527 1273 604 1346 quasi
624 1274 763 1331 mensibus
781 1273 869 1330 tribus
882 1272 976 1328 humili
1030 1283 1189 1348 operantem
1201 1278 1215 1333 t
1229 1277 1332 1332 Martha
1354 1275 1437 1348 igitur
1450 1275 1479 1331 in
1501 1275 1611 1330 domum
1636 1291 1711 1332 suam
1734 1275 1831 1346 excipit

176 1364 324 1422 deservivit
338 1363 430 1421 cilicio
447 1364 527 1434 (Lae.
543 1379 564 1431 1,
580 1363 641 1436 56),
657 1363 718 1436 ipsa
732 1380 793 1435 quae
806 1363 900 1430 verba,
916 1377 976 1436 qum
1032 1363 1199 1422 Salva'torem
1218 1367 1244 1420 in
1260 1366 1358 1422 terris:
1374 1363 1457 1421 Μανία
1470 1364 1560 1437 potius
1582 1363 1683 1437 cogitat
1698 1363 1830 1437 quemad-

177 1455 212 1512 de
225 1454 291 1511 Filio
306 1453 476 1520 dicebantur,
492 1453 671 1510 conservabat
690 1451 834 1510 conferens
851 1452 879 1508 in
894 1451 976 1508 corde
1032 1457 1140 1512 modum
1155 1455 1317 1528 suscipiatur
1332 1457 1366 1512 ab
1382 1470 1415 1512 eo
1434 1455 1462 1510 in
1485 1455 1566 1512 domo
1581 1469 1635 1510 non
1655 1453 1831 1526 manufacta,

178 1561 227 1603 suo
246 1545 325 1618 (tac.
341 1559 370 1610 11,
385 1543 440 1616 69).
1032 1553 1133 1604 mterna
1148 1545 1176 1600 in
1190 1545 1274 1602 omlis.
1296 1547 1377 1602 Forte
1392 1552 1485 1602 tamen
1499 1553 1524 1601 et
1538 1545 1597 1617 ipsa
1611 1545 1754 1602 Dominum
1769 1563 1832 1602 sus-

184 1627 186 1632 ’
214 1638 241 1692 9.
256 1632 403 1690 Neminem
417 1647 484 1706 ergo
498 1638 616 1700 moveat,
633 1630 708 1704 qnod
715 1630 867 1703 suspiciens
881 1629 978 1687 mulier
1032 1634 1137 1706 cepisse
1150 1633 1267 1703 videtur,
1294 1631 1343 1690 sed
1362 1633 1390 1689 in
1405 1633 1518 1706 spiritu:
1543 1634 1674 1692 Dominus
1687 1633 1759 1692 enim
1775 1635 1832 1707 spi·

176 1723 334 1791 Dominum,
350 1736 404 1777 non
418 1720 510 1788 Μανία,
531 1721 580 1777 sed
599 1721 704 1776 Martha
723 1727 848 1778 vocatur:
869 1721 978 1792 quando
1032 1722 1160 1778 ritusest.

176 1813 206 1868 in
222 1814 274 1870 lano
286 1827 340 1868 una
354 1818 382 1868 et
396 1825 501 1867 summa
515 1811 599 1867 Μανία
611 1817 638 1866 et
659 1811 772 1866 hiarthae
785 1809 936 1881 negotium,
952 1817 979 1867 et
995 1807 1017 1885 Β
1068 1816 1095 1870 2.
1113 1813 1191 1879 lluio,
1207 1809 1303 1884 inquit,
1320 1811 1392 1868 haud
1409 1811 1519 1880 dubium
1534 1810 1599 1882 quin
1613 1812 1736 1882 llorthae,
1754 1829 1833 1872 soror

178 1902 269 1960 Μανία
284 1918 340 1958 non
358 1903 475 1959 otiosum
489 1901 574 1956 otium
589 1899 735 1957 invenitur.
759 1899 855 1958 Omnis
869 1899 978 1972 quidem
1033 1906 1104 1966 erat,
1121 1903 1234 1958 nomiae
1249 1901 1357 1957 Μανία.-
1374 1917 1436 1974 qum
1454 1901 1541 1958 etiam
1556 1900 1651 1958 sedeas
1665 1917 1743 1958 secus
1756 1901 1836 1976 pedes

178 1991 265 2064 gloria
291 1991 353 2048 illive
377 1989 450 2064 regis
471 1989 613 2046 abintus:
639 1987 813 2046 nibilominus
837 1995 928 2046 tamen
953 1989 980 2044 in
1032 1993 1109 2061 lesu,
1125 1991 1256 2048 audiebat
1279 1991 1499 2049 verbumillius.
1526 1989 1608 2046 Vides
1623 1991 1696 2064 quod
1719 1999 1835 2063 utraque

179 2079 293 2136 fimbriis
312 2079 402 2136 aurcis
416 2078 615 2136 circumamicta
632 2085 675 2135 est
697 2078 839 2136 varietate.
864 2079 924 2136 Non
939 2085 981 2136 est
1035 2079 1154 2152 suscepit
1166 2079 1298 2146 Verbum,
1314 2081 1372 2135 lraec
1382 2080 1409 2134 in
1423 2094 1516 2148 carne,
1532 2079 1578 2136 illa
1592 2079 1620 2135 in
1632 2093 1708 2137 voce.
1726 2081 1836 2137 ldartlvc

179 2169 214 2226 de
230 2184 343 2226 numero
355 2168 490 2226 fatuarum
511 2168 660 2240 virginum:
683 2167 803 2238 prudeus
825 2174 867 2224 est
887 2167 979 2239 virgo;
1036 2173 1133 2226 autem
1146 2167 1292 2239 sotaqehat
1309 2169 1386 2224 cirea
1401 2168 1531 2242 frequens
1546 2169 1750 2229 ministerium.
1771 2171 1837 2239 Quia

178 2257 334 2331 lampadem
348 2259 441 2324 habet,
457 2257 549 2314 sedin
564 2271 628 2313 vase
642 2258 732 2314 oleum
743 2265 843 2329 portat.
855 2260 898 2311 lln
912 2257 982 2314 sorte
1037 2260 1128 2325 stetit,
1140 2257 1233 2312 etalt:
1250 2257 1375 2322 Dotatae,
1393 2273 1451 2313 aaa
1461 2260 1502 2312 est
1519 2258 1569 2314 tibi
1579 2273 1656 2314 carae
1670 2257 1741 2331 quod
1760 2272 1838 2315 soror

180 2347 281 2404 excidit
303 2348 380 2404 vobis
407 2345 562 2421 evangelica
575 2346 621 2401 illa
643 2344 781 2418 parabola,
812 2361 873 2418 qum
897 2345 982 2402 latuas
1034 2362 1102 2412 auco,
1115 2345 1229 2416 reliquit
1242 2358 1287 2400 nae
1297 2345 1387 2401 solam
1397 2346 1590 2403 arainiatrarc?
1604 2346 1695 2418 Putas,
1706 2346 1734 2400 in
1745 2345 1836 2413 donno,

179 2437 301 2509 virgines
325 2436 478 2508 prohibitas
498 2440 592 2491 narrat
615 2435 648 2490 ab
670 2434 784 2491 introitu
807 2433 983 2506 nuptiarum?
1037 2433 1064 2490 in
1079 2447 1133 2504 qua
1160 2431 1284 2487 Christus
1308 2431 1464 2504 suscipitur,
1478 2449 1531 2491 vox
1555 2431 1777 2490 murmurationis
1791 2449 1839 2489 au-

180 2527 296 2591 (ilattla.
312 2540 382 2594 xxv,
413 2527 507 2594 l-te.)
536 2524 601 2580 Erat
627 2523 737 2595 quidem
765 2523 862 2580 domus
890 2539 982 2580 earnm
1038 2519 1237 2578 dieturtFeHx
1262 2522 1367 2589 domus,
1385 2529 1412 2576 et
1435 2523 1515 2578 beata
1529 2539 1639 2594 semper
1662 2515 1839 2595 congregatio

180 2614 293 2682 munda,
318 2613 439 2686 virgines
461 2611 533 2669 enim
549 2619 640 2668 erant:
666 2620 725 2668 erat
739 2620 843 2680 ornata,
868 2613 984 2685 quiesi·
1039 2618 1090 2680 est,
1114 2609 1161 2666 ubi
1175 2611 1210 2666 de
1228 2609 1311 2666 Μανία
1325 2613 1430 2668 hlartlva
1452 2613 1637 2684 conqueritur.
1665 2611 1734 2666 Nam
1749 2611 1839 2666 Μανία

179 2703 237 2758 mul
252 2718 359 2770 omnes,
375 2701 402 2756 id
418 2709 459 2758 est
474 2699 554 2756 latum
568 2717 629 2757 cum
640 2701 829 2772 prudentibus,
846 2702 986 2775 lampades
1041 2700 1170 2755 llartham
1186 2700 1305 2755 aemulari
1329 2715 1441 2772 prorsus
1456 2701 1610 2775 indignum,
1636 2716 1749 2772 prorsus
1761 2701 1840 2756 illici·

179 2801 369 2858 ornaverunt;
395 2790 444 2846 sed
468 2797 526 2848 arat
553 2805 663 2858 vacans,
695 2790 757 2863 quia
780 2790 808 2846 iu
836 2791 907 2848 vasis
931 2793 985 2848 suis
1042 2795 1096 2845 tum
1112 2797 1162 2844 est.
1180 2788 1307 2860 Alioquin
1320 2789 1367 2844 ubi
1386 2789 1455 2862 legis
1464 2791 1576 2846 llariam
1592 2790 1841 2858 causantemouia

180 2881 273 2936 oleum
296 2895 351 2934 non
374 2888 546 2949 acceperunt.
571 2879 640 2935 Hinc
659 2887 711 2946 est,
737 2880 874 2953 quodnec
897 2881 930 2938 ab
946 2882 987 2938 eis
1040 2894 1118 2935 soror
1132 2895 1194 2934 mea
1217 2877 1325 2949 reliquit
1343 2893 1387 2935 me
1411 2879 1496 2935 solam
1522 2879 1639 2936 vacaret
1662 2878 1748 2947 Absit,
1772 2877 1852 2936 absit·

181 2969 283 3041 suscipi
298 2968 325 3027 iu
349 2967 446 3025 domos
468 2984 540 3036 suas,
565 2983 616 3036 uec
634 2969 776 3026 admittere
800 2985 847 3025 eas
861 2970 988 3044 dignatur
1040 2973 1071 3022 ut
1085 2965 1130 3040 qui
1153 2966 1213 3020 ileo
1226 2973 1314 3035 vacat,
1338 2967 1371 3022 ad
1389 2970 1580 3026 tumultuosam
1611 2965 1720 3026 ΙθθΙ
1740 2968 1843 3042 aspiret

181 3075 299 3131 sponsus
322 3057 440 3115 coelestis
463 3057 498 3112 ad
521 3057 640 3129 nuptias.
670 3060 730 3116 Non
758 3059 798 3115 sie
821 3057 920 3116 mulier
943 3059 988 3115 illa
1043 3056 1155 3111 fratrum
1179 3054 1323 3112 officiatum
1342 3056 1441 3114 vilaml
1472 3059 1576 3115 ldartlva
1599 3075 1709 3130 semper
1736 3055 1842 3114 insuffi-

182 3149 273 3215 lortis,
296 3164 356 3222 quae
378 3146 514 3218 serpentis
536 3153 617 3218 caput
635 3148 774 3205 contrivit.
800 3151 892 3206 liabes
915 3149 988 3207 euim
1004 3108 1026 3187 c
1043 3143 1118 3201 ciem
1131 3143 1183 3200 sibi
1205 3151 1233 3201 et
1251 3141 1339 3202 minus
1353 3145 1451 3204 idonea
1469 3146 1604 3217 videatur,
1628 3145 1741 3220 aliisque
1756 3146 1844 3218 magis

182 3247 247 3311 post
259 3237 343 3294 mulla
356 3237 384 3290 in
398 3235 524 3291 laudibus
536 3236 607 3306 ejus,
634 3237 698 3308 quio
718 3254 776 3296 nort
790 3241 989 3314 conhoartatur
1043 3233 1071 3288 in
1087 3233 1177 3307 operis
1191 3233 1263 3306 quod
1278 3233 1448 3290 administrat
1466 3242 1541 3306 optet
1556 3231 1669 3306 imponi.
1690 3235 1843 3308 Respondit

183 3328 216 3384 iu
230 3331 311 3384 nocte
328 3327 444 3385 lacman
460 3327 520 3398 ejus
535 3324 627 3397 (Proa.
642 3341 725 3395 xxxv,
738 3331 794 3399 16).
805 3329 835 3384 ln
845 3329 990 3402 sugillatio·
1044 3329 1142 3382 autem
1153 3325 1179 3379 ei
1188 3325 1267 3381 leaves
1278 3342 1287 3379 .·
1300 3325 1419 3390 dortho,
1432 3323 1688 3390 Martha,solticita
1699 3321 1844 3395 e'a,ettur-

184 3433 251 3473 nem
278 3417 330 3472 hoc
357 3415 457 3471 dicitur
484 3414 628 3483 fatuarum,
657 3431 718 3488 quaa
746 3417 874 3475 veniente
901 3420 989 3476 media
1044 3415 1119 3471 baris
1129 3413 1342 3486 erqapluriuaa.
1355 3413 1641 3484 l'ldepraerogativam
1650 3413 1750 3479 Μανία,
1762 3428 1843 3484 quem
1927 3465 1934 3478 ,

184 3513 267 3563 nocte
286 3521 397 3576 sponso,
418 3511 622 3576 conqueruntur
645 3519 717 3572 sero,
741 3513 768 3562 et
787 3506 893 3563 dicunt:
917 3510 990 3578 Quin
1043 3502 1070 3556 in
1081 3503 1244 3559 omnieausa
1255 3503 1530 3558 habeatadvocatum.
1540 3499 1700 3574 Indignatur
1709 3500 1843 3574 siquidem

187 3593 990 3670 lampadesnoeiroeexstinquuatur.Processitigiturglo
1044 3591 1283 3665 vlrarisaeusuac.
1308 3607 1357 3660 vu,
1375 3596 1431 3662 39),
1456 3590 1633 3665 conqueritur
1650 3607 1737 3659 soror,
1763 3591 1844 3648 etiam

184 3685 258 3741 riosa
273 3683 367 3754 Virgo,
383 3683 462 3752 eujus
477 3682 582 3750 lampas
596 3681 786 3738 ardentissima
800 3683 865 3756 ipsis
880 3702 990 3758 quoque
1045 3681 1168 3753 discipuli
1182 3689 1351 3738 murmurant
1365 3682 1474 3752 (Μανία.
1486 3695 1565 3750 xxva,
1584 3685 1611 3752 8)
1625 3701 1630 3740 :
1647 3683 1748 3755 ubique
1763 3681 1846 3737 Μανία

186 3771 294 3845 angelis
313 3771 381 3828 lucis
405 3770 536 3826 miraculo
561 3768 620 3836 luit,
644 3778 674 3826 ut
697 3771 834 3830 dicerent:
861 3776 928 3843 Quae
947 3781 991 3832 eet
1046 3776 1128 3838 lacet,
1144 3777 1172 3826 et
1188 3786 1236 3842 pro
1260 3785 1293 3825 aa
1314 3769 1435 3841 loquitur
1449 3771 1571 3826 Christus
1596 3771 1666 3842 (67).
1693 3773 1843 3844 Optimam,

187 3865 254 3931 iata,
272 3860 717 3934 quaeproyreditaraiantaurora
728 3877 908 3936 consumam,
928 3868 992 3937 pua.
1045 3859 1140 3932 inquit,
1157 3865 1267 3932 partem
1277 3858 1362 3930 clepit
1372 3859 1425 3916 sibi
1436 3859 1533 3925 llario,
1545 3876 1610 3932 quae
1627 3877 1687 3915 nou
1697 3863 1847 3930 auferetur

189 3951 257 4006 clara
279 3955 313 4006 ut
332 3951 413 4020 luna,
430 3951 520 4006 electa
535 3952 569 4004 ut
584 3949 650 4006 soi?
671 3950 760 4021 (Cast.
777 3968 816 4018 vv,
834 3953 991 4026 9.)·Clarius
1045 3949 1079 4004 ab
1093 3965 1126 4005 aa
1136 3948 1163 4003 in
1177 3955 1320 4004 aeternum.
1332 3947 1483 4003 Hocunum
1498 3947 1563 4002 illud
1575 3946 1647 4020 quod
1661 3947 1847 4003 necessarium

189 4038 263 4095 enim
282 4037 389 4094 caeteris
405 4036 541 4106 rutilabat,
558 4053 638 4110 quam
652 4038 807 4110 repleverat
821 4041 882 4098 oleo
896 4045 991 4116 gratiae
1046 4046 1102 4109 θείς
1120 4037 1177 4092 haec
1194 4051 1258 4104 111111,
1283 4051 1363 4108 qnam
1382 4037 1518 4108 Propheta
1541 4042 1595 4091 11111
1610 4035 1701 4093 seculo
1725 4035 1849 4108 require-

122 4179 134 4198 ,
188 4143 247 4200 prae
269 4125 445 4200 participibus
471 4126 529 4184 suis
550 4125 672 4184 Christus
699 4129 788 4201 lesus,
817 4129 899 4188 Filius
920 4133 989 4204 ejus,
1046 4128 1108 4183 bat:
1127 4128 1226 4194 Unam,
1246 4125 1595 4199 inquit,petiiallomiuo,
1612 4125 1686 4182 bauo
1703 4127 1847 4199 requiram

188 4216 325 4274 Dominus
338 4224 442 4274 noster.
1046 4215 1135 4288 (Psoi.
1151 4229 1232 4283 xxva,
1249 4217 1287 4286 6).
1713 4237 1715 4240 ·

500 4305 615 4362 SEllllO
641 4305 689 4362 lll.
1083 4309 1109 4360 3.
1135 4303 1205 4374 Quid
1220 4311 1311 4360 tamen
1331 4302 1381 4360 sibi
1404 4303 1469 4372 vult,
1490 4301 1599 4373 iratres,
1623 4304 1695 4376 quod
1719 4305 1848 4374 optimam
1900 4345 1906 4354 .

236 4396 277 4452 De
291 4393 388 4463 Μανία,
400 4395 509 4455 ldartbo
523 4400 551 4453 et
566 4398 680 4454 Lazaro.
696 4394 774 4469 (huo.
790 4411 819 4464 x,
836 4396 949 4469 38-d2.)
1048 4401 1154 4466 partem
1178 4393 1259 4449 Μανία
1274 4393 1372 4450 dicitur
1387 4392 1528 4466 elegisset
1556 4393 1606 4450 Ubi
1620 4394 1674 4464 jam
1696 4393 1757 4459 erit,
1775 4390 1848 4464 quod

234 4483 482 4542 ercammarus
493 4485 525 4540 ia
540 4485 676 4558 quoddam
688 4485 995 4552 castellum,etmulier
1050 4481 1179 4538 adversus
1208 4497 1268 4538 eam
1297 4480 1419 4554 prolerre
1448 4481 1575 4546 solemus,
1591 4481 1614 4536 si
1641 4480 1751 4554 quando
1778 4479 1849 4536 forte

189 4572 331 4646 quadam,
349 4572 459 4630 llartha
473 4575 599 4642 nomiae,
614 4577 724 4648 accepit
739 4576 822 4632 illum
837 4578 869 4633 ia
882 4575 997 4633 domum
1050 4571 1263 4628 administrantis
1285 4570 1398 4626 lllarthae
1423 4570 1613 4638 turbationem,
1638 4570 1849 4644 inaequalitatem

189 4677 285 4718 auam.
297 4658 368 4729 Quid
383 4667 434 4728 est,
457 4659 566 4728 fratres,
593 4664 665 4735 quod
690 4681 705 4720 e
729 4664 834 4719 duabus
857 4662 997 4719 sororibus
1050 4660 1199 4732 dijudicare
1221 4659 1353 4716 voluerit:
1369 4659 1464 4716 Melior
1479 4664 1521 4716 eat
1535 4663 1674 4732 iniquitas
1694 4661 1749 4719 oiri
1763 4677 1849 4736 qaam

190 4749 279 4805 altera
293 4755 399 4805 tantum
414 4750 560 4807 Dominum
574 4752 675 4824 legitur
689 4753 840 4825 excepisse,
853 4761 879 4810 et
891 4768 923 4809 ea
937 4751 996 4824 ipsa
1051 4751 1228 4821 benefaciens
1249 4747 1377 4804 mulier?
1399 4749 1497 4818 (dccli.
1519 4763 1589 4816 xcxv,
1608 4749 1663 4823 ll.)
1684 4749 1732 4805 Ubi
1756 4750 1808 4808 erit
1822 4757 1851 4807 et

190 4854 254 4910 quae
274 4837 383 4894 videtur
400 4837 533 4897 inferior?
548 4840 685 4912 Optimam
699 4844 772 4899 enim
791 4851 899 4915 partem
914 4841 997 4913 elegit
1051 4838 1137 4895 illud:
1155 4839 1184 4894 Si
1194 4839 1256 4909 quis
1266 4835 1569 4906 mihimiaistrouerit,
1581 4839 1850 4911 honorificabitaum

194 4923 288 4989 Μανία,
304 4931 374 4980 teste
390 4923 448 4996 ipso
464 4941 545 4998 quem
559 4927 666 4982 lllartha
688 4929 818 5000 suscepit.
843 4928 898 4984 Sed
922 4927 998 4999 prior
1052 4931 1227 4986 Patermeue
1238 4925 1353 4998 Μυονία.
1365 4939 1416 4994 x11,
1429 4929 1486 4998 26.)
1502 4928 1534 4982 Et
1547 4927 1612 4983 illud
1625 4946 1631 4983 :
1645 4930 1698 4999 Qui
1706 4931 1798 5002 major
1807 4934 1851 4987 est

192 5019 260 5066 natu
283 5012 389 5067 Martha
407 5012 524 5082 videtur,
550 5023 579 5072 et
596 5016 688 5073 salutis
710 5016 815 5073 initium
839 5017 890 5074 sihi
913 5016 999 5092 magis
1052 5021 1188 5084 acetrum,
1203 5019 1260 5073 erit
1274 5013 1407 5074 minister
1416 5017 1650 5088 vester?(llcttlt.
1667 5035 1716 5086 xx,
1729 5017 1785 5090 26.)
1800 5021 1852 5074 Po·

193 5099 276 5168 actio,
295 5116 375 5173 quam
391 5104 586 5174 contemplatio
601 5105 722 5162 nosdtur
734 5106 884 5164 vindicare.
896 5107 999 5164 Laudat
1053 5113 1164 5176 stramo,
1182 5122 1242 5180 quae
1255 5106 1406 5164 consolatio
1425 5115 1466 5163 ast
1484 5107 1626 5176 laboranti,
1651 5109 1729 5181 quasi
1744 5109 1772 5163 in
1790 5107 1852 5178 ejus

194 5187 319 5246 Christus
340 5190 463 5260 Mariam,
488 5192 537 5248 sed
561 5209 575 5248 a
604 5196 708 5250 hiartha
736 5195 889 5269 suscipitur.
919 5197 1000 5252 Amat
1053 5197 1282 5270 suggillationem,
1299 5204 1404 5269 partem
1418 5197 1851 5272 sororisattollere‘lUnumergo

193 5280 342 5338 Rachelem
365 5280 458 5349 Jacob,
485 5281 533 5338 sed
558 5281 603 5340 hia
625 5283 785 5355 supponitur
804 5285 949 5360 ignoranti.
973 5283 1001 5343 Si
1054 5287 1171 5344 arbitror
1185 5302 1201 5343 e
1215 5287 1331 5356 duobus,
1347 5293 1378 5342 ut
1392 5293 1438 5342 aut
1462 5287 1496 5343 de
1511 5287 1644 5344 electione
1657 5284 1741 5343 Μανία
1755 5285 1850 5342 laude-

195 5371 232 5428 de
246 5368 342 5427 lraude
364 5369 496 5443 queritur,
521 5373 612 5430 audiet
635 5388 689 5429 non
714 5389 775 5431 esse
798 5375 1001 5432 consuetudinis
1055 5385 1109 5446 tur,
1125 5376 1196 5448 quod
1213 5391 1277 5448 pars
1289 5375 1358 5449 ipsa,
1375 5375 1543 5449 quantumin
1558 5377 1698 5445 nobisest,
1715 5375 1750 5432 sit
1764 5374 1853 5433 omni·

194 5467 227 5516 ut
239 5459 363 5532 juniores
386 5460 463 5532 prius
477 5462 618 5548 tradantur
641 5463 674 5519 ad
694 5462 802 5536 nuptias
815 5465 895 5534 (aaa
918 5479 999 5535 xxxx,
1055 5467 1107 5521 hus
1120 5465 1261 5538 eligenda3
1276 5471 1322 5521 aut
1332 5472 1406 5522 certe
1420 5473 1449 5522 ut
1464 5473 1590 5522 neutrum
1605 5465 1709 5524 dicatur
1722 5458 1852 5537 denum,

233 5567 293 5640 (67)
307 5568 454 5626 liioudam
467 5570 711 5644 agnoscitllariam
727 5571 880 5629 lternardus
907 5579 937 5630 ut
954 5590 1001 5630 su·
1055 5588 1137 5630 mone
1151 5573 1212 5628 ldc
1225 5570 1404 5631 Dedicalionc
1413 5573 1544 5642 eeclesiae,
1557 5589 1630 5630 num.
1642 5577 1668 5632 3.
1685 5574 1851 5632 Consenser·
1888 5621 1893 5626 .

196 5642 1001 5720 prasermonetinDominioaopostl'enteoosten,et'ser·
1058 5644 1851 5716 monemttetldlncanticsmbilracderedubiushaeret.
