4150 6348
176 411 227 472 iol
660 407 693 472 bt
712 407 812 470 iusto
824 411 953 474 audibit
972 415 1169 478 studiosius
1183 415 1291 478 stude
1305 415 1338 478 il.
1773 415 1825 477 tei

175 537 256 593 ciem
265 536 323 609 ipsi
336 536 427 594 Deum
437 535 583 596 uidebant.
605 535 741 593 Videbunt
753 537 862 609 quidem
877 538 905 594 ia
919 539 973 599 tine
988 559 1012 639 Α
1030 553 1141 618 tempus
1162 543 1268 601 uidetur
1290 559 1363 615 esse,
1388 558 1438 601 nec
1460 545 1554 602 virtus.
1575 545 1728 605 Horroratttr
1751 561 1823 604 nnnc

175 623 243 682 laeie
257 625 291 680 sd
303 624 402 683 faciem
422 645 431 696 ;
449 626 578 684 ridebunt
590 625 672 682 etiam
687 641 770 695 noue,
786 625 835 684 sed
848 644 897 700 per
908 644 971 700 spe·
1023 633 1130 704 justitia
1149 633 1235 705 magis
1249 642 1379 704 qnantum
1395 633 1424 688 in
1446 631 1515 689 faeie
1533 643 1586 692 est:
1608 638 1657 692 aul
1677 635 1756 705 nulli,
1776 643 1825 694 aut
1884 695 1885 702 ,

174 714 264 770 cultim
279 715 307 768 in
322 714 485 789 enigmate;
501 723 527 771 et
552 730 625 772 nuno
643 725 812 787 cognoscunt
826 732 859 774 ex
882 727 970 790 parte,
1025 723 1103 794 pauci
1125 737 1174 793 pro
1198 735 1231 778 es
1251 720 1384 778 suatimnt
1405 721 1631 791 persecutionem.
1657 725 1762 783 felices
1782 734 1825 782 ta·

172 802 294 875 perfecte
309 803 753 877 posteacoqnituri.0mnisenim
768 806 795 860 in
809 805 889 876 cujus
903 822 972 864 eon·
1024 827 1099 879 men,
1133 811 1156 869 si
1182 812 1323 882 quisunt,
1347 809 1475 883 quoniam
1498 811 1620 878 ipsoram
1645 822 1687 871 est
1710 830 1825 889 regnum

173 893 290 950 edentia
303 894 425 949 clausurn
454 893 542 949 adhue
557 899 695 963 paccatum
720 893 795 963 risit,
812 902 859 950 aut
881 905 972 964 peccat
1025 901 1167 968 coelorum,
1192 908 1223 956 ut
1249 896 1347 975 [alicu
1374 898 1429 972 ubi]
1458 913 1507 955 eea
1527 915 1609 956 nemo
1636 911 1823 975 persequatur.

172 981 203 1036 in
218 980 508 1054 spe,ctitascntitde
528 980 597 1050 Deo,
631 991 760 1055 tanquam
792 983 815 1038 si
844 983 933 1041 minus
947 985 972 1043 ei
1023 987 1103 1058 Quod
1131 989 1155 1045 si
1180 988 1320 1060 multiplex
1344 986 1425 1044 luerit
1450 985 1597 1054 tribulatio,
1625 997 1690 1045 tunc
1718 1007 1825 1064 quoque

172 1078 285 1142 peccam
311 1069 496 1142 displiceant,
525 1077 574 1127 aut
601 1083 694 1141 peccat
718 1070 747 1126 in
771 1071 969 1144 desperatione,
1027 1077 1200 1150 multiplicius
1239 1076 1442 1140 exsultandum,
1474 1089 1530 1132 non
1570 1076 1733 1136 intuentibus
1764 1095 1825 1151 quse
1910 1130 1913 1142 .

173 1159 415 1217 immisericordem
441 1158 562 1216 sentiens
594 1160 692 1216 Deum.
721 1159 842 1229 Quorum
866 1163 972 1234 utrique
1026 1167 1150 1222 ridentur
1164 1166 1350 1235 incommoda3
1375 1165 1423 1222 scd
1439 1163 1560 1235 premia,
1576 1181 1639 1237 qoae
1652 1179 1707 1223 non
1729 1167 1825 1225 viden-

173 1249 269 1304 mcrito
283 1247 383 1304 dicitur
397 1265 404 1304 ι
417 1248 603 1308 Existimasti
616 1250 919 1322 taiqmqrtoderotot
931 1255 973 1311 si·
1025 1261 1079 1312 tur.
1108 1253 1176 1322 Quae
1201 1256 1273 1311 enim
1305 1254 1440 1319 ridentur,
1473 1253 1632 1325 temporalia
1657 1263 1734 1328 suntq
1761 1273 1824 1332 que

173 1338 251 1395 mitis
264 1335 441 1408 (Pratum,
458 1337 505 1412 ai)
525 1340 783 1411 :quoniamncuter
800 1339 889 1399 Deum
902 1342 974 1398 videt
1025 1353 1115 1400 autem
1138 1357 1193 1399 non
1214 1342 1350 1410 videntur,
1375 1349 1486 1398 aeterna.
1510 1343 1601 1410 Baeti,
1620 1343 1715 1416 inquit,
1740 1347 1823 1402 eritis

173 1427 218 1483 sed
235 1428 364 1483 mentitur
377 1426 504 1500 iniquitas
524 1427 590 1498 sibi,
601 1425 722 1484 lormaos
736 1427 789 1485 sibi
803 1428 905 1487 idolum
925 1445 973 1503 pro
1026 1448 1092 1488 cum
1105 1449 1152 1490 uos
1166 1431 1277 1490 oderim
1291 1431 1427 1497 tantae.
1438 1435 1466 1488 et
1475 1446 1542 1489 aum
1556 1435 1751 1504 separaverint
1765 1449 1823 1500 uos,

174 1517 289 1588 eoquod
299 1531 353 1572 non
362 1521 404 1572 est
415 1516 629 1588 ipseiicativero
638 1518 742 1574 mundo
753 1519 973 1590 eordc,quouiam
1026 1526 1055 1579 at
1069 1523 1212 1594 ejecerint,
1221 1525 1248 1578 et
1259 1520 1389 1578 dixerint
1398 1535 1479 1577 amate
1494 1521 1606 1578 cretum
1617 1521 1765 1581 attererem
1777 1539 1824 1583 ves

175 1601 228 1677 ipsi
242 1604 389 1662 soliDeum
401 1604 504 1673 vident,
520 1605 614 1662 solide
625 1621 658 1662 eo
670 1605 790 1662 sentiunt
800 1605 827 1660 in
838 1607 971 1666 bonitate:
1026 1611 1389 1682 accubentespropterme.
1399 1611 1562 1668 Gaardetcira
1572 1610 1824 1682 studuerimus

174 1693 245 1750 sicut
258 1709 321 1752 vere
334 1695 419 1752 bonus
434 1700 485 1764 est,
502 1694 540 1750 ita
558 1705 680 1752 utneme
694 1694 784 1750 bonus
799 1694 898 1752 sitnisi
914 1695 973 1766 ipse
1028 1701 1088 1755 tote
1098 1717 1107 1754 :
1117 1713 1180 1755 ecce
1194 1697 1271 1754 actm
1287 1711 1395 1756 recrees
1407 1703 1500 1756 uestra
1514 1701 1625 1770 copioso
1638 1703 1681 1756 ast
1691 1702 1724 1758 ic
1735 1702 1823 1772 caetis

174 1783 376 1842 beatimundo
398 1784 480 1840 corde
492 1786 626 1858 quostiam
645 1783 703 1857 ipsi
720 1785 810 1840 Deum
828 1783 972 1842 uidebant.
1026 1786 1163 1858 copiosior
1184 1785 1266 1859 longe
1286 1801 1366 1858 quem
1390 1786 1425 1842 sit
1447 1787 1524 1843 labor
1548 1788 1577 1842 in
1596 1787 1685 1844 terris.
1711 1789 1824 1848 Verom-

174 1871 267 1928 bliscri
280 1871 396 1944 proinde
408 1869 492 1928 Adam
506 1880 534 1928 ιι
559 1872 625 1938 lius,
639 1871 687 1945 qui
700 1871 825 1929 conuersi
849 1872 879 1928 in
892 1875 974 1931 serbe
989 1846 1013 1925 Β
1028 1881 1116 1930 umen
1137 1873 1203 1948 quid
1225 1873 1278 1929 sibi
1296 1873 1363 1939 auli,
1386 1874 1459 1945 quod
1479 1875 1575 1930 eadem
1588 1875 1732 1946 promissio
1755 1877 1825 1936 laets

174 1959 285 2016 molitiei
298 1963 331 2018 ad
341 1963 511 2018 excusandas
522 1958 747 2017 excusationesin
763 1959 890 2032 peccatis,
910 1963 974 2018 dum
1028 1970 1070 2021 est
1086 1963 1250 2037 pauperibus
1264 1969 1291 2018 ct
1307 1961 1480 2034 martyribus,
1495 1961 1547 2016 nisi
1560 1963 1623 2031 quia
1636 1980 1700 2021 uere
1718 1977 1824 2038 marty-

173 2048 353 2106 cenlessionis
381 2049 582 2106 mundationem
595 2049 712 2122 lugiunt,
729 2049 867 2108 immundo
882 2065 972 2108 rema·
1025 2052 1059 2107 rii
1074 2067 1160 2124 qenes
1184 2057 1329 2124 paupertas
1347 2049 1497 2106 voluntaria
1511 2051 1573 2106 esti
1594 2053 1695 2109 Beatus
1717 2055 1772 2120 uir,
1788 2055 1826 2111 ait

174 2143 240 2194 nent
253 2139 345 2210 eorde,
361 2145 388 2194 et
406 2154 421 2194 s
444 2139 513 2197 facie
527 2137 634 2195 Domini
648 2137 806 2210 ejiciuntur.
820 2139 969 2211 Sequitur:
1025 2139 1171 2210 Propheta,
1180 2141 1230 2212 qui
1237 2141 1301 2211 post
1311 2153 1417 2195 aarum
1426 2153 1485 2195 cort
1494 2137 1565 2194 abiit
1580 2153 1634 2196 saec
1653 2143 1825 2213 sperabitis

212 2229 478 2301 latieattpccifici,
494 2229 693 2301 quasiamfitii
713 2231 763 2286 Dei
784 2229 971 2288 vocabuntur.
1027 2228 1170 2286 tltescura's
1179 2227 1317 2299 pecuarias.
1330 2227 1443 2295 Quisem
1451 2227 1543 2296 bic,et
1554 2226 1731 2286 laudabimus
1740 2229 1826 2288 mm?

173 2315 268 2372 iterito
284 2316 330 2371 lilii
345 2318 454 2373 nomine
465 2317 642 2377 vocabuntur.
658 2315 706 2389 qni
720 2315 769 2371 lilii
787 2331 858 2388 opas
876 2316 973 2387 imple·
1029 2313 1824 2391 amireiscoimmiroiittotouiroscu(ucetiam,

173 2403 275 2462 verint.
293 2405 354 2478 lpse
370 2406 442 2462 enim
456 2417 509 2477 est,
536 2421 582 2478 per
597 2420 678 2477 quem
698 2403 864 2462 reconciliati
877 2420 972 2475 pacem
1026 2409 1053 2472 8,
1070 2407 1108 2473 9).
1123 2402 1195 2472 Quid
1212 2402 1371 2470 mirabilius,
1392 2411 1440 2459 aut
1453 2403 1527 2476 quod
1541 2403 1701 2475 martyrium
1715 2409 1826 2478 gratius

173 2494 306 2552 habemns
324 2495 360 2552 ad
374 2498 459 2552 Deum
480 2511 487 2549 :
505 2495 562 2567 ipse
576 2494 623 2566 qui
633 2492 783 2565 pacificavit
796 2493 825 2549 in
839 2494 973 2569 sanquine
1025 2501 1076 2559 est,
1093 2507 1175 2565 quam
1189 2491 1265 2548 inter
1279 2491 1375 2564 epulus
1389 2491 1505 2558 esurire,
1519 2489 1590 2547 inter
1612 2499 1702 2550 ιιιιιι
1727 2496 1826 2554 ιιιιιιι

173 2597 225 2638 ιιι
239 2599 300 2655 quae
314 2586 341 2640 in
360 2583 433 2640 celis
452 2593 525 2650 sunt,
541 2592 640 2656 etquae
654 2599 736 2654 super
754 2583 973 2650 oerrammedie·
1025 2591 1053 2639 et
1074 2579 1205 2652 pretiosas
1219 2581 1320 2652 alqere,
1346 2587 1503 2649 paupertate
1523 2580 1611 2651 premi
1624 2581 1695 2639 inter
1708 2583 1824 2654 divitias,

174 2679 216 2727 tor
229 2672 281 2730 Dei
296 2682 323 2729 et
337 2673 489 2738 bominum,
513 2673 597 2728 ltomo
612 2671 735 2728 cbristus
748 2670 837 2728 lesus.
867 2671 902 2728 Et
929 2677 972 2727 ιι-
1025 2667 1181 2742 quaesitost
1192 2666 1321 2734 mundus,
1331 2681 1401 2739 quas
1412 2675 1527 2724 ostentat
1544 2668 1688 2742 malignus,
1702 2687 1770 2742 ques
1780 2675 1828 2730 de-

173 2759 252 2816 iende
273 2763 503 2832 quemadmodum
524 2763 552 2815 in
582 2759 668 2816 imbus
696 2759 804 2832 quidem
837 2759 973 2831 prioribus
1025 2759 1127 2814 siderei
1145 2766 1238 2813 noster
1256 2757 1315 2828 ipse
1339 2755 1494 2828 appetitus?
1512 2758 1624 2813 Annon
1637 2761 1735 2818 merito
1750 2777 1830 2820 coro-

172 2847 288 2920 sibiipsi
303 2851 492 2906 reconciliator
505 2848 604 2918 anima;
617 2849 644 2904 in
655 2848 761 2904 duobus
774 2863 836 2920 quoe
850 2863 972 2922 sequun-
1025 2847 1133 2902 nabitnr
1146 2844 1193 2917 qui
1208 2843 1409 2910 siccerurerit,
1418 2843 1554 2900 mundum
1564 2844 1695 2915 abjiciens
1710 2851 1827 2919 promit·

173 2946 227 3004 tur,
243 2941 368 3010 proximo
385 2955 393 3004 ;
408 2940 436 2994 in
450 2946 537 3006 sexto,
552 2938 627 3008 Deo,
642 2936 671 2994 in
684 2935 800 3006 septimo
811 2936 893 2994 etiam
902 2937 973 2994 alios
1025 2935 1136 3001 ιιιιιιι,
1155 2932 1269 2990 irridens
1283 2932 1425 2988 inimicum
1440 2941 1599 3004 tentantem,
1623 2944 1661 3004 el,
1677 2938 1749 3008 quod
1764 2939 1828 3012 qlo-

173 3025 339 3093 recaneiliat,
356 3037 486 3098 tanquam
511 3035 636 3097 receptus
665 3024 822 3100 ingratiam
852 3027 970 3093 Domini,
1025 3023 1125 3080 riccius
1147 3032 1197 3090 est,
1218 3021 1253 3078 de
1268 3020 1414 3092 semetipso
1427 3020 1610 3094 triumphans,
1622 3029 1650 3079 et
1663 3024 1828 3100 crucifigens

172 3121 201 3171 et
216 3113 286 3171 lelici
301 3113 484 3171 familiaritate
499 3115 624 3170 donatus.
636 3115 706 3169 Nam
720 3122 884 3186 paupertate,
897 3131 975 3170 man·
989 3133 1012 3212 e
1028 3110 1272 3185 concupiscentiam
1290 3109 1467 3183 prurientem?
1478 3109 1600 3184 Denique
1610 3121 1753 3184 propterea
1762 3133 1827 3187 pau-

172 3203 329 3271 suetudine,
350 3203 414 3260 lletu
428 3203 616 3262 renovatoris
631 3203 723 3258 anime
736 3201 885 3260 similitudo
895 3220 973 3275 quse·
1030 3203 1138 3274 peribus
1153 3201 1254 3272 pariter
1271 3207 1299 3256 et
1311 3200 1476 3270 martyribus
1489 3214 1603 3273 requam
1619 3200 1750 3260 ooelorum
1765 3221 1828 3277 pro-

172 3294 236 3348 dam
251 3301 278 3348 et
300 3293 393 3366 imeqo
419 3291 577 3349 aeoernitatis
591 3291 682 3348 omnis
709 3301 833 3364 tempora
855 3296 973 3365 corripie-
1026 3291 1151 3360 mittitur,
1166 3290 1231 3361 quia
1245 3295 1391 3361 pauperate
1406 3287 1517 3358 quidem
1536 3287 1645 3359 emitur,
1661 3295 1709 3346 scd
1724 3292 1752 3348 in
1766 3311 1827 3365 pae-

172 3381 283 3450 cientis,
303 3382 367 3437 dum
391 3390 552 3454 paupertate
578 3379 671 3437 lutura
695 3390 824 3448 merctur,
844 3395 973 3438 mansue-
1026 3381 1104 3437 sione
1117 3393 1167 3452 pro
1187 3377 1295 3435 Christo
1317 3377 1422 3448 absque
1442 3376 1516 3432 omui
1530 3377 1658 3434 &latione
1669 3380 1825 3452 percipitur.

173 3470 266 3527 tudine
289 3469 342 3526 sibi
368 3470 515 3542 praesentia
543 3469 672 3537 uindicat,
698 3468 772 3526 luctu
807 3469 973 3542 paenitentiae
1337 3463 1454 3522 sesso
1474 3465 1509 3522 ll.

172 3559 309 3632 praeterita
329 3575 437 3632 quoque
464 3567 619 3630 recuperat,
642 3558 713 3616 sieut
738 3557 868 3630 scriptum
893 3567 935 3616 est
963 3581 970 3618 ε
1097 3561 1137 3618 lle
1150 3560 1229 3614 stetu
1242 3557 1408 3613 sauctorum
1421 3555 1490 3612 uate
1502 3557 1752 3616 recausationem.

173 3649 397 3721 decapitabatibi
406 3663 502 3707 martes
515 3665 606 3706 accos
628 3663 704 3707 meas
723 3649 757 3706 ιἰι
773 3648 969 3706 amaritudine
1062 3652 1089 3705 l.
1103 3648 1173 3720 Quia
1193 3649 1354 3704 Sanctorum
1374 3645 1496 3702 omnium
1518 3643 1646 3702 lestiaam
1666 3647 1759 3716 bodie,
1780 3648 1824 3704 di-
1917 3661 1920 3666 ·

170 3739 566 3810 arttmoemerellsui.xxasur,
579 3736 845 3809 li).Porrojustitie
858 3739 974 3794 etmise
1025 3737 1174 3809 lectissimi,
1195 3735 1322 3806 omnique
1341 3733 1527 3807 dignissimam
1554 3733 1699 3794 dovotione
1718 3751 1823 3793 memo-

171 3826 291 3885 ricordia
307 3827 426 3899 perlecta
438 3829 563 3901 proximo
580 3825 826 3891 cobaeremus,dum
841 3823 973 3899 quidquid
1025 3829 1092 3885 riam
1107 3827 1286 3889 celebramus,
1312 3835 1403 3896 operae
1417 3822 1534 3893 pretium
1550 3824 1664 3896 potede
1687 3828 1823 3883 commoni

171 3917 301 3974 nolumus
311 3917 391 3975 nobis
404 3917 473 3987 lieri,
488 3917 549 3972 aliis
563 3931 617 3972 non
627 3914 758 3972 iaciamus
771 3930 821 3987 per
830 3914 970 3986 jmtitirm
1025 3931 1119 3973 eorum
1132 3913 1270 3978 lelicitate,
1287 3911 1314 3966 in
1334 3925 1387 3984 qua
1405 3911 1482 3966 beata
1493 3913 1549 3982 jam
1564 3912 1658 3984 requie
1676 3912 1823 3984 pertruun-

170 4013 201 4062 et
216 4007 519 4080 quaecnnquesolumus
533 4015 563 4064 ut
576 4007 676 4062 ladani
690 4004 770 4061 nobis
795 4003 929 4071 homines,
944 4012 972 4060 et
1023 4012 1078 4074 tur,
1096 4005 1125 4062 et
1147 4002 1235 4058 lutura
1257 4015 1337 4070 quam
1366 3999 1554 4070 prestolantur
1578 4002 1820 4070 consummatione,

171 4111 224 4154 nos
237 4095 370 4152 iaciamus
385 4095 437 4152 illis
452 4108 501 4167 per
524 4093 748 4152 misericordiam.
766 4093 824 4148 tam
849 4092 971 4150 reconci-
1023 4095 1165 4164 adjurante
1187 4089 1290 4162 Spiritu
1308 4095 1402 4146 sancto
1420 4101 1574 4144 sermonem
1592 4089 1681 4145 t'aeere
1697 4090 1822 4149 charitati

170 4183 494 4258 liatinobis,reeoncilinti
527 4180 970 4256 etiamprosimo,bducialiterper
1022 4190 1130 4249 vestre,
1150 4179 1187 4235 ita
1205 4195 1282 4247 sane,
1304 4186 1333 4233 ut
1349 4191 1404 4232 non
1426 4173 1563 4247 opinionis
1582 4175 1699 4249 proprie
1725 4184 1821 4248 conje-

169 4274 333 4332 muaditiem
351 4275 441 4332 cordis
462 4271 667 4331 reconciliamur
694 4273 763 4330 Deo.
792 4272 868 4326 Beati
892 4285 968 4339 sero,
1023 4277 1121 4338 eiuras,
1146 4267 1194 4324 sed
1221 4265 1375 4324 divinorum
1405 4263 1536 4318 librorum
1558 4279 1657 4337 sequar
1679 4267 1823 4323 auetorita-

168 4365 216 4437 qui
233 4364 330 4421 desua
346 4362 563 4421 monciliatiooe
581 4376 637 4418 non
665 4361 774 4434 ingrati,
787 4368 814 4418 et
840 4375 892 4432 pro
910 4359 968 4415 lra-
1023 4368 1092 4431 tem,
1117 4373 1153 4413 ne
1173 4356 1333 4428 prophetare
1350 4352 1444 4410 uidear
1462 4351 1495 4408 de
1516 4353 1598 4408 eorde
1621 4368 1692 4423 meo,
1711 4358 1758 4410 sed
1778 4357 1820 4412 iu-

168 4453 264 4511 tribus
287 4453 342 4511 suis
354 4453 399 4526 pie
412 4450 530 4521 solliciti,
549 4467 598 4509 eos
613 4465 732 4524 quoque,
748 4457 879 4523 quantum
893 4463 969 4522 prae-
1024 4447 1102 4514 nitar,
1137 4446 1226 4517 quoad
1269 4451 1376 4516 potero,
1417 4441 1580 4498 testimoniis
1613 4441 1819 4514 scripturarum.
1865 4467 1868 4472 ·

168 4542 274 4610 taleni,
290 4549 317 4599 et
331 4543 394 4612 sibi,
407 4550 433 4599 et
449 4542 507 4598 Deo
528 4540 703 4598 reconciliare
717 4539 849 4596 laborant.
866 4537 970 4607 Quibus
1023 4537 1084 4591 Erit
1109 4537 1193 4606 euim,
1227 4536 1368 4604 praestante
1399 4529 1525 4598 manino,
1559 4529 1654 4602 triplex
1686 4531 1822 4588 sermonis

169 4633 244 4691 enim
259 4630 385 4689 laudibus
400 4631 524 4705 dignum,
539 4637 640 4702 quanto
654 4627 871 4701 amplectendum
890 4637 970 4698 putas
1022 4625 1104 4696 hujus
1125 4622 1238 4688 utilitas,
1252 4629 1385 4696 quatenus
1406 4619 1507 4690 agnita,
1522 4618 1564 4674 vel
1578 4633 1611 4674 ex
1628 4626 1705 4691 parte
1720 4619 1820 4691 aliqua,

169 4722 273 4780 aflectu
287 4720 492 4788 iratremillum,
517 4719 639 4792 quisine
664 4716 778 4790 querela
805 4731 968 4773 conversans
1024 4713 1097 4769 felici
1112 4709 1288 4768 retributione
1301 4713 1467 4773 sanctorum,
1483 4705 1673 4764 abundantiori
1693 4705 1821 4779 deinceps

168 4813 245 4868 inter
259 4811 367 4884 fratres,
383 4817 436 4866 tota
451 4809 629 4866 sollicitudine
645 4815 731 4879 caret,
754 4821 789 4861 ne
803 4805 909 4878 quidiu
934 4820 968 4862 eo
1022 4800 1203 4858 sollicitudine
1230 4798 1349 4868 ipsoram
1378 4794 1511 4850 inhaerere
1537 4793 1669 4869 uestigiis,
1707 4810 1739 4850 ac
1770 4795 1823 4854 ler-

169 4901 288 4974 sitquod
303 4902 338 4957 ab
352 4899 412 4956 aliis
427 4898 528 4970 portari
555 4903 701 4970 oporteet;
729 4895 754 4951 ei
776 4895 908 4968 quidquid
941 4894 969 4950 in
1022 4889 1138 4950 reuberi
1165 4885 1300 4944 desiderio
1328 4885 1361 4939 ad
1388 4897 1484 4939 corum
1510 4882 1647 4952 suspirare
1673 4883 1821 4982 consortia,

169 4990 230 5047 aliis
244 4997 287 5046 ιιι
301 5005 459 5056 onerosum,
472 4987 668 5060 pudentissima
677 4993 768 5058 portat
782 4985 796 5041 i
810 4987 856 5057 qui
871 4984 968 5058 singu·
1023 4975 1193 5052 propensiori
1205 4989 1313 5046 quoque
1337 4971 1483 5027 deuotione
1497 4972 1654 5068 eorumdem
1679 4986 1729 5029 nos
1748 4987 1822 5030 com.

169 5077 259 5136 lorum
274 5079 399 5136 mandale
413 5093 460 5135 saa
475 5084 581 5148 reputat
595 5096 603 5146 3
617 5075 665 5147 qui
688 5089 749 5132 cum
767 5073 899 5145 Apostolo
928 5075 969 5130 lo·
1022 5067 1152 5124 mendace
1167 5061 1322 5136 patrociniis
1346 5059 1512 5118 studeamus.
1528 5059 1625 5115 Fidelis
1641 5061 1743 5132 quippe
1765 5075 1822 5116 ser-

168 5169 264 5241 quitor
279 5186 286 5223 ι
304 5168 371 5236 Quis
385 5167 601 5226 scandalizatur
623 5171 651 5224 et
665 5180 782 5237 eqoaoa
802 5161 894 5221 urar?
908 5163 969 5236 quis
1022 5169 1078 5225 mo,
1105 5165 1132 5212 et
1158 5151 1233 5210 omni
1256 5149 1414 5221 acceptione
1438 5149 1548 5248 dignus,
1570 5157 1598 5248 ut
1617 5163 1688 5250 quos
1706 5149 1822 5204 solemni

167 5259 343 5328 infirmetur
361 5261 389 5316 et
414 5253 700 5330 eqoaaaiufirmor?
715 5252 759 5324 (ii
778 5253 840 5309 cor.
854 5266 893 5320 ar,
913 5249 971 5319 aa.)
1024 5245 1197 5307 veneratione
1230 5239 1430 5314 prosequimur,
1460 5244 1541 5338 ettam
1570 5243 1652 5292 simila
1679 5251 1822 5336 contem·

168 5347 254 5403 Beati
278 5347 394 5421 pacifici
414 5345 547 5419 quostiam
561 5344 618 5414 filit
639 5343 689 5398 net
709 5342 895 5398 sarciuntur.
909 5339 971 5394 Non
1024 5337 1098 5391 tione
1133 5347 1290 5405 sequantur:
1330 5343 1400 5401 quos
1432 5327 1602 5426 beatissimos
1631 5327 1822 5397 predicemus,

169 5443 214 5491 est
229 5435 304 5491 enim
318 5437 392 5493 Deus
404 5432 589 5502 dissensionis,
601 5431 649 5488 sed
663 5429 740 5503 pacis
755 5430 891 5500 :ideoque
900 5426 972 5483 lilios
1025 5424 1060 5480 ad
1083 5437 1176 5480 eorum
1204 5417 1399 5476 beatitudinem
1429 5423 1484 5473 tota
1512 5413 1639 5472 ιιιιιιιιιι
1665 5429 1822 5472 narramus:

168 5526 258 5600 pacis,
274 5525 324 5582 Dei
337 5539 445 5598 quoque
457 5523 527 5580 filios
540 5522 654 5594 dignum
667 5529 709 5578 est
722 5516 865 5593 appellari.
1027 5528 1142 5586 quorum
1169 5509 1335 5565 delectamur
1352 5504 1505 5577 preconiis,
1527 5503 1703 5604 sublevemur
1731 5517 1826 5602 eorum

209 5618 255 5672 lb.
271 5615 331 5672 tam
353 5629 416 5686 quse
438 5614 562 5685 sequitur
585 5619 680 5671 octaua
706 5606 855 5677 beatitudo,
871 5611 972 5677 marty·
1026 5599 1194 5675 patrociniis.
1223 5597 1281 5655 Nee
1310 5611 1374 5652 sane
1399 5610 1492 5667 parum
1526 5593 1666 5647 fructuosa
1692 5597 1826 5649 inuenitur

171 5721 235 5764 rum
260 5711 304 5763 est
320 5699 502 5782 praerogatiua
522 5721 529 5762 ι
549 5700 628 5774 cujus
645 5699 727 5757 nobis
755 5695 906 5756 telematius
922 5709 973 5750 nec
1027 5691 1158 5752 memoria
1175 5687 1272 5748 lesbia
1300 5698 1465 5753 sanctorum,
1494 5683 1665 5758 languorem,
1689 5689 1825 5756 teporem,
