3996 6350
121 472 158 530 19
684 469 727 530 llll
744 470 900 535 tbvtdttt
917 470 1032 536 ttotttd
1046 470 1155 534 struo
1174 471 1208 532 v.
1305 553 1309 560 β
1737 467 1773 527 50

119 593 281 667 supplicium
304 597 402 661 crucis,
417 603 514 669 sponte
532 595 630 654 obtulit
649 596 834 670 semetipsum.
856 597 917 654 Sint
935 615 959 694 Α
974 605 1088 672 possent
1100 614 1134 655 cx
1147 597 1284 655 desiderio
1298 597 1445 654 mundandi
1459 598 1549 654 cordis
1558 596 1587 653 id
1596 611 1680 671 agere
1695 595 1771 666 (om-

119 698 197 756 ergo,
209 683 232 739 si
245 683 364 741 dormire
379 685 502 742 volumus
514 686 593 744 inter
607 687 713 745 medios
723 687 822 758 cleros,
837 685 919 744 idest

118 768 188 826 duos
212 771 352 842 adventus,
367 788 470 846 penooe
490 781 590 830 nostrae
613 776 805 848 dooryeatotoe
829 776 917 845 (Psoi.

118 873 209 925 nnvrr,
226 863 269 932 rt)
293 859 437 916 :atillam
462 862 564 918 seilicet
588 863 713 920 virtutum
735 864 850 921 formam
873 873 917 922 te-

118 961 248 1016 neamus,
277 963 359 1020 quam
385 951 470 1007 verbo
504 959 531 1008 et
564 952 689 1022 exemplo
715 953 918 1010 commendavit

118 1034 241 1094 Christus
254 1053 375 1109 praesens
388 1039 416 1094 irr
430 1054 522 1096 carne.
540 1039 569 1094 ln
584 1049 698 1114 argento
714 1039 849 1113 siquidem
863 1058 917 1098 non

118 1125 267 1198 incongrue
287 1126 447 1200 intelligitur
468 1129 620 1186 humanitas
640 1130 710 1200 ejus,
726 1130 796 1188 sicut
809 1131 837 1186 in
851 1147 917 1188 auro

117 1211 256 1270 divinitas.

153 1305 180 1358 s.
206 1303 301 1360 Omnis
325 1305 417 1378 itaque
440 1305 526 1364 virtus
548 1315 640 1366 nostra
664 1315 717 1364 tam
740 1308 823 1385 longe
841 1318 917 1367 esta

118 1405 183 1446 vera
197 1391 306 1462 virtute,
316 1410 397 1466 quarn
411 1395 493 1468 longe
508 1403 550 1452 est
565 1399 599 1452 ab
614 1412 647 1452 ea
662 1395 747 1452 forma
764 1417 770 1452 :
788 1406 816 1454 et
829 1399 918 1455 omnis

118 1494 210 1549 penna
233 1488 324 1536 nostra
339 1482 372 1536 ad
392 1482 505 1538 nibilum
523 1485 604 1557 valet,
620 1485 643 1540 si
661 1501 717 1542 non
735 1485 816 1544 fuerit
833 1489 916 1544 dear-

117 1571 237 1636 genum:
253 1569 351 1643 lingna
366 1570 490 1642 quaedam
504 1587 596 1644 penna
610 1580 652 1629 est
669 1575 848 1646 paupertatis,
863 1593 917 1648 qua

118 1659 173 1710 tam
198 1654 254 1712 cito
277 1657 381 1713 volatur
395 1657 424 1713 in
439 1674 555 1731 ragnum
579 1661 719 1717 coelorum.
733 1661 800 1718 Nam
815 1662 843 1718 in
857 1664 917 1720 aliis

117 1741 335 1816 virtutibusque
349 1754 508 1818 sequuntur,
524 1747 667 1819 promissio
681 1748 773 1806 futuro
793 1757 916 1824 tempore

117 1830 251 1912 indicatur
272 1833 453 1906 :paupertati
477 1851 533 1892 non
554 1845 608 1893 tam
631 1838 809 1910 promittitur,
834 1857 915 1914 quam

117 1918 207 1976 datur.
227 1921 306 1978 Unde
321 1929 349 1978 et
368 1924 496 1994 praesenti
515 1931 638 1998 tempore
657 1927 828 1984 enuntiatum
848 1935 915 1986 est:

974 687 1019 742 nia
1042 686 1115 743 enim
1138 687 1166 744 in
1189 685 1361 743 confessione
1383 683 1528 758 lavantur),
1553 686 1604 742 nisi
1629 683 1702 758 quod
1725 698 1769 749 ea,

974 793 1035 848 quaa
1048 775 1101 848 ipsi
1124 783 1221 848 sponte
1244 775 1336 830 dicunt
1360 773 1430 843 aliis,
1444 773 1479 829 ab
1495 771 1554 828 allis
1572 774 1708 846 patienter
1722 789 1771 828 au-

973 864 1031 920 dire
1046 881 1101 922 non
1115 872 1228 938 possunt
1239 880 1245 918 :
1257 864 1303 937 qui
1317 863 1340 918 si
1354 879 1417 919 vere
1432 861 1557 916 mundari
1570 861 1769 928 desiderarent,

972 961 1002 1010 ut
1015 955 1154 1023 videntum
1171 969 1226 1011 nou
1241 953 1420 1018 irritarentur,
1437 950 1486 1007 sed
1500 950 1634 1005 haberent
1648 951 1688 1005 eis
1704 967 1769 1025 gra-

972 1042 1047 1106 tiam,
1073 1044 1119 1116 qui
1142 1059 1205 1098 suas
1227 1041 1282 1097 illis
1304 1039 1423 1096 maculas
1447 1039 1675 1095 demonstrarent.
1701 1039 1770 1094 Sunt

972 1131 1058 1187 etalii
1071 1131 1118 1204 qui
1134 1131 1157 1186 si
1171 1131 1296 1188 viderent
1310 1129 1465 1202 quempiam
1480 1127 1523 1184 vel
1536 1126 1635 1184 leviter
1649 1123 1768 1181 scauda-

971 1219 1091 1288 lizatum,
1106 1221 1184 1277 valde
1199 1219 1306 1276 solliciti
1320 1229 1382 1275 sunt
1397 1216 1533 1290 quomodo
1555 1230 1617 1271 eum
1631 1213 1659 1268 in
1673 1229 1769 1284 pacem

973 1309 1106 1366 reducere
1130 1308 1251 1381 possint3
1270 1316 1298 1364 et
1311 1307 1469 1366 viderentur
1492 1303 1607 1376 pacifici,
1623 1301 1676 1358 nisi
1697 1300 1770 1373 quod

972 1411 1066 1452 eorum
1095 1395 1251 1463 commotio,
1274 1395 1297 1451 si
1327 1393 1395 1451 forte
1423 1393 1572 1467 quidquam
1599 1393 1695 1448 contra
1722 1403 1771 1444 eos

973 1485 1069 1540 lactum
1086 1485 1223 1542 dictumve
1242 1485 1380 1540 videbitur
1402 1481 1506 1538 tardius
1519 1478 1655 1538 universis
1669 1476 1771 1550 poterit

972 1571 1161 1646 difficiliusque
1184 1572 1275 1629 sedari
1300 1591 1305 1629 :
1329 1573 1375 1644 qui
1397 1572 1523 1628 nimirum
1547 1569 1570 1625 si
1587 1584 1653 1626 vere
1676 1581 1771 1639 pacem

971 1635 1127 1733 diligerent,
1142 1661 1213 1717 haud
1235 1660 1347 1718 dubium
1368 1661 1435 1733 quin
1454 1675 1515 1717 eam
1534 1665 1690 1732 quaererent
1703 1655 1771 1744 sibi-

970 1766 1047 1822 rpsrs.

1006 1842 1034 1895 7.
1048 1841 1264 1910 Deargeutemus
1288 1853 1354 1910 ergo
1379 1851 1484 1909 pennas
1506 1843 1614 1891 nostras
1628 1833 1656 1889 in
1670 1831 1769 1890 Christi

971 1927 1189 1996 conversatione,
1218 1928 1286 1984 sicut
1314 1934 1342 1982 et
1369 1933 1504 1997 martyres
1531 1922 1618 1980 sancti
1645 1922 1769 1979 laverunt

121 2010 258 2076 Quoniam
268 2011 394 2082 ipsorum
404 2016 576 2086 estrepaeio
587 2015 722 2072 coelorum
733 2035 742 2072 :
753 2032 814 2072 curn
824 2016 852 2072 iu
862 2034 916 2074 cae·
933 2005 955 2082 Β
971 2016 1054 2074 stolas
1073 2031 1135 2072 suas
1149 2015 1177 2070 in
1192 2016 1250 2086 ejus
1271 2013 1408 2086 passione.
1429 2011 1578 2077 imitemur,
1594 2009 1684 2082 quoad
1703 2023 1770 2080 pos-

118 2095 182 2151 teris
192 2096 551 2168 dieturzttoeredttoouna
562 2104 791 2172 consolabuntur,
801 2112 829 2161 et
838 2106 914 2162 simi-

115 2183 151 2240 lia
165 2185 283 2255 (lfotth,
295 2202 324 2254 v,
335 2187 402 2260 3·9).
414 2188 543 2246 Videmus
553 2200 643 2248 autem
654 2208 788 2264 pauperes
798 2195 912 2268 aliquos,

114 2272 161 2344 qui
178 2273 200 2328 si
214 2290 307 2332 veram
321 2275 456 2334 habereut
469 2287 659 2350 paupertatem
671 2297 727 2337 non
741 2283 810 2340 adeo
826 2284 913 2356 pusil-

114 2361 228 2419 lanimes
256 2362 444 2422 invenirentur
471 2376 500 2423 et
527 2368 627 2436 tristes,
647 2375 741 2442 utpote
768 2386 859 2444 reges,
885 2381 912 2431 et

114 2465 195 2522 reges
209 2452 279 2508 coeli.
292 2453 345 2510 Sed
361 2455 387 2508 bi
402 2463 466 2510 sunt
481 2457 526 2528 qui
541 2473 676 2528 pauperes
689 2474 750 2514 esse
765 2459 868 2526 volunt,
879 2477 913 2518 eo

115 2544 206 2596 tamen
235 2549 325 2612 pacto,
349 2551 378 2598 ut
406 2544 473 2600 nihil
502 2543 542 2602 eis
570 2544 650 2612 desit,
676 2554 704 2602 et
732 2547 771 2603 sic
799 2547 914 2622 diligunt

114 2635 314 2698 paupertatem,
328 2638 359 2685 ut
372 2631 473 2688 nullam
494 2631 613 2704 inopiam
636 2632 783 2705 patiantur.
805 2636 873 2692 Sunt
886 2647 915 2693 et

113 2713 160 2769 alii
175 2714 265 2784 mites,
281 2717 331 2774 sed
344 2720 465 2791 quandiu
489 2719 556 2776 nihil
574 2720 682 2787 dicitur,
698 2723 741 2778 vel
759 2724 849 2794 agitur
862 2725 913 2781 nisi

113 2818 164 2875 pro
178 2818 272 2860 eorum
287 2806 417 2875 arbitrio;
434 2808 539 2878 patebit
553 2814 643 2865 autem
666 2825 747 2882 quam
761 2810 844 2882 longe
857 2811 914 2867 sint

112 2906 208 2948 avera
227 2895 444 2963 mansuetudine,
461 2897 482 2951 si
498 2895 565 2953 levis
590 2896 694 2953 oriatur
716 2898 833 2955 occasio.
848 2901 913 2958 ttaee

112 2981 290 3037 mansuetudo
309 2983 446 3054 quomodo
465 2984 648 3052 hereditabit,
663 3002 725 3059 quaa
744 2995 808 3044 ante
822 2987 911 3044 haere-

111 3068 224 3125 ditatam
239 3068 350 3127 deficit?
359 3071 433 3128 Alios
446 3089 557 3146 quoque
571 3074 698 3148 lugentes
712 3075 790 3132 video
807 3093 813 3130 :
830 3078 879 3133 sed
890 3077 910 3132 si

109 3157 145 3212 de
159 3157 242 3214 eorde
266 3159 453 3231 procederent
474 3161 526 3219 illae
540 3162 676 3236 lacrymae,
693 3179 748 3221 neu
763 3172 816 3220 tam
833 3164 911 3222 facile

109 3246 181 3303 illico
199 3247 371 3305 solverentur
385 3249 413 3306 iu
428 3250 523 3308 risum
538 3254 618 3310 Nunc
634 3261 724 3310 autem
743 3269 805 3310 cum
817 3255 911 3312 abun-

110 3334 219 3392 dantius
242 3337 333 3394 otiosa
356 3340 439 3396 verba
463 3349 492 3397 et
513 3342 637 3398 scurrilia
659 3343 807 3416 profluant,
827 3358 947 3444 quamc

109 3423 186 3494 prius
199 3424 339 3498 laerymae3
354 3428 488 3500 lacrymas
502 3430 657 3502 hujusmodi
671 3432 707 3489 de
721 3432 764 3488 his
778 3449 840 3490 esse
854 3449 910 3491 non

109 3513 241 3578 arbitror,
267 3516 365 3588 quibus
381 3517 464 3576 ⁷28
479 3521 627 3579 consolatio
637 3521 910 3595 divinapromittitur‚

107 3603 329 3676 quandoquidem
353 3615 414 3678 post
428 3608 487 3664 illas
502 3614 557 3665 tam
583 3608 662 3667 facile
686 3611 836 3668 consolatio
849 3611 910 3668 vilis

107 3690 266 3748 admittitur.
296 3691 350 3748 Alii
379 3703 435 3748 tam
462 3697 639 3753 vehementer
670 3703 765 3753 eontra
795 3698 909 3756 aliorum

108 3778 208 3836 delicta
231 3779 353 3836 zelantur
373 3789 403 3838 ut
423 3781 512 3840 videri
534 3791 648 3856 possent
672 3786 776 3843 esurire
793 3793 821 3844 et
834 3787 910 3847 sitire

1 3925 2 3930 ,
107 3865 248 3938 justitiam,
264 3868 287 3924 si
302 3879 376 3925 esset
389 3870 461 3941 apud
476 3887 523 3929 oos
538 3871 573 3928 da
587 3873 644 3930 suis
662 3889 772 3946 quoque
791 3877 910 3947 peccatis

105 3951 180 4010 idem
193 3955 339 4026 iudicium3
355 3956 405 4012 sed
418 3973 492 4014 nunc
507 3961 613 4029 pondus
628 3967 655 4016 et
669 3961 787 4034 pondus,
802 3965 909 4019 utrum-

107 4056 161 4112 que
176 4043 341 4100 abominatio
357 4051 399 4100 est
412 4047 484 4118 aqud
499 4047 587 4102 Deum
602 4049 695 4121 (Pron.
711 4065 762 4116 xx,
773 4053 828 4120 13).
839 4053 909 4108 Nam

105 4130 278 4188 eontraalios
287 4139 342 4187 tam
352 4132 528 4206 impudenter
543 4152 625 4208 quam
640 4137 759 4194 inaniter
772 4147 908 4198 aestuant:

106 4217 215 4289 seipsos
228 4224 283 4276 tam
296 4218 459 4292 insipienter
472 4239 552 4295 quam
568 4225 700 4282 inutiliter
714 4228 835 4299 palpant.

143 4309 169 4360 6.
187 4307 256 4362 Sunt
270 4306 315 4363 alli
329 4309 519 4367 misericordes
532 4313 567 4368 de
582 4313 625 4368 his
639 4330 699 4386 quae
714 4315 749 4370 ad
763 4316 839 4388 ipsos
853 4331 906 4372 non

1 4383 3 4393 ¹
105 4393 261 4464 pertinent3
277 4397 323 4468 qui
337 4398 565 4466 scandalizantur,
580 4401 603 4456 si
618 4418 673 4458 non
688 4403 767 4460 datur
781 4403 907 4460 omnibus

105 4482 288 4552 abundanter,
304 4486 341 4542 sie
356 4493 458 4558 tamem
473 4496 504 4545 nt
517 4489 617 4561 ipsine
632 4491 659 4546 in
675 4491 782 4550 modico
796 4491 907 4564 quidem

105 4581 257 4645 graventur
271 4591 278 4628 ε
294 4574 340 4646 qui
354 4575 377 4632 si
392 4576 582 4634 misericordes
596 4586 699 4646 essent,
708 4580 742 4636 de
752 4595 801 4637 suo
815 4580 906 4638 faeere

106 4663 243 4720 deberent
266 4663 481 4734 misericodiam;
500 4666 523 4722 si
544 4683 598 4724 non
623 4675 734 4740 possent
747 4669 782 4726 de
798 4679 906 4726 terrena

971 2120 1073 2171 sumus,
1090 2119 1152 2160 eum
1166 2102 1213 2175 qui
1229 2102 1268 2158 sic
1289 2102 1383 2159 dilexit
1401 2105 1600 2174 paupertatem,
1614 2105 1654 2168 ut,
1670 2113 1768 2170 quam-

972 2195 1010 2272 vis
1025 2194 1053 2248 in
1068 2195 1127 2264 ejus
1142 2209 1224 2249 manu
1238 2200 1331 2250 essent
1345 2191 1415 2248 fines
1431 2199 1522 2258 terrae,
1538 2197 1628 2246 tamen
1645 2203 1700 2244 non
1716 2189 1767 2243 ha-

972 2281 1031 2338 buit
1044 2280 1092 2338 ubi
1104 2289 1185 2353 eaput
1200 2281 1344 2340 reclinaret
1358 2281 1435 2354 (luc.
1457 2296 1499 2347 ιι,
1515 2278 1580 2350 58);
1595 2278 1675 2333 itaut
1690 2276 1771 2332 disei-

972 2371 1050 2443 pulos
1065 2371 1236 2426 adhaerentes
1250 2369 1276 2426 ei
1289 2369 1412 2442 legamus
1424 2368 1495 2425 fame
1511 2365 1666 2436 compulsos
1679 2365 1769 2436 spicas

973 2458 1098 2514 manibus
1116 2457 1291 2524 confricasse,
1307 2474 1368 2514 cum
1383 2473 1433 2528 per
1447 2465 1505 2513 sata
1524 2455 1670 2511 transirent
1689 2455 1766 2524 (luo.

973 2564 1012 2618 vr,
1030 2547 1056 2617 1)
1073 2561 1079 2601 :
1096 2546 1197 2620 qtrique
1218 2556 1344 2618 unquam
1357 2543 1415 2602 ovis
1431 2545 1465 2600 ad
1486 2543 1649 2600 occisionem
1673 2542 1769 2598 ductus

972 2645 1024 2708 est,
1039 2643 1068 2691 et
1081 2634 1149 2690 sicut
1166 2650 1253 2709 agnus
1275 2649 1366 2691 coram
1390 2632 1520 2689 tondente
1539 2647 1568 2686 sc
1583 2630 1726 2695 obmutuit,
1743 2634 1771 2686 et

971 2741 1025 2782 non
1049 2723 1156 2796 aperuit
1170 2738 1201 2778 os
1215 2739 1293 2780 suum
1315 2724 1380 2795 (loo.
1402 2738 1462 2788 ιιιι,
1475 2722 1502 2792 7)
1529 2736 1632 2793 :quem
1648 2727 1675 2775 et
1688 2736 1771 2793 super

970 2814 1099 2868 Lazarum
1120 2817 1148 2866 et
1165 2827 1247 2884 super
1265 2810 1400 2866 civitatem
1420 2809 1528 2866 flevisse
1550 2809 1641 2877 (loon.
1658 2823 1698 2878 ιι,
1714 2813 1767 2878 35;

971 2903 1034 2957 Luc.
1050 2915 1112 2965 ιιι,
1122 2898 1180 2967 tr),
1191 2904 1217 2954 et
1232 2897 1260 2953 iu
1276 2896 1444 2954 orationibus
1458 2903 1637 2968 pernoctasse
1653 2894 1769 2972 legimus

968 2987 1048 3059 (tac.
1065 3003 1102 3054 vr,
1116 2988 1159 3059 12)
1170 3006 1175 3054 ;
1188 2985 1280 3042 risisse
1295 3001 1360 3042 vero
1375 2992 1419 3041 aut
1431 2987 1537 3057 jocasse
1553 2986 1593 3055 (6)
1609 3001 1742 3057 nusquam
1761 3004 1767 3040 :

967 3076 1014 3149 qui
1032 3075 1072 3132 sie
1084 3073 1195 3132 esurivit
1209 3075 1353 3146 justitiam,
1370 3083 1399 3130 ut
1413 3090 1474 3130 oum
1488 3073 1596 3148 propria
1611 3089 1665 3129 non
1680 3075 1767 3130 habe-

967 3175 1020 3232 ret,
1045 3171 1148 3222 tautam
1177 3180 1227 3236 pro
1253 3163 1494 3235 peccatisnostris
1518 3179 1534 3218 a
1556 3163 1647 3235 seipso
1676 3164 1767 3234 eregit

967 3253 1189 3311 satisfactionem.
1213 3253 1291 3310 Unde
1306 3253 1333 3307 in
1348 3269 1428 3308 cruce
1443 3251 1509 3308 nibil
1531 3253 1603 3308 aliud
1628 3269 1708 3325 quam
1720 3254 1766 3324 ju·

968 3343 1068 3398 stitiam
1083 3343 1200 3408 sitiebat,
1214 3342 1260 3415 qui
1275 3358 1323 3416 pro
1338 3341 1454 3398 inimicis
1468 3341 1536 3397 meri
1550 3357 1605 3398 non
1620 3341 1764 3408 dubitavit,

967 3440 995 3488 et
1015 3431 1102 3490 oravit
1129 3447 1179 3503 pro
1207 3430 1411 3488 crucifixoribus
1439 3430 1494 3486 suis
1519 3445 1525 3485 :
1551 3429 1596 3503 qui
1626 3439 1765 3502 peceatum

965 3536 1021 3578 nen
1045 3520 1117 3590 feeit,
1143 3529 1169 3578 et
1191 3519 1318 3592 imposita
1340 3519 1390 3577 sibi
1412 3519 1447 3574 ab
1471 3517 1530 3574 aliis
1554 3519 1689 3590 patienter
1712 3535 1764 3574 au-

964 3610 1041 3682 divit,
1057 3609 1103 3683 qui
1121 3625 1172 3683 pro
1188 3607 1396 3666 reconciliandis
1410 3607 1463 3664 sibi
1478 3608 1667 3682 peccatoribus
1688 3614 1765 3663 tauta

964 3699 1100 3756 sustinuit.

1278 3787 1395 3846 stilttto
1415 3784 1447 3845 V.

1030 3879 1068 3934 lle
1081 3876 1171 3934 aredio
1184 3875 1318 3940 advectu,
1333 3880 1362 3932 et
1377 3875 1485 3947 tripiici
1500 3875 1693 3934 inuocatione.

1002 3969 1027 4020 1.
1042 3963 1166 4020 Diximus
1180 3980 1267 4034 nuper
1281 3963 1323 4020 lris
1337 3964 1384 4036 qui
1397 3965 1645 4040 deargentaverunt
1659 3980 1764 4035 pennas

963 4069 1037 4119 suas,
1052 4051 1242 4108 dormiendum
1263 4053 1335 4112 inter
1355 4053 1460 4108 medios
1482 4052 1578 4122 eleros,
1591 4052 1660 4108 duos
1674 4052 1760 4126 signi-

963 4139 1076 4198 ficantes
1095 4141 1229 4197 adventus
1253 4159 1261 4194 ι
1284 4141 1333 4196 sed
1352 4140 1399 4196 ubi
1428 4141 1462 4196 sit
1489 4140 1678 4196 dormiendum
1698 4157 1762 4200 non

962 4231 1088 4288 diximus.
1105 4229 1210 4286 Tertius
1232 4229 1306 4286 enirn
1324 4229 1434 4302 quidam
1449 4229 1582 4285 adventus
1596 4234 1638 4284 est
1656 4229 1763 4315 medius

961 4319 1033 4374 inter
1052 4318 1129 4386 illos;
1145 4317 1173 4374 in
1187 4333 1241 4390 quo
1263 4316 1463 4374 delectabiliter
1488 4315 1623 4373 dormiunt
1638 4316 1685 4390 qui
1700 4331 1762 4388 eum

961 4414 1071 4462 norunt.
1088 4404 1128 4460 llll
1142 4408 1218 4462 enirn
1236 4407 1290 4464 duo
1312 4404 1450 4462 manifesti
1472 4413 1546 4471 sunt,
1565 4405 1613 4458 sed
1629 4419 1684 4460 non
1699 4404 1760 4487 iste.

963 4496 994 4550 lu
1007 4494 1091 4567 priori
1106 4493 1218 4566 quidem
1236 4495 1263 4550 in
1281 4496 1360 4552 terris
1383 4494 1465 4560 visus,
1482 4501 1584 4550 etcum
1607 4493 1762 4570 hominibus

962 4589 1136 4640 conversatus
1151 4590 1213 4652 est;
1230 4586 1348 4656 quando,
1364 4584 1433 4638 sieut
1453 4582 1512 4654 ipse
1534 4588 1658 4648 testatur,
1675 4583 1702 4638 ef
1716 4583 1760 4640 ui·

962 4676 1109 4742 deruebat
1124 4673 1341 4743 coeraarjttoon.
1352 4689 1402 4737 xv,
1414 4672 1508 4743 21).1ιι
1524 4673 1680 4742 posteriore
1695 4687 1761 4728 vero

106 4752 269 4818 substantia,
284 4754 319 4808 de
342 4754 480 4812 voluntate
505 4755 576 4814 hona
599 4757 697 4814 darent
720 4759 761 4814 his
775 4759 822 4832 qui
836 4759 906 4818 forte
922 4741 944 4818 ὓ
961 4765 1062 4821 uidebit
1076 4764 1168 4818 omnis
1181 4778 1246 4818 coro
1261 4762 1386 4818 solutore
1401 4763 1449 4818 Dei
1464 4763 1555 4818 nostri
1570 4761 1646 4831 (luo.
1664 4775 1704 4826 ru,
1716 4761 1758 4833 6);
1796 4794 1810 4814 ι

1 4889 2 4892 ,
105 4846 203 4897 contra
217 4855 267 4895 cos
282 4856 396 4911 peceare
407 4843 576 4912 viderentur,
586 4846 797 4921 indulgentiam
810 4849 907 4906 darent

107 4929 188 4986 dulce
209 4927 327 5003 signum,
342 4929 455 4987 verbum
474 4934 585 5001 bonum,
601 4939 674 5010 quod
694 4945 737 4995 est
754 4953 838 5010 super
855 4939 906 4994 da-

106 5029 164 5076 tum
188 5017 334 5088 optimum,
357 5029 387 5074 ut
411 5035 506 5078 eorum
529 5033 635 5082 mentes
659 5027 694 5082 ad
716 5026 906 5098 poenitentiam

1 5185 2 5188 Ἴ
106 5111 300 5177 provocarent.
325 5105 451 5179 Denique
475 5119 503 5166 et
527 5112 578 5179 his,
594 5121 622 5169 et
644 5114 772 5172 omnibus
795 5132 864 5190 quos
879 5117 907 5172 in

106 5201 219 5266 peccato
235 5209 296 5252 esse
310 5207 520 5270 cognoscerent,
536 5203 750 5273 compassionem
761 5205 907 5278 impende-

106 5291 182 5349 rent,
205 5289 234 5340 et
259 5283 421 5342 orationem.
447 5287 575 5361 Alioquin
598 5281 907 5352 misericordia'eorum

1 5377 6 5390 ”
108 5372 182 5430 ιιιι11ιι
202 5382 253 5442 est,
277 5382 304 5434 et
327 5376 541 5434 misericordiam
571 5393 774 5454 consequuntur
794 5385 906 5442 nullom.

0 5465 2 5468 ’
108 5463 177 5520 ltem
200 5473 263 5521 sunt
288 5465 333 5538 qui
357 5473 470 5538 peccata
486 5483 534 5526 sua
548 5467 587 5527 sic
601 5470 765 5530 confitentur
778 5481 808 5532 ut
822 5474 909 5532 videri

0 5723 1 5742 2
145 5661 184 5730 (6)
200 5658 282 5742 Alias,
294 5663 432 5742 jocatum.
460 5665 513 5722 Sed
537 5666 712 5738 manuscripti
735 5671 845 5738 habeut,
863 5678 906 5744 jo·

108 5747 186 5790 corre
201 5751 210 5788 :
230 5731 292 5790 huet
307 5749 378 5790 enrm
388 5739 451 5807 joco
464 5752 515 5810 pro
530 5741 605 5806 iecor
618 5741 766 5806 nonfaoile
780 5744 840 5816 quis
855 5737 907 5803 hoc

962 4861 989 4912 et
1003 4852 1137 4911 videbunt
1151 4853 1182 4907 in
1197 4867 1278 4926 patera
1294 4852 1503 4921 transfixerunt
1520 4851 1612 4924 (loon.
1629 4867 1689 4922 ιιι,
1702 4853 1758 4922 37).
1896 4928 1902 4937 ι

961 4942 1066 5000 lledius
1088 4940 1209 4998 occultus
1224 4947 1276 5004 est,
1292 4940 1318 4994 in
1334 4956 1388 5012 quo
1413 4940 1462 4996 seli
1483 4957 1544 4996 eum
1564 4940 1592 4995 in
1608 4939 1705 5012 seipsis
1719 4941 1761 5011 vi·-

962 5030 1029 5086 dent
1046 5029 1135 5101 electi,
1151 5037 1179 5085 et
1192 5028 1272 5084 salvae
1297 5026 1363 5084 liunt
1387 5027 1483 5084 animae
1505 5044 1607 5084 eorum.
1625 5029 1655 5082 ln
1671 5029 1759 5098 primo

962 5133 1028 5193 ergo
1048 5116 1163 5174 venitin
1177 5131 1259 5173 carne
1275 5122 1302 5173 et
1315 5115 1487 5184 infirmitate;
1505 5117 1533 5172 in
1547 5117 1599 5171 boc
1616 5116 1716 5186 medio,
1732 5116 1759 5171 in

962 5208 1057 5279 spiritu
1072 5213 1099 5264 et
1113 5207 1230 5274 virtute;
1246 5209 1274 5260 in
1292 5205 1397 5275 ultimo,
1412 5207 1439 5262 in
1457 5205 1542 5278 gloria
1563 5215 1591 5261 et
1604 5207 1757 5275 majestate.

962 5297 1012 5370 Per
1041 5296 1167 5352 virtutem
1185 5292 1355 5351 ”ilenim
1369 5295 1530 5366 pervenitur
1557 5295 1592 5348 ad
1607 5292 1720 5364 gloriam
1751 5309 1757 5348 :

962 5383 1024 5458 quia
1039 5385 1172 5442 hortinas
1194 5384 1337 5441 virtutum
1355 5385 1414 5456 ipse
1428 5387 1469 5440 est
1483 5386 1543 5440 ltee
1556 5383 1653 5455 ytorioe
1671 5383 1757 5450 (Psoi,

962 5489 1043 5540 ιιιιι,
1055 5476 1110 5544 10.)
1121 5475 1156 5529 Et
1170 5471 1235 5529 item
1249 5472 1312 5528 alibi
1327 5472 1363 5528 ait
1374 5472 1447 5529 idem
1462 5470 1595 5543 propheta
1611 5486 1617 5525 :
1636 5473 1668 5530 llt
1683 5471 1759 5528 oide-

961 5687 1019 5730 vero
1034 5671 1142 5740 dixerit,
1153 5673 1181 5729 in
1197 5671 1383 5744 superioribus
1399 5678 1488 5729 tamen
1499 5669 1606 5730 saeeulis
1619 5670 1758 5743 sepiusse

959 5745 1051 5818 offert,
1068 5743 1155 5819 inquit
1168 5745 1288 5804 Vossius.
