4064 6344
138 384 217 454 otta

774 369 946 434 sandonus
965 369 997 428 lN
1018 367 1165 427 UANTIGA.

1722 369 1792 430 litto

146 508 308 576 illidamur
322 509 431 580 aspiret
441 507 541 575 diasat
556 507 736 561 metiamtur
749 501 858 558 aratra
869 517 877 553 :
888 511 949 584 nou¹
958 506 983 585 fl
997 493 1164 558 alterutrum,
1192 493 1335 548 dementi&
1361 501 1412 550 esf·
1428 492 1480 552 Sed
1501 493 1563 550 vide
1586 509 1619 552 nc
1642 495 1711 552 forle
1724 496 1791 553 alias

146 598 365 656 inconvenienter
393 597 497 654 utrovis
525 595 659 667 assignas.
680 593 737 648 Hoc
755 605 820 646 sane
847 588 938 651 refert,

146 688 220 758 quod
241 687 327 744 donec
346 686 368 742 si
384 685 471 757 primo
487 683 622 754 junxeris,
647 680 807 736 inclusivum
835 681 941 748 oportet

147 775 304 848 intelligam
319 777 340 830 si
356 773 456 839 medio,
473 771 639 828 exclusivum
654 769 755 826 senties
768 781 877 823 necesse
888 771 939 821 εει.

145 863 209 919 Εειο
223 879 322 933 nempe
336 863 408 934 quod
422 862 549 931 designat
568 874 684 934 sponsus
710 859 782 928 pasci
796 858 853 927 Jam
871 855 942 910 inter

146 950 212 1020 filie,
228 951 273 1006 ubi
299 949 464 1021 aspiraverit
481 950 554 1005 dies:
571 947 696 1020 nunquid
710 946 832 1002 similiter
846 951 940 1001 cessa-

147 1038 184 1094 bit
197 1039 277 1094 etiam
298 1053 406 1110 sponsae
419 1037 558 1093 intendere
572 1044 618 1092 aut
636 1035 696 1106 ipsa
711 1035 748 1088 illi
762 1035 777 1089 f
798 1031 891 1089 Absit!
909 1033 939 1086 ln

146 1136 279 1182 aeternum
293 1128 507 1198 perseverabunt
521 1124 584 1190 sibi,
597 1124 648 1179 nisi
664 1123 735 1195 quod
749 1129 810 1178 tuno
824 1120 940 1185 felicius,

146 1230 207 1271 oum
236 1215 447 1281 vehementius;
475 1223 538 1270 tunc
557 1213 749 1278 vehementius,
766 1226 828 1266 eum
855 1227 941 1283 cxpe-

147 1303 241 1359 ditins
257 1303 296 1360 Sit
311 1317 378 1374 ergo
395 1302 446 1358 tale
469 1303 521 1358 hoc
535 1301 632 1369 donea,
647 1301 726 1372 quale
740 1309 779 1356 est
793 1300 858 1356 illud
872 1302 942 1371 apud

147 1391 312 1458 lfattbaum,
334 1393 379 1447 ubl
415 1397 537 1445 narratur
565 1404 619 1444 non
652 1387 810 1458 cognovisse
834 1389 943 1446 ldariam

146 1481 260 1553 ioseph,
287 1482 374 1538 donce
405 1483 515 1554 peperit
540 1481 641 1536 Filiam
665 1496 749 1536 sunm
766 1480 942 1552 primapeni-

138 1573 211 1624 ¹tam
231 1568 343 1640 (ffattlr.
363 1584 382 1636 1,
400 1567 465 1639 25):
486 1567 629 1624 nonenim
656 1574 719 1638 post
738 1567 876 1638 cognovit.
894 1569 943 1624 Vel

997 582 1050 637 illis
1068 582 1235 647 delectatum
1265 597 1326 637 uam
1345 589 1449 640 constat
1463 584 1600 650 delectari,
1617 585 1663 640 sed
1678 583 1791 642 forsitan

995 679 1060 741 peta
1074 672 1160 744 megia
1173 685 1252 742 quam
1268 682 1355 743 pastu.
1375 673 1445 728 Sane
1459 673 1486 726 in
1507 680 1626 744 tempore
1639 681 1664 730 et
1678 689 1791 747 corpore

995 760 1059 828 islo,
1075 761 1149 815 nulla
1163 768 1254 815 nostra
1269 761 1354 816 virtus
1373 761 1411 816 ita
1424 761 1459 818 ad
1474 778 1571 834 purum
1586 761 1789 834 detenuerit,

995 849 1068 904 nulla
1077 851 1114 904 ita
1127 849 1216 906 suavis
1229 856 1255 905 et
1269 865 1353 916 mera,
1368 857 1399 904 ut
1411 865 1514 922 sponso
1529 851 1625 907 habilis
1645 853 1679 908 sit
1691 853 1725 908 ad
1740 869 1791 922 po-

997 939 1115 994 tandum.
1132 939 1182 994 Sed
1201 939 1246 1010 qni
1275 939 1334 995 vult
1355 953 1448 994 omnes
1475 941 1598 995 homines
1613 941 1703 997 salvos
1721 941 1791 1007 fueri,

996 1025 1257 1094 dissimulatmulta,
1283 1035 1312 1082 ει
1335 1043 1415 1098 quam
1430 1043 1483 1082 non
1508 1036 1595 1098 potest
1616 1031 1724 1100 potandi
1747 1032 1791 1086 in-

997 1118 1073 1174 terim
1102 1116 1230 1174 facilitate
1257 1118 1367 1190 glutire,
1389 1127 1466 1175 curat
1484 1134 1516 1174 ex
1539 1134 1572 1174 ea
1600 1121 1640 1176 vel
1656 1121 1792 1193 quidpiam

997 1206 1093 1262 elicere
1111 1207 1244 1278 sapidum,
1261 1207 1338 1277 quasi
1353 1216 1410 1264 arte
1425 1208 1540 1280 quadam
1556 1216 1583 1264 et
1607 1209 1724 1280 quodam
1752 1211 1792 1264 ln-

999 1296 1063 1352 bcre
1078 1294 1230 1351 mandendi.
1250 1296 1308 1352 Erit
1321 1311 1383 1352 cum
1409 1301 1460 1352 erit
1478 1298 1563 1353 virtus
1591 1297 1724 1365 colabilis,
1745 1313 1793 1355 nac

1000 1391 1138 1455 premetur
1160 1384 1255 1450 dante,
1284 1400 1335 1440 nec
1363 1384 1514 1458 fatigabitur
1534 1401 1549 1440 a
1572 1385 1726 1456 mandente,
1750 1388 1796 1444 vel

997 1473 1090 1544 potins
1105 1489 1159 1529 non
1176 1473 1297 1546 fatigabit
1310 1474 1493 1544 mandentem,
1508 1489 1568 1546 qnae
1582 1475 1718 1532 bibentem
1733 1477 1794 1532 abs·

998 1577 1050 1634 que
1066 1575 1149 1632 opera
1177 1561 1329 1626 delectabit,
1360 1571 1486 1633 tanquam
1502 1562 1596 1634 ntique
1625 1573 1715 1636 potus,
1741 1579 1795 1622 non

137 1665 220 1712 ‘certe
234 1656 313 1728 quale
341 1663 382 1710 est
407 1655 474 1710 illud
499 1655 526 1711 in
547 1655 669 1725 psalmo:
688 1656 766 1712 Oculi
789 1659 880 1712 nostri
908 1657 945 1712 ad
998 1667 1068 1707 esca.
1081 1650 1203 1722 Denique
1219 1650 1302 1705 babes
1316 1651 1494 1720 spondentem
1509 1651 1537 1705 in
1550 1649 1708 1726 Evangelio,
1733 1651 1794 1725 quia

148 1746 299 1802 Dominam
315 1747 403 1801 Deum
418 1746 549 1800 nostram
563 1743 651 1799 donec
664 1745 835 1800 minuentur
852 1747 945 1801 nostri
960 1782 983 1861 Β
999 1757 1056 1797 εοε
1071 1739 1162 1794 bibam
1176 1738 1209 1794 de
1233 1739 1283 1795 boe
1296 1741 1524 1811 poniminaaitia,
1537 1739 1632 1810 inquit,
1648 1742 1734 1799 danae
1753 1743 1796 1798 fri-

147 1833 236 1898 treet.
252 1848 339 1898 cxxiv,
357 1834 384 1903 ι)
402 1850 408 1886 :
424 1832 563 1890 nonenim
577 1842 741 1898 avertentur,
754 1848 815 1888 eum
830 1835 941 1904 coeperit
999 1829 1063 1886 barn
1085 1828 1160 1884 iliad
1184 1844 1289 1886 nocane
1303 1828 1444 1885 namucum
1467 1830 1499 1885 in
1522 1844 1605 1902 repnc
1622 1833 1718 1888 Patria
1740 1836 1797 1890 mei

147 1920 278 1977 misereri.
292 1922 342 1976 Vel
363 1920 443 1990 quale
458 1920 521 1975 item
538 1921 604 1976 illud
619 1920 725 1976 Domini
739 1921 773 1976 ad
786 1920 939 1992 apostolos:
996 1917 1111 1994 (natta.
1127 1931 1209 1994 xxv,
1230 1915 1286 1986 29).
1302 1916 1336 1970 ln
1350 1917 1384 1970 de
1394 1917 1456 1972 cibo
1470 1916 1543 1972 nulla
1558 1919 1659 1975 mentio
1674 1929 1725 1976 est.
1741 1921 1796 1978 Sed

147 2007 424 2080 dcceeponobieearn
443 2025 507 2064 sura
518 2023 608 2080 usqae
626 2009 661 2064 ad
670 2011 943 2066 consummationem
997 2007 1069 2079 apud
1085 2005 1245 2076 Prophetem
1266 2018 1375 2073 quoqne
1391 2004 1506 2074 legitur:
1536 2008 1680 2078 Tanquam
1698 2014 1798 2080 potans

148 2096 247 2152 saculi
260 2094 374 2165 (flatile.
386 2109 481 2160 xxvru,
497 2095 560 2167 adl:
576 2109 631 2150 non
646 2095 718 2150 enim
745 2107 805 2165 port
824 2111 877 2151 non
892 2096 947 2153 erit
999 2094 1170 2168 crapulatus
1180 2108 1197 2148 a
1207 2089 1366 2161 nino(l³eal.
1381 2105 1490 2154 nxxvu,
1502 2093 1548 2161 dd)
1558 2108 1566 2159 ;
1578 2093 1612 2147 de
1633 2093 1693 2149 cibe
1707 2103 1798 2152 autem

139 2199 211 2240 cnm
225 2183 288 2240 illis.
304 2183 403 2239 Verum
418 2183 470 2238 boc
486 2184 530 2250 ite,
547 2183 570 2238 si
592 2183 680 2242 donee
695 2182 844 2240 referas'ad
864 2186 943 2243 dilcc-

150 2276 197 2330 tus
213 2289 293 2330 aneas
306 2271 379 2328 mibi
392 2275 419 2330 et
434 2287 481 2344 apa
501 2273 556 2328 ilii.
572 2272 619 2326 Sin
635 2282 723 2328 autem
734 2273 768 2326 ad
787 2275 839 2346 qai
853 2293 945 2348 pasca-

150 2366 201 2418 tur
216 2363 294 2418 inter
308 2361 372 2418 lilia
385 2360 521 2433 respicere
542 2360 630 2432 malis,
644 2362 695 2417 erit
718 2362 770 2418 alio
784 2379 864 2420 sensu
878 2366 946 2422 aeci-

140 2448 289 2518 ‹piendum
301 2451 386 2506 Porro
408 2449 549 2522 operosius
564 2449 719 2507 ostendetur
733 2449 869 2523 quomodo
884 2462 948 2510 tunc

151 2538 266 2594 dilectus
281 2539 354 2608 pasci
369 2538 485 2606 desinat,
501 2554 563 2595 cnm
578 2537 741 2611 aspiraverit
759 2541 827 2596 dies.
843 2542 946 2598 Etenim

150 2625 175 2682 si
200 2627 258 2682 dies
286 2627 493 2684 resurrectionis
527 2629 550 2683 is
576 2639 627 2699 ost,
652 2629 744 2700 quidni
758 2629 845 2686 multo
863 2635 949 2706 magis

154 2715 229 2786 pasci
243 2715 280 2770 ibi
294 2716 365 2772 inter
378 2715 433 2772 lilia
454 2718 539 2787 juvet,
568 2717 614 2772 ubi
641 2717 737 2772 horum
751 2719 838 2788 major
857 2720 950 2777 adme-

153 2807 216 2859 dum
231 2805 308 2876 copie
326 2805 376 2861 erit
390 2805 447 2861 fEt
466 2821 515 2878 pro
530 2806 647 2877 aptanda
658 2807 768 2880 quidem
781 2807 877 2865 littere
892 2825 953 2867 con-

153 2894 294 2964 sequentia
311 2893 369 2948 hec
387 2893 535 2953 dictasint.

999 2185 1066 2241 nibil
1083 2183 1121 2238 ibi
1133 2182 1238 2250 penitus
1248 2179 1394 2236 iuvenitur.
1411 2179 1521 2249 Sponsa
1531 2194 1598 2252 ergo
1611 2181 1718 2240 conscia
1729 2200 1800 2256 mys·

999 2275 1057 2330 terii
1067 2272 1159 2341 hujus,
1175 2285 1236 2325 cum
1246 2267 1371 2323 dilectum
1387 2269 1459 2339 pasci
1473 2269 1542 2324 lenter
1554 2268 1610 2325 lilia
1624 2273 1750 2342 comperi·
1759 2282 1800 2329 aet

1001 2380 1033 2421 ae
1047 2358 1237 2434 perhibuisset,
1248 2356 1388 2413 constituit
1402 2358 1546 2414 terminum
1564 2360 1689 2429 quoadid
1703 2361 1799 2433 digua-

1002 2459 1083 2520 retur,
1099 2449 1153 2503 imo
1166 2446 1343 2502 constitutum
1357 2445 1466 2518 agnovit
1480 2454 1507 2502 et
1524 2449 1668 2519 perhibuit,
1689 2449 1796 2506 diceus:

1003 2545 1093 2598 Donec
1119 2539 1226 2609 aspiret
1239 2535 1309 2602 dier,
1325 2543 1351 2592 et
1362 2536 1542 2595 inclinentur
1555 2537 1671 2594 umbra.
1692 2538 1801 2594 Sciebat

1004 2629 1075 2687 anim
1105 2625 1248 2683 virtutibus
1267 2639 1330 2680 eum
1344 2633 1438 2695 postea
1452 2625 1600 2696 potandum
1616 2627 1800 2699 potiusquam

1005 2719 1178 2791 pascendum.
1195 2716 1345 2772 Connivere
1374 2714 1466 2787 [alica
1486 2715 1642 2788 convenire]
1656 2717 1763 2772 videtur
1776 2727 1802 2771 ει

1004 2806 1180 2874 consuetudo,
1201 2821 1254 2877 qna
1283 2813 1344 2875 post
1371 2804 1461 2860 cibum
1489 2814 1570 2876 potas
1591 2805 1662 2860 sumi
1677 2806 1802 2860 demere

1005 2895 1082 2952 solet.
1107 2895 1179 2967 Ergo
1201 2893 1248 2964 qni
1268 2893 1310 2946 hic
1337 2891 1490 2960 manducat,
1520 2891 1576 2949 illic
1590 2893 1673 2958 bibet,
1688 2907 1720 2948 co
1739 2900 1804 2949 tnnc

189 2985 216 3038 2.
240 2983 319 3039 Νεεε
341 2983 396 3052 jnm
411 2983 521 3039 adverte
536 2999 654 3050 mecum,
670 2990 727 3040 toto
741 2984 803 3041 licet
816 2984 880 3040 liliis
894 2985 949 3040 ful-
1007 2984 1117 3040 suavius
1145 2997 1198 3053 quo
1233 2980 1364 3052 securius,
1393 2980 1540 3052 glutiturus
1567 2992 1595 3037 ει
1608 2995 1642 3038 ee
1657 2981 1726 3052 ipsa,
1743 2995 1804 3053 qua

153 3069 278 3140 gentibus
306 3087 401 3146 reguo,
427 3086 580 3146 sponsoque
598 3072 828 3130 mediocristente
842 3079 870 3130 ει
883 3075 953 3130 deli·
972 3060 1193 3144 escrvipulosius
1224 3072 1316 3135 modo,
1341 3081 1367 3124 et
1390 3070 1507 3140 quodam
1536 3071 1617 3125 modo
1645 3069 1806 3126 laboriosius

160 3157 257 3229 εἰεειε,
281 3173 336 3214 εοε
356 3168 445 3214 tamen
461 3162 609 3230 essequod
628 3161 733 3217 dicatur
746 3169 773 3216 ει
784 3162 866 3230 pasci,
877 3161 955 3231 jnxte
1008 3160 1247 3235 quasimandendo
1261 3159 1353 3229 liquat.

156 3245 183 3300 id
199 3245 306 3318 quidem
321 3249 465 3318 quodante
479 3256 669 3306 coruscaverat.
695 3247 744 3306 Ubi
761 3265 877 3323 namque
898 3251 955 3320 jam
1044 3253 1071 3306 i.
1100 3251 1179 3305 Nunc
1192 3250 1247 3318 jam
1262 3248 1433 3302 intendamus
1454 3247 1626 3302 considerare
1645 3248 1679 3302 de
1693 3247 1737 3302 die
1758 3247 1805 3302 illo

158 3343 329 3405 peccatores,
350 3351 420 3407 quos
439 3336 491 3392 sbi
514 3337 667 3408 incorporet
685 3337 817 3404 Christus,
847 3355 956 3396 mansos
1008 3350 1036 3396 ει
1049 3339 1123 3394 illins
1139 3336 1252 3402 umbris,
1267 3334 1314 3407 qui
1329 3333 1385 3400 ille,
1401 3349 1462 3406 quae
1474 3333 1550 3388 istae:
1571 3335 1615 3390 ille
1638 3349 1689 3406 qua
1705 3334 1807 3392 ratione

160 3439 322 3496 morsosque
357 3425 433 3496 quasi
459 3425 622 3496 quibusdem
648 3425 777 3482 dentibus
807 3427 956 3498 disciplina
1009 3427 1141 3498 aspirans,
1170 3425 1213 3478 bae
1240 3422 1269 3477 in
1296 3437 1349 3490 qua
1381 3429 1511 3490 potestate
1535 3423 1652 3478 babeant
1671 3421 1806 3478 inclinari.

148 3511 326 3577 austerioris,
368 3511 516 3568 afflictione
556 3513 659 3569 scilieet
683 3513 779 3581 cernuis,
810 3521 837 3570 et
868 3517 956 3572 cordis
1011 3510 1808 3589 Signanteromuinodiotnmest,dcnecaspiretdiea‚imc

155 3598 338 3656 eentutione‘t
353 3599 404 3655 Sed
428 3616 515 3672 neque
536 3601 629 3657 cibum
644 3602 696 3657 sibi
717 3604 774 3672 jam
790 3604 878 3679 exiget
890 3606 956 3662 fer-
1009 3602 1192 3676 singulariter.
1208 3599 1270 3656 Sab
1283 3598 1382 3672 qnippe
1398 3599 1449 3654 boc
1464 3597 1534 3665 loco,
1563 3598 1616 3654 nisi
1630 3597 1719 3668 fallor,
1735 3597 1808 3654 diem

157 3690 221 3746 bum
237 3704 354 3762 sponsus
372 3705 405 3744 ex
422 3689 561 3760 aliquibus
577 3690 653 3746 factis
668 3707 717 3746 scu
736 3693 866 3763 operibns
889 3694 956 3750 obe·
1009 3693 1175 3765 aspirantem
1190 3687 1352 3759 comperies.
1375 3687 1455 3742 durae
1479 3702 1584 3759 nempe,
1606 3703 1660 3743 uon
1688 3695 1809 3759 tempora

163 3777 342 3848 dientiae,ubi
374 3793 453 3834 omne
481 3778 622 3851 negotium
654 3781 760 3850 otium,
785 3781 897 3856 soloque
929 3783 957 3838 in
1011 3782 1113 3856 spirare
1127 3779 1263 3835 dicuntur.
1273 3776 1363 3848 Spirat
1377 3778 1468 3842 bomo,
1485 3776 1590 3847 spirant
1613 3775 1739 3830 animalia
1753 3789 1808 3831 cne-

157 3865 258 3923 intuitu
272 3878 298 3922 ει
312 3866 412 3922 affectu
436 3883 480 3922 res
503 3867 565 3924 erit.
582 3869 616 3924 Et
630 3871 740 3940 quidem
755 3870 831 3926 cibus
845 3873 905 3943 ejus
927 3882 957 3929 ut
1011 3881 1080 3936 tera,
1109 3868 1206 3936 quibus
1234 3864 1418 3920 indesinenter
1444 3865 1627 3935 reciprocatus
1655 3879 1700 3920 aer
1727 3865 1808 3920 vitam

157 3953 240 4018 faciet
257 3957 423 4012 voluntatem
435 3956 521 4013 Patris
535 3958 599 4026 sui;
615 3958 661 4013 sed
677 3957 730 4029 hic,
752 3973 806 4015 non
821 3959 869 4016 ibi.
885 3958 957 4029 Quid
1009 3959 1157 4016 continuat.
1177 3955 1208 4008 Et
1223 3953 1288 4025 quid
1302 3955 1364 4021 boc,
1378 3951 1432 4006 nisi
1446 3953 1567 4006 ventus?
1595 3950 1686 4023 Spirat
1703 3961 1730 4007 ει
1744 3951 1808 4022 Spi-

161 4042 235 4098 cuim
245 4041 325 4098 facim
337 4041 432 4100 factam
445 4043 460 4098 ‘l
473 4043 505 4098 Et
525 4043 671 4116 perfectam
687 4056 750 4102 tuuc
763 4061 824 4104 esse
841 4055 958 4105 consae.
1016 4048 1083 4104 ritus
1098 4052 1215 4110 sanetus,
1232 4041 1334 4098 atinde
1349 4041 1470 4114 spiritus.
1496 4039 1557 4108 Quo
1570 4047 1648 4110 pacto
1660 4053 1727 4113 ergo
1750 4039 1811 4096 dies

160 4131 283 4205 lienique
297 4133 414 4205 probare
427 4133 483 4204 jam
497 4139 611 4188 tnneest
624 4134 751 4191 omnibus
771 4137 881 4206 sanctis,
899 4155 959 4210 quae
1012 4136 1128 4208 spirans,
1155 4132 1200 4205 qui
1229 4147 1278 4188 nec
1305 4135 1412 4200 vontus,
1437 4144 1488 4184 uec
1507 4127 1628 4200 spiritus,
1651 4143 1700 4186 nec
1713 4125 1810 4182 animal

161 4222 196 4278 sit
207 4222 333 4277 voluntas
361 4221 411 4278 Dei
429 4224 510 4292 bona,
530 4229 557 4278 et
575 4221 766 4293 beneplacens,
782 4235 808 4280 et
821 4225 952 4296 perfecte.
1008 4225 1075 4280 eslf
1092 4223 1255 4292 Quanquam
1269 4233 1319 4275 nec
1341 4217 1448 4289 spirans
1461 4215 1581 4289 quidem,
1598 4214 1659 4280 sad.
1679 4215 1752 4287 qood
1771 4213 1809 4269 ei·

160 4311 196 4366 Et
210 4317 280 4367 certe
293 4317 356 4381 post
384 4309 545 4382 perfectum,
561 4310 716 4368 faciendum
743 4325 864 4384 superest
880 4317 956 4378 nihil.
1012 4311 1141 4388 guantius
1155 4317 1243 4375 sonat,
1259 4309 1381 4379 aspirans
1396 4306 1482 4364 dictas
1496 4307 1539 4362 sit.
1555 4307 1612 4364 Nec
1632 4304 1723 4362 minus
1738 4319 1810 4373 pra-

159 4398 222 4454 Frui
242 4397 276 4454 de
291 4405 394 4456 coeterc
408 4407 499 4471 restat,
512 4416 566 4458 nou
586 4401 662 4470 fleri;
677 4404 804 4473 experiri,
820 4423 875 4463 nan
888 4425 957 4481 ope·
1013 4413 1053 4460 ter
1068 4402 1177 4458 salitum
1191 4399 1304 4466 dietum.
1321 4401 1348 4453 fl
1359 4397 1538 4454 inclinentur
1547 4393 1664 4452 ΜΨ·
1689 4393 1810 4464 Demque

159 4488 231 4561 rari;
248 4505 280 4545 ea
293 4488 395 4561 vivere,
409 4505 464 4546 non
478 4491 599 4549 exerceri
612 4492 640 4546 in
655 4509 697 4548 ea.
722 4495 818 4552 Nonne
833 4498 891 4569 ipse
906 4507 955 4568 est,

159 4593 240 4650 qnam
269 4576 465 4635 instantissima
498 4595 578 4653 prece
598 4581 670 4638 docti
683 4583 788 4656 qnidam
801 4601 816 4640 a
830 4585 955 4657 Douuno,

159 4668 230 4724 sicut
245 4667 272 4722 in
297 4667 379 4734 coelo,
407 4668 441 4723 ita
470 4677 497 4725 et
515 4670 541 4724 in
572 4678 644 4726 terre
672 4671 766 4744 perlici
789 4677 956 4744 postulamus

159 4755 271 4826 (natta.
288 4771 326 4826 vt,
343 4759 466 4828 lt),quo
484 4759 543 4830 ejus
554 4760 612 4830 jam
623 4758 735 4818 delectet
750 4761 864 4831 fructus,
881 4775 956 4823 actus

160 4860 215 4902 non
237 4844 330 4922 fatiget
343 4847 357 4901 f
371 4845 431 4902 Nou
458 4847 508 4902 erit
536 4847 625 4922 itaque
639 4865 740 4920 sponso
759 4851 851 4910 Verbo
865 4858 956 4927 operis

158 4932 244 4998 cibus,
260 4935 321 5004 quia
335 4941 425 4990 cesset
439 4949 550 4992 neeesse
563 4943 604 4992 est
617 4951 697 4992 omne
711 4954 789 5009 opus,
798 4940 844 4994 nbi
852 4941 956 5012 plenius

163 5018 279 5090 Ιὲεῗθ1
297 5023 340 5077 ab·
359 5023 493 5080 universis
508 5024 654 5096 percipitur
672 5027 812 5098 sapientia.
827 5029 956 5104 Numqui

160 5109 328 5170 minorantur
344 5120 414 5180 ectu,
432 5111 651 5184 percipiunteam
663 5113 760 5187 (dead.
771 5123 954 5192 xxxviiatti).

196 5202 224 5257 3.
250 5199 303 5255 Sed
335 5200 477 5257 videamus
506 5217 586 5270 nunc,
603 5203 625 5258 si
652 5205 723 5276 quod
746 5207 859 5265 dicimus
882 5219 956 5265 stare

161 5287 257 5360 possit,
287 5297 314 5345 at
341 5291 493 5346 seeundum
520 5292 592 5347 illam
616 5296 784 5365 sententiam,
809 5313 862 5369 qna
884 5301 957 5368 pasci

161 5376 232 5432 inter
259 5375 323 5448 lilia,
359 5378 506 5436 candidatu
536 5380 665 5436 virtutum
689 5383 829 5450 oblectari,
849 5385 957 5459 quidem

160 5465 387 5538 interpretantur:
404 5483 469 5522 narn
491 5474 518 5525 ει
532 5483 584 5526 εοε
598 5469 682 5541 ipsam
698 5473 766 5528 ἰειεε
779 5481 888 5532 ceteras
903 5491 957 5532 non

157 5552 366 5626 ,praeterivimus
383 5555 552 5625 Dicemusne,
569 5565 682 5617 autnon
706 5560 774 5633 fore,
798 5569 844 5618 eut
856 5579 957 5635 sponso

163 5641 275 5707 mmlme
303 5657 400 5715 sapere
428 5654 492 5704 tnnc
519 5646 701 5705 virtatestt
728 5649 836 5722 quidem
856 5653 958 5710 sentire

270 5750 389 5806 Parnon.
408 5752 577 5809 CLXXXlll.

1012 4493 1044 4548 ad
1064 4499 1188 4547 exortum
1203 4489 1283 4558 hujus
1297 4485 1423 4559 corporei
1437 4483 1604 4557 visibilisque
1617 4481 1727 4538 lnudnis
1747 4496 1810 4539 um-

1012 4581 1067 4636 brae
1083 4594 1137 4635 non
1151 4576 1324 4643 inclinantur,
1339 4575 1386 4630 sed
1405 4573 1586 4631 annullantur.
1602 4573 1685 4629 Extra
1699 4571 1811 4643 proinde

1011 4683 1126 4740 corpora
1141 4665 1293 4738 quaerenda
1307 4665 1350 4719 liae
1365 4679 1418 4719 res.
1433 4663 1467 4718 Et
1491 4663 1514 4720 si
1537 4661 1644 4734 quidem
1659 4660 1811 4732 spirituales

1011 4756 1196 4814 invenerimus
1212 4754 1282 4810 diem
1297 4761 1325 4810 ει
1340 4752 1459 4820 umbras,
1476 4758 1539 4809 tnnc
1557 4749 1679 4807 forsitam
1693 4762 1719 4807 ει
1731 4748 1812 4805 incli-

1011 4846 1085 4902 natio
1114 4846 1222 4910 harnm,
1256 4850 1285 4898 et
1311 4841 1385 4898 illius
1414 4840 1542 4912 aspiratio
1562 4839 1667 4897 facilius
1684 4837 1810 4895 elucebit.

1010 4935 1062 5006 Qui
1076 4933 1153 4990 illum
1172 4933 1255 5000 diem,
1276 4931 1310 4987 de
1323 4947 1378 5003 quc
1404 4932 1535 4999 Propheta
1553 4927 1635 4985 dicit:
1658 4927 1750 4986 ffelior
1770 4933 1812 4984 est

1011 5024 1068 5081 dies
1082 5040 1141 5081 aaa
1155 5025 1187 5078 in
1201 5022 1283 5080 atriis
1304 5023 1363 5076 tais
1381 5035 1466 5092 saper
1481 5017 1810 5089 milliall'sat.nxxx111‚

1012 5113 1064 5181 ll),
1076 5110 1383 5183 corporeomopiuatur,
1400 5106 1492 5162 nescio
1508 5105 1572 5179 quid
1581 5106 1638 5175 jam
1653 5120 1706 5161 non
1717 5117 1814 5172 eorpo-

1013 5215 1088 5256 reum
1104 5202 1239 5272 opinetur.
1265 5198 1313 5254 Est
1327 5206 1355 5253 et
1380 5197 1407 5251 iu
1427 5196 1498 5250 mala
1518 5193 1715 5270 significatione
1743 5190 1812 5253 dics,

1012 5290 1057 5345 oui
1085 5290 1249 5345 maledixere
1270 5289 1408 5359 prophetae
1435 5285 1495 5357 (tob
1518 5288 1600 5354 ει,3;
1634 5284 1737 5339 terera-
1762 5293 1812 5345 xx,

1014 5379 1070 5448 tt).
1100 5379 1178 5435 Absit
1205 5386 1305 5445 autem,
1333 5387 1362 5433 ut
1386 5393 1418 5432 ex
1432 5374 1587 5432 visibilibus
1602 5373 1657 5439 bis,
1673 5385 1740 5442 quos
1753 5368 1816 5425 fecit

1013 5471 1165 5530 Dominusl
1182 5473 1275 5545 ltaque
1290 5470 1493 5544 spiritualisest.

1048 5567 1076 5619 b.
1105 5564 1163 5621 Jum
1189 5563 1314 5618 umbram
1338 5560 1399 5633 qnia
1428 5557 1547 5632 ambigat
1570 5554 1815 5628 spiritualemque

1013 5651 1105 5709 blaciae
1131 5652 1322 5709 obumbratum
1337 5659 1386 5708 εει
1399 5647 1561 5720 concipienti
1578 5649 1654 5719 ldae.
1675 5661 1694 5717 r,
1711 5644 1774 5714 db),
1790 5653 1816 5698 et

1711 5751 1746 5810 36
