4116 6348
152 441 204 510 701
883 443 1079 509 ptumum.
1752 461 1806 526 752

153 576 251 632 virtute
264 570 396 631 steatitis
409 571 640 642 praemolestia
653 570 728 628 illioo
744 569 835 628 omnia
850 569 962 628 exbila-
1007 572 1130 646 spiritos,
1154 591 1208 630 nou
1237 587 1371 636 aratrum
1386 583 1437 652 eis,
1463 587 1573 655 quando
1582 589 1675 646 Timor
1686 591 1804 648 advenit.
1833 601 1839 638 t

154 663 231 731 ravit,
252 671 387 719 eommota
404 660 571 732 oomposuit,
588 662 693 717 turbata
707 659 822 732 paravit.
837 658 953 716 Reddita
1007 661 1128 719 llieoum
1142 679 1263 722 oerneret
1276 668 1367 726 aooios
1378 671 1468 728 subito
1481 673 1626 746 fugientes,
1643 679 1677 734 ab
1687 679 1805 747 insidiis,

152 745 193 808 εει
206 749 314 808 miseris
336 749 394 816 lux,
409 747 511 804 timidis
529 747 636 804 fidaeia.
656 747 735 806 lledit
756 762 848 806 eoram
864 747 945 819 Spes,
1003 753 1143 820 inquibus
1167 753 1279 822 latebat,
1294 757 1370 814 ouius
1385 761 1534 818 abvolavit.
1557 766 1580 818 Δ
1596 764 1692 824 timore
1710 768 1804 840 inqui·

150 856 214 914 ane
240 855 311 912 pena
328 837 491 914 aufugeram
513 838 662 906 Fortitudo,
683 853 743 912 quae
766 854 835 910 pene
856 853 950 896 eorru-
1003 844 1061 909 unt,
1077 839 1244 899 sololaotum
1258 851 1299 901 est
1326 846 1407 917 istud,
1429 856 1455 903 et
1470 856 1512 906 est
1526 854 1699 926 opprobrium
1714 855 1804 914 omoi-

152 938 221 987 erat.
237 925 361 986 Reaumit
372 927 550 986 oonamntiam
564 935 619 984 tota
632 927 778 998 Sapientiae
792 927 898 986 militia.
913 925 951 984 bt
1004 928 1056 984 buu
1069 928 1157 985 nobis.
1172 932 1209 987 Δι
1220 931 1279 991 illa:
1305 933 1346 989 Ne
1366 936 1480 993 timeatis
1499 954 1514 993 a
1528 939 1636 998 Timore
1651 943 1719 999 isto:
1747 947 1804 1003 soio

152 1017 255 1074 inimini
269 1017 404 1074 eivitatem
419 1015 599 1074 obsidentes:
611 1015 736 1084 Quaenam
749 1025 798 1081 εει,
817 1016 952 1090 inquiunt,
1006 1015 1080 1072 enim
1098 1019 1164 1090 quid
1178 1018 1251 1077 laeto
1266 1035 1336 1095 opus
1346 1023 1390 1080 ait.
1402 1025 1450 1080 ibo
1466 1032 1493 1081 et
1506 1040 1553 1082 aro
1567 1028 1676 1098 spiritns
1691 1033 1805 1090 mendax

151 1105 296 1162 exsultatio
320 1105 348 1160 in
366 1105 489 1162 eastris?
510 1121 566 1163 uon
580 1105 631 1162 luit
645 1112 718 1162 unm
732 1104 874 1162 exsultatio
893 1103 952 1160 bari
1006 1097 1034 1160 in
1047 1106 1156 1182 angulis
1182 1109 1352 1179 semitarum,
1366 1119 1393 1169 et
1405 1113 1520 1170 amioum
1543 1131 1587 1172 me
1600 1117 1734 1176 simulabo
1754 1121 1803 1177 Ti·

152 1203 179 1248 et
207 1193 413 1250 nudiustertius.
434 1193 481 1250 Vae
499 1193 590 1259 nobis,
615 1193 685 1250 venit
709 1194 782 1250 Deus
801 1195 828 1249 in
848 1193 950 1250 eastra!
1006 1194 1101 1252 moris.
1116 1197 1186 1252 Nori
1204 1199 1278 1254 enim
1293 1200 1438 1269 bominem,
1462 1219 1511 1260 neo
1537 1214 1576 1261 est
1590 1207 1726 1275 agendum
1740 1223 1804 1264 eum

152 1295 193 1338 vae
208 1278 302 1338 uobisl
320 1281 469 1352 Fugiamus
484 1282 610 1338 lsraelem
631 1301 640 1338 ¹:
664 1280 798 1338 Dominus
812 1283 883 1338 anim
897 1298 951 1352 pa·
1005 1297 1039 1344 eo
1061 1282 1097 1351 vi,
1112 1285 1159 1340 sed
1184 1285 1288 1344 iraude.
1304 1289 1459 1346 vosautem
1475 1300 1626 1364 exspectate
1641 1291 1732 1351 linem,
1751 1293 1803 1351 γε.

152 1376 219 1442 qnat
246 1383 297 1440 pro
311 1367 362 1424 eis.
389 1368 434 1426 Sia
457 1367 622 1444 fugientibus
644 1368 773 1436 inimicis,
795 1368 889 1444 gratim
904 1367 953 1424 Dei
1005 1371 1044 1427 'rit
1058 1381 1089 1430 nt
1102 1373 1215 1445 dixerat,
1234 1387 1261 1434 et
1279 1379 1382 1434 viarum
1396 1382 1556 1451 eompendia
1582 1391 1705 1454 captans,
1733 1400 1804 1455 pree·

154 1458 270 1527 impetus
285 1455 401 1513 tenuem
422 1455 559 1513 civitatem
579 1457 639 1526 Dei,
663 1456 843 1514 sanetifioarit
862 1456 953 1512 taber·
1007 1462 1088 1518 oessit
1115 1462 1261 1522 Timorem.
1292 1468 1474 1542 Reieranaque
1500 1469 1552 1526 iter
1580 1471 1803 1545 parmamque

156 1544 280 1604 naculum
294 1559 374 1600 suum
388 1543 555 1602 ditissimus.
568 1545 640 1600 Deus
653 1543 680 1600 in
696 1544 786 1602 medio
805 1545 879 1618 ejus,
898 1559 953 1600 non
1007 1549 1181 1621 gradiebatur
1191 1553 1293 1620 Timor,
1314 1555 1409 1613 obvios
1432 1560 1455 1614 ei
1469 1557 1556 1614 laetus
1569 1568 1620 1626 eat,
1641 1561 1739 1631 amieo,
1755 1562 1804 1618 sed

155 1633 379 1699 commovebitur,
392 1633 534 1704 adjurabit
556 1649 615 1688 eam
629 1632 705 1690 Deus
725 1647 806 1688 mane
820 1632 951 1688 diluenlo.
1007 1633 1099 1707 iniqua
1109 1651 1172 1694 aum
1186 1654 1220 1694 eo
1230 1640 1365 1714 colloquia
1378 1646 1565 1717 eommisoens,
1581 1647 1619 1702 ita
1633 1657 1663 1704 ut
1673 1649 1804 1706 oadunare

154 1723 324 1781 Conturbttae
345 1729 407 1778 sont
429 1730 535 1795 pentes.
557 1728 584 1778 et
605 1719 734 1778 ioelismta
757 1727 820 1776 sunt
848 1735 951 1792 regna3
1007 1738 1071 1778 eum
1085 1725 1214 1796 ooeparit:
1230 1736 1258 1784 et
1271 1729 1366 1786 Timor
1380 1735 1486 1790 nescius
1508 1736 1578 1794 bono
1597 1737 1688 1792 animo
1702 1753 1802 1812 seque·

154 1811 229 1873 dedit
250 1825 345 1868 voeem
360 1825 447 1880 suam,
463 1818 536 1866 mota
555 1819 597 1868 est
618 1817 701 1866 terra.
717 1809 850 1866 Dominus
863 1807 951 1867 uirtu-
1004 1808 1094 1866 batur.
1109 1812 1197 1885 Prope
1213 1815 1269 1884 jam
1282 1825 1350 1882 erat,
1380 1827 1410 1876 ut
1433 1837 1495 1876 enm
1510 1822 1538 1876 in
1555 1821 1657 1881 loreum
1671 1825 1803 1898 despera-

153 1908 213 1956 tum
226 1897 391 1956 nobiseum:
407 1905 547 1969 suseeptor
569 1906 661 1954 noster
674 1897 844 1954 Deuslaoob
860 1897 947 1970 (Prot.
965 1916 988 1993 B
1004 1896 1085 1954 tionis
1112 1899 1275 1970 impelleret.
1300 1903 1353 1960 Sed
1381 1915 1519 1976 speetator
1542 1912 1597 1982 regi
1616 1912 1719 1970 indicat
1736 1914 1803 1986 qnid

153 2005 214 2056 κεν,
242 1987 316 2060 5-8).
340 1985 496 2056 Suseipiem
523 2001 589 2057 erqo
609 2001 724 2057 puerum
746 1985 803 2052 Dei,
835 2001 949 2057 puerum
1005 1995 1112 2058 agatur.
1132 1989 1187 2044 ileu
1212 1997 1304 2048 autern
1318 2007 1401 2048 unam
1421 1995 1456 2050 de
1480 1996 1611 2054 militibus
1634 1999 1698 2066 suis,
1721 1988 1819 2072 Spem'
1840 2015 1858 2048 ε

152 2093 235 2134 suum
257 2077 353 2150 rapina
375 2075 499 2133 charitat
521 2075 611 2132 evexit
634 2073 668 2130 ad
688 2075 800 2142 orelam,
824 2073 952 2147 Patrique
1003 2073 1116 2146 seilioet,
1133 2077 1405 2150 prmeepitaeeersiri,
1423 2097 1505 2152 quem
1529 2097 1592 2140 eum
1606 2097 1675 2156 equo
1689 2085 1802 2142 Dendr-

153 2167 211 2223 Deo
234 2165 446 2238 representavit.
469 2163 519 2221 Cui
537 2166 615 2221 Pater
637 2162 761 2235 plaeidue
783 2178 817 2220 ae
838 2178 953 2222 serenus
1005 2158 1048 2226 rii,
1079 2167 1107 2216 at
1134 2178 1198 2219 ense
1227 2165 1339 2222 Laetitiae
1360 2167 1388 2222 in
1403 2167 1533 2225 auxilinm
1553 2171 1631 2241 jubet
1654 2170 1803 2230 accelerare

151 2269 316 2314 ooourreus:
330 2253 402 2327 dite,
416 2252 513 2328 inquit,
528 2254 655 2327 proferte
665 2254 768 2310 stolum
777 2253 951 2326 primumn
1005 2249 1133 2310 Timoria.
1150 2251 1250 2310 Fidelis
1263 2255 1339 2312 mim
1353 2257 1387 2312 ad
1402 2259 1546 2330 imperium
1563 2260 1717 2332 egrediens,
1742 2279 1803 2320 oum

152 2343 371 2411 interstitium,
386 2347 414 2402 et
436 2343 502 2401 dote
516 2343 662 2400 annulum
681 2342 715 2398 in
733 2357 822 2398 manu
836 2342 909 2413 ejus,
923 2344 953 2397 et
1007 2341 1173 2407 pervenisset
1186 2342 1220 2397 ad
1237 2341 1338 2410 lorum,
1350 2346 1458 2403 vibrans
1469 2363 1563 2404 ensem
1578 2349 1696 2416 Laetitim,
1709 2351 1802 2408 Tristi·

152 2436 347 2494 ooteeomentu
361 2436 393 2492 irs
405 2434 523 2508 pedibus
534 2434 606 2506 eius.
618 2433 653 2488 lit
667 2431 812 2505 modoetia
827 2431 952 2489 vitulum
1007 2428 1071 2484 tiam
1084 2427 1225 2501 allegavit.
1241 2430 1340 2504 Sisque
1349 2432 1492 2491 liberatum
1503 2437 1653 2507 oonoivem,
1669 2447 1697 2495 et
1711 2441 1801 2510 impo-

151 2522 328 2594 euqt'rmtum,
339 2524 368 2580 et
382 2522 501 2580 recidite
509 2521 605 2578 illum.
617 2519 736 2592 lipotnrt'
749 2521 827 2578 enim
840 2522 869 2576 et
878 2535 951 2590 pun·

152 2609 432 2684 enumeratque
446 2612 502 2668 iate
516 2610 596 2680 filim
610 2624 688 2666 npetu
702 2612 832 2665 mortum
841 2608 950 2676 suerat,

153 2700 182 2754 et
192 2699 313 2766 revixit,
320 2701 459 2772 parterm,
474 2703 502 2756 et
511 2699 646 2756 inventas
656 2696 783 2767 estibus.
795 2711 840 2762 xv,
849 2694 949 2764 letti.

189 2785 217 2840 t.
241 2787 311 2844 Nota
329 2787 373 2842 bio
391 2797 505 2859 quatuor
526 2785 554 2840 in
573 2785 653 2856 pueri
672 2784 758 2840 nostri
780 2783 949 2839 liberatione.

152 2873 244 2932 Primo
265 2875 461 2946 poeniteniam,
489 2876 538 2931 sed
561 2873 682 2940 iatuam3
706 2872 825 2930 seeundo
844 2871 948 2944 iugem,

151 2959 200 3020 sed
225 2963 393 3019 temerarium
417 2971 444 3020 et
466 2962 675 3019 irrationabilem
682 2977 691 3030 ;
717 2961 795 3018 tertio
818 2975 948 3034 pugnam,

1005 2515 1087 2572 situm
1101 2532 1173 2587 equo
1203 2519 1336 2576 Desiderii
1360 2524 1527 2593 proseqens,
1545 2527 1665 2582 trabebat
1683 2525 1802 2587 iuuieulo

1005 2603 1227 2674 promissionum,
1248 2616 1274 2664 et
1297 2609 1380 2666 timor
1397 2625 1515 2684 sequeus
1537 2615 1650 2690 urgebat
1663 2614 1732 2672 laeto
1749 2617 1802 2672 lla·

1005 2693 1078 2766 gello
1097 2692 1130 2748 de
1147 2693 1277 2752 lunioulis
1291 2704 1473 2768 peeoatorum.

1041 2783 1067 2838 t.
1097 2780 1156 2838 litat
1182 2782 1265 2855 igitar
1287 2784 1457 2844 voluntarius
1471 2802 1569 2859 equus,
1584 2789 1648 2846 bino
1664 2796 1801 2859 oteramus,

1004 2868 1069 2926 inde
1086 2869 1260 2943 compulsum
1281 2872 1329 2928 sed
1344 2873 1372 2928 in
1383 2879 1438 2929 tam
1449 2875 1545 2947 rapido
1559 2892 1641 2933 eursu
1654 2877 1802 2936 timendum

1003 2956 1028 3013 ei
1047 2956 1181 3015 lueratab
1207 2959 1329 3018 incursu.
1355 2962 1435 3019 Unda
1461 2972 1488 3019 et
1514 2947 1803 3040 collegeruntmilitas

152 3051 201 3107 sed
217 3051 350 3121 trepidam
364 3059 393 3108 et
411 3051 613 3120 meticulosam
632 3058 729 3122 quarto
743 3048 886 3107 viatorium
899 3064 949 3106 va·
1004 3043 1158 3114 babylonici
1172 3044 1331 3118 eonsilium,
1345 3047 1469 3106 dieentes
1485 3069 1492 3106 s
1508 3051 1581 3120 Quid
1600 3053 1723 3122 t'aeimns,
1739 3059 1802 3128 qnia

151 3138 234 3195 lidam
256 3147 284 3196 et
311 3139 484 3212 sapientem:
508 3154 568 3213 quae
591 3137 682 3194 omnia
705 3137 734 3193 in
757 3136 951 3209 unoquolibet
1003 3127 1043 3185 ⁵50
1056 3130 1310 3204 esaumqnemjim
1325 3137 1472 3208 quesitum
1483 3138 1628 3196 montinio
1647 3139 1802 3212 possideba-

147 3228 274 3302 iuqiente
298 3227 332 3284 de
354 3229 454 3285 saenulo
471 3226 602 3284 invenias.
623 3226 714 3284 Primo
727 3225 799 3282 enim
813 3233 853 3284 eat
866 3241 952 3302 egeus-
966 3181 988 3260 Β
1002 3216 1081 3272 otoo?
1110 3218 1254 3289 Quomodo
1269 3223 1380 3294 plausus
1402 3224 1500 3282 inferni
1519 3241 1613 3282 verens
1627 3235 1669 3282 est
1682 3227 1709 3281 in
1725 3228 1802 3299 plan-

150 3315 246 3390 [ulluq
260 3315 353 3390 hebes]
367 3324 394 3372 et
407 3315 552 3387 insipiena;
568 3325 673 3386 postea,
687 3329 809 3386 praeceps
823 3320 849 3370 at
863 3321 948 3370 teme-
1002 3311 1086 3374 otum,
1096 3319 1123 3362 et
1135 3325 1185 3380 per
1199 3309 1273 3366 solos
1288 3310 1357 3367 duos
1373 3312 1472 3370 milites
1484 3313 1616 3385 gandium
1628 3323 1670 3370 est
1683 3315 1711 3371 in
1725 3317 1803 3374 eoelis

149 3404 238 3461 metu,
252 3404 282 3460 jn
295 3405 450 3477 prosperi„
467 3403 577 3471 dende,
592 3401 715 3475 trepidus
726 3409 754 3458 er
767 3401 949 3473 pusillanimis
1003 3407 1087 3464 super
1101 3396 1142 3451 sui
1151 3395 1313 3455 liberatione
1327 3400 1467 3458 condunt
1481 3401 1626 3471 Quomodo
1644 3404 1728 3474 periit
1740 3420 1803 3462 rar-

150 3491 180 3547 iu
211 3491 348 3562 adversim
379 3500 525 3564 postremo,
554 3490 697 3564 prouidus,
727 3499 755 3546 et
776 3488 898 3546 eruditos
921 3493 948 3545 ot
1003 3481 1073 3538 sutis
1086 3482 1229 3542 diabettase
1243 3484 1372 3544 fraudis?
1394 3489 1575 3546 Unuaautem
1589 3489 1675 3547 exeis
1693 3492 1802 3548 oratoris

149 3579 287 3653 perlaetus
299 3580 327 3637 in
343 3595 427 3653 regno
440 3579 591 3638 eharitatis.
1003 3571 1124 3642 aequor.
1140 3587 1201 3630 oum
1215 3572 1327 3632 sceleris
1340 3576 1423 3646 bajus
1445 3576 1537 3649 opilea
1551 3587 1633 3646 esset,
1656 3579 1801 3651 prolanum

331 3666 443 3726 ms
477 3666 657 3726 pennoti
688 3665 724 3722 11,
1002 3658 1115 3730 protulit
1135 3661 1288 3730 eonsilium,
1312 3663 1425 3724 dioena:
1443 3665 1497 3722 Vos
1511 3664 1621 3724 nesam
1639 3666 1799 3738 quidquam,

148 3757 187 3816 De
200 3773 297 3832 popam
309 3758 460 3831 spirituali
473 3756 559 3830 [aliam
570 3759 608 3814 lte
622 3757 762 3827 eonssmto
775 3755 911 3814 vinorum
920 3758 950 3811 et
1003 3762 1054 3804 neo
1072 3748 1207 3822 cogitatis,
1225 3752 1288 3823 quia
1301 3752 1385 3810 modo
1399 3753 1432 3810 ad
1447 3755 1609 3824 oapieadum
1622 3755 1730 3814 facilior
1745 3757 1798 3824 sit;

466 3843 632 3918 virtutuml.
1002 3840 1031 3888 et
1044 3834 1066 3889 ai
1082 3843 1188 3908 eaptus,
1200 3837 1336 3898 dillioilius
1346 3838 1415 3911 eripi
1428 3842 1523 3913 possit.
1533 3844 1590 3901 llos
1598 3843 1707 3916 iqitura
1722 3846 1801 3920 lonqe

185 3937 213 3989 l.
229 3933 303 3990 luter
327 3933 492 4005 babylonem
509 3941 537 3990 et
558 3932 709 3990 Jerusalem
733 3931 806 3988 nulla
829 3947 880 4003 pax
895 3936 949 4001 eat,
1004 3924 1214 3997 prosequimini:
1227 3942 1278 4001 eqo
1293 3943 1337 3984 me
1355 3927 1384 3983 in
1397 3928 1523 4000 angelum
1547 3930 1614 3986 lueis
1640 3932 1799 4006 nostram,

148 4024 195 4080 aed
219 4037 320 4096 puppup
333 4023 471 4079 continua.
493 4022 579 4077 llabet
602 4036 772 4093 unaquaeque
793 4019 890 4079 eivitas
904 4035 949 4076 re·
1002 4016 1033 4066 ut
1047 4009 1233 4084 ifflotootlaes
1246 4021 1375 4086 ltoqotm
1393 4017 1510 4073 odoenus
1522 4023 1550 4072 et
1561 4018 1730 4091 pereqrtnm,
1744 4021 1799 4077 do·

148 4127 211 4188 qam
235 4126 324 4166 suum.
349 4111 406 4167 llex
428 4111 575 4168 Jerusalem
594 4109 717 4166 Christus
737 4109 871 4166 Dominus
893 4115 947 4175 eet,
1003 4098 1080 4154 oendi
1095 4099 1265 4159 simulatione
1288 4100 1431 4174 desipiant.
1446 4104 1523 4161 uuae
1546 4103 1629 4178 igitur
1645 4105 1674 4160 in
1689 4106 1798 4164 modum

148 4216 196 4257 rex
209 4199 354 4271 Rabylonis
375 4199 510 4258 diabolus.
525 4201 560 4256 ut
578 4213 639 4258 eum
654 4197 769 4255 altarum
789 4196 945 4268 injustitia,
1003 4184 1098 4244 frauda
1120 4187 1264 4260 disposita,
1288 4189 1347 4264 regi
1360 4200 1453 4248 nottto
1466 4191 1618 4262 speculator
1645 4193 1796 4265 annuntiat,

147 4287 263 4344 alterum
276 4287 303 4342 in
326 4285 429 4346 malitia
451 4302 564 4359 regnare
587 4287 714 4353 deleotat,
735 4301 783 4343 rex
805 4283 948 4359 Babylonis
1002 4277 1095 4334 tollito
1108 4276 1219 4348 (itidem
1237 4277 1377 4335 hominem
1395 4294 1467 4352 equo
1480 4279 1639 4352 impositum
1654 4282 1798 4352 Dttotdtt'fi,

147 4389 220 4448 quoe
234 4382 324 4446 potest
333 4375 367 4432 da
381 4374 486 4434 civibus
498 4375 646 4432 Jerusalem
657 4390 705 4446 per
718 4373 855 4432 ministros
869 4388 945 4443 suos,
1001 4361 1051 4420 ted
1061 4363 1123 4436 plus
1141 4381 1222 4438 quom
1235 4375 1358 4437 oporteat
1370 4381 1527 4439 properare,
1541 4382 1576 4426 eo
1593 4370 1669 4441 qnod
1691 4369 1798 4428 ironam

147 4461 250 4522 scilieet
263 4464 374 4534 spiritus
389 4463 553 4528 immundos,
570 4463 710 4535 seducere,
726 4471 757 4519 nt
775 4461 877 4520 servire
897 4476 945 4518 eoa
1001 4461 1027 4508 at
1041 4451 1109 4510 sella
1135 4454 1251 4514 deesset.
1269 4455 1376 4523 Hostes,
1390 4455 1506 4529 inquito
1529 4457 1610 4530 longo
1624 4473 1797 4530 prosequun-

148 4551 229 4608 laoiat
239 4550 375 4624 iniquitati
386 4551 421 4608 ad
435 4541 615 4624 iniquitatem,
630 4549 657 4606 iu
672 4550 837 4622 Babylonem
851 4548 941 4606 trabit.
999 4548 1056 4608 tur;
1072 4542 1127 4609 olii,
1143 4550 1270 4615 tauquam
1284 4542 1423 4600 inveterati
1439 4545 1579 4614 matorum,
1600 4544 1703 4605 viarum
1720 4563 1797 4604 eona·

148 4640 225 4698 Unde
238 4641 305 4696 dum
324 4656 407 4696 uuum
428 4641 463 4696 de
477 4639 583 4696 civibus
597 4639 653 4695 auis
669 4638 830 4696 constitutus
843 4653 943 4712 speon·
959 4625 987 4706 st
1003 4631 1101 4702 pendia
1123 4639 1240 4702 otptaut.
1264 4632 1316 4690 Sed
1342 4638 1369 4688 et
1391 4648 1462 4690 naue
1480 4650 1563 4690 unum
1589 4634 1680 4704 video.
1694 4633 1722 4692 io
1740 4653 1797 4709 litto

147 4729 218 4784 lator
242 4743 325 4799 super
349 4743 441 4786 muros
464 4728 612 4785 Jerusalem
638 4727 705 4784 nabi
728 4734 860 4793 cerneret,
880 4743 946 4783 nun·
999 4735 1136 4776 armorum
1149 4727 1305 4778 nostrorum
1320 4721 1422 4778 reluoet
1444 4720 1568 4795 elllqies3
1583 4738 1599 4778 a
1613 4723 1692 4780 uobis
1707 4729 1796 4782 tamen

148 4815 224 4872 tiaris
238 4815 296 4890 regi
309 4806 415 4888 mptum
430 4815 551 4888 praedam
573 4817 600 4872 ia
615 4815 779 4888 babylonem
797 4816 871 4873 dori.
887 4816 945 4874 ilex
1000 4809 1047 4867 ille
1062 4825 1115 4868 non
1131 4808 1224 4866 exivit.
1233 4809 1399 4866 Neeesseest
1408 4816 1451 4865 eat
1471 4809 1518 4882 qui
1531 4810 1700 4884 interrogare
1710 4827 1796 4872 uoue-

147 4921 212 4964 rero
225 4905 376 4962 Jerusalem
393 4908 529 4964 advocans
549 4905 674 4976 spiritum
701 4905 815 4974 umoris,
832 4905 945 4963 militem
1000 4899 1036 4956 rit
1044 4915 1124 4957 eum:
1140 4897 1240 4955 Noster
1253 4913 1293 4968 aa,
1304 4911 1339 4954 an
1353 4896 1591 4956 adversariorum?

146 4993 299 5052 intralibus
321 5002 459 5052 strenuum
476 5011 483 5052 ε
500 4995 584 5061 Vade,
606 4994 706 5066 inquit,
728 4993 802 5065 eripe
825 4994 944 5064 proedam
1034 4992 1062 5046 3.
1086 4989 1169 5046 Porro
1183 5003 1243 5058 rex,
1267 4987 1347 5058 eujus
1360 4987 1563 5046 animumoura
1576 4989 1795 5061 semperaollioi-

146 5088 278 5141 nostram.
298 5081 344 5140 llla
358 5091 389 5138 nt
403 5098 511 5154 semper
525 5083 559 5138 ad
578 5082 668 5139 omnia
682 5081 815 5153 imperata
825 5090 943 5154 paratus,
999 5085 1039 5134 tat
1053 5077 1213 5149 anirnarum,
1236 5076 1306 5132 duos
1332 5075 1502 5134 consiliarios
1516 5093 1582 5134 suos
1593 5077 1702 5146 emittit,
1726 5080 1797 5138 Pru·

145 5186 205 5228 oum
235 5170 375 5230 velmitata
404 5173 496 5230 bostas
521 5169 752 5244 persequitur,'et
779 5171 807 5228 in
834 5170 945 5229 auribus
999 5166 1118 5224 (leudam
1141 5172 1169 5224 et
1198 5165 1425 5237 temperantiam.
1453 5165 1575 5236 Quarum
1609 5168 1798 5240 Temperantia

145 5273 242 5316 eorum
256 5258 342 5318 iaetus
360 5267 400 5318 aet
413 5269 523 5332 reponte
536 5275 621 5316 sonus
635 5267 762 5332 tauquam
776 5259 944 5316 advenientis
997 5255 1107 5328 quidam
1125 5252 1240 5312 teta
1252 5269 1324 5326 equo
1343 5251 1453 5320 irenam
1466 5253 1644 5312 Disoratioois
1656 5257 1795 5328 imposuit,
1913 5271 1919 5279 ·

144 5347 259 5420 spiritus
272 5349 450 5406 vehementis.
466 5350 560 5406 Timor
574 5348 799 5422 enimsupereos
813 5347 942 5418 intonuit,
996 5351 1024 5402 et
1041 5344 1125 5416 Spem
1138 5342 1303 5401 moderatius
1330 5340 1457 5399 insedere
1483 5343 1626 5414 persuasit.
1655 5346 1797 5402 Prudentia

144 5443 173 5490 et
184 5435 217 5488 ad
236 5448 329 5492 reeem
349 5436 454 5494 uirtutis
473 5439 534 5508 ejus
551 5435 671 5494 besdum
685 5437 768 5495 robur
783 5449 863 5493 omne
877 5450 943 5494 eou-
996 5447 1060 5490 varo
1073 5431 1207 5490 Timorem
1223 5431 1367 5502 increpans
1380 5435 1408 5486 et
1422 5444 1540 5504 arquena
1557 5431 1750 5504 improbitatis,
1761 5435 1796 5492 de

142 5521 255 5579 tremuit
270 5540 278 5578 :
293 5519 366 5597 ‘quos
385 5524 413 5580 in
431 5523 525 5598 lugam
542 5538 688 5582 eoavmsos
705 5521 797 5580 Timor
812 5538 866 5580 non
879 5522 942 5581 lon·
998 5521 1088 5578 tuturo
1100 5519 1286 5578 eommouuit:
1314 5523 1341 5574 et
1355 5531 1428 5589 equo
1445 5515 1541 5574 sellam
1564 5519 1795 5593 circumspectio-

143 5611 207 5685 gius
230 5620 386 5684 perseoatua
398 5620 449 5682 est,
465 5614 513 5670 sed
526 5621 651 5686 ereptam
664 5612 804 5672 condrem
825 5613 942 5672 reduee-
996 5608 1040 5668 nis
1051 5609 1188 5684 apposuit,
1204 5617 1233 5666 ut
1246 5623 1301 5665 noo
1311 5606 1560 5666 raderetaseeusor
1573 5609 1631 5678 ejus
1643 5617 1733 5683 retro;
1746 5612 1794 5668 sed

142 5701 189 5758 bat
203 5701 236 5757 ad
253 5703 371 5774 propria.
390 5701 490 5758 ilerum
504 5717 576 5761 unus
590 5718 624 5762 ax
637 5701 810 5772 adversariis,
827 5702 940 5760 tristitie
1004 5709 1045 5760 ret
1059 5715 1076 5758 o
1092 5698 1217 5774 pretorio
1233 5694 1396 5754 ooniasaiooi
1417 5697 1530 5766 peeeati,
1542 5704 1604 5754 anta
1625 5699 1794 5758 meditationi
