4150 6348
192 459 241 518 bil
811 459 982 522 setthoitas
1000 457 1042 519 Dii
1063 455 1222 519 olltflsts.
1785 465 1837 529 tta

191 599 261 642 nom
274 585 373 658 plorioe
386 585 878 661 pondosoperatorinnobisllldor.
890 587 986 661 ruat).
1004 600 1028 679 ss
1046 585 1106 642 Gor.
1121 601 1165 650 xv,
1183 585 1239 656 28),
1255 585 1318 642 llaec
1332 601 1435 646 merces
1458 596 1559 663 nostra,
1589 593 1647 648 baec
1668 605 1770 650 corona
1783 610 1835 652 no-

189 675 212 742 l,
223 690 309 750 perge
322 691 388 750 ergo
403 691 580 742 murmurare,
597 681 622 731 et
642 676 733 734 dicero
760 695 767 732 :
796 679 987 751 Longnmest,
1044 685 1111 743 stra,
1138 675 1324 732 hocbrariom
1354 687 1477 733 nostrum
1499 695 1504 735 :
1525 677 1557 733 ad
1581 681 1653 752 qnod
1677 682 1779 738 utinam
1799 683 1838 739 sic'

192 780 276 836 grave
290 771 342 835 est,
357 779 410 821 uon
426 779 537 835 possum
552 772 607 820 tam
622 763 750 824 immania
762 774 790 824 et
806 765 992 823 tamdiuturna
1045 779 1196 832 curramus,
1216 772 1245 821 ut
1265 765 1545 835 comprehendamus!
1563 767 1682 838 Fratres,
1700 787 1838 844 nunquam

191 853 318 925 portarel
348 855 493 925 Apostolus
516 861 735 913 momentaneum
750 865 777 913 et
799 857 855 913 lere
873 856 994 928 perhibet
1044 852 1161 925 Prudens
1177 853 1296 926 agricola
1319 855 1469 910 seminandi
1489 856 1718 925 opportunitatem
1734 867 1839 930 reputat

192 943 340 1016 essequod
363 944 468 998 tolerat.
485 941 518 996 Et
531 951 604 999 certe
619 943 738 1000 necdum
755 963 771 1002 a
794 945 896 1002 ludaeis
911 945 991 1018 quin·
1044 940 1203 1014 longiorem,
1220 943 1267 1015 qui
1292 941 1391 1000 iuturae
1416 945 1514 998 messis
1530 943 1664 1000 desiderat
1679 947 1837 1003 ubertatem.

192 1032 273 1104 quies
302 1031 489 1104 quadragenas
509 1047 563 1086 una
586 1033 679 1090 minus
706 1035 856 1106 accepisti3
878 1033 992 1091 necdum
1047 1031 1135 1086 Vestri
1146 1039 1236 1088 autern
1247 1032 1473 1099 dies,uonminos
1484 1032 1575 1102 utique
1586 1034 1838 1104 quamcapilliom-

192 1128 272 1177 nocte
291 1136 322 1176 ae
336 1119 381 1175 dia
397 1121 422 1175 in
438 1121 574 1190 prolundo
603 1121 686 1178 maris
710 1123 784 1179 luisti
807 1123 847 1198 (ll
871 1125 933 1182 Cor.
950 1141 990 1189 ιιι,
1044 1135 1094 1176 nes
1104 1119 1238 1177 numerati
1253 1128 1314 1176 sunt
1324 1121 1401 1193 (Luc.
1417 1137 1464 1188 nu,
1480 1120 1522 1194 t);
1538 1127 1564 1177 et
1575 1121 1644 1176 sicut
1653 1123 1726 1193 pilus
1741 1123 1775 1178 do
1786 1139 1842 1181 cor-

193 1212 238 1278 ti,
254 1207 310 1282 25),
326 1209 443 1265 necdum
458 1209 520 1281 plus
535 1209 663 1266 omnibus
680 1211 804 1270 laborasti
818 1213 846 1286 (l
865 1215 929 1272 Cor.
945 1229 989 1280 xv,
1045 1225 1120 1280 pore,
1133 1210 1171 1266 sie
1186 1218 1212 1267 et
1226 1219 1394 1268 momentum
1410 1213 1443 1268 de
1458 1220 1638 1283 temporenon
1653 1212 1750 1282 peribit
1763 1215 1841 1284 (Leo.

193 1298 257 1370 to);
275 1307 421 1375 postremo,
438 1300 553 1355 necdum
568 1316 656 1370 usque
683 1301 718 1357 orl
742 1305 901 1377 sanguinem
917 1305 992 1359 resti·
1044 1315 1100 1354 xxr.
1118 1302 1173 1370 18).
1194 1300 1331 1358 Habentes
1349 1317 1416 1374 ergo
1446 1302 1527 1357 talem
1542 1301 1762 1372 promissionem,
1777 1305 1841 1358 cba-

193 1388 250 1445 tisti
264 1389 365 1462 (licha,
381 1405 427 1456 xrr,
451 1389 490 1462 t).
508 1387 575 1447 Vide
589 1405 656 1464 ergo
678 1407 760 1464 quam
780 1407 835 1448 noo
850 1400 911 1448 sunt
925 1407 992 1450 con·
1045 1387 1154 1460 rissimi,
1183 1405 1238 1446 non
1257 1390 1418 1446 deficiamus
1445 1398 1493 1446 ant
1509 1390 1653 1464 fatigemur
1673 1391 1841 1464 aliquando:

194 1476 285 1550 dignae
299 1478 332 1533 ad
351 1477 466 1551 gloriam
482 1478 631 1550 passiones.
648 1479 723 1548 Quod
746 1481 927 1537 tribulationis
940 1491 990 1550 est,
1045 1491 1094 1532 nec
1107 1492 1190 1551 grava
1209 1493 1353 1535 causemur
1368 1493 1437 1536 onus
1469 1477 1580 1547 Christi,
1602 1481 1675 1551 quod
1692 1489 1758 1537 testo
1782 1481 1842 1550 ipso

191 1573 412 1624 momentaneum
427 1575 470 1624 est
484 1577 511 1623 ea
538 1568 598 1626 leve
615 1586 622 1623 ς
640 1570 712 1642 quod
731 1570 834 1642 gurm,
859 1577 992 1626 aeternum
1045 1563 1103 1619 leve
1114 1571 1170 1636 est;
1190 1566 1232 1622 vel
1246 1567 1355 1639 jugum,
1367 1566 1440 1638 quod
1463 1581 1554 1624 revera
1566 1582 1649 1624 suave
1672 1575 1714 1623 ost
1729 1567 1842 1639 (llaltlt.

192 1664 244 1726 est,
260 1664 285 1713 et
294 1655 398 1728 pondus
413 1654 494 1712 etiam
511 1672 593 1729 supra
618 1658 732 1715 modurn
759 1658 788 1714 ia
816 1659 990 1717 sublimitate.
1044 1669 1082 1720 ιιι,
1101 1651 1147 1724 30)
1163 1670 1170 1710 :
1187 1653 1233 1710 sed
1249 1655 1284 1710 ad
1299 1668 1380 1710 omne
1396 1655 1467 1728 quod
1485 1654 1728 1726 ridemurportare
1740 1657 1844 1727 pondus

192 1743 264 1813 Quid
278 1745 306 1802 in
320 1744 452 1803 incertum
467 1744 583 1804 tibiales
600 1755 626 1804 et
639 1762 725 1803 annos
740 1763 867 1806 numeras
881 1749 991 1806 aaran·
1044 1739 1108 1812 diei,
1124 1748 1258 1798 eternum
1282 1742 1377 1814 glorta
1396 1744 1506 1814 pondus
1520 1745 1681 1816 cogitemus.
1705 1744 1749 1803 Ad
1764 1763 1844 1819 qnnn

194 1832 228 1889 sit
241 1833 319 1905 hora,
339 1835 437 1891 transit
451 1839 477 1892 et
491 1851 595 1908 poena3
625 1851 674 1893 nec
699 1837 833 1894 accedunt
854 1837 917 1907 sibi,
943 1837 989 1894 sed
1045 1845 1096 1887 nos
1109 1847 1157 1887 sua
1171 1831 1345 1889 miseratione
1366 1831 1497 1904 perducat
1526 1833 1654 1890 virtutum
1669 1836 1803 1893 Dominus
1819 1845 1846 1893 et

193 1924 293 1980 cedunt
306 1923 397 1994 potins
412 1931 437 1980 at
451 1924 610 1982 succedunt.
630 1925 691 1982 Non
715 1926 755 1982 sic
769 1926 867 2001 gloria,
883 1943 937 1984 non
951 1927 990 1983 sio
1006 1883 1029 1962 B
1044 1935 1095 1977 rex
1118 1921 1212 1993 gloriae
1225 1939 1232 1992 ;
1246 1921 1291 1979 cni
1318 1921 1425 1978 interim
1450 1923 1546 1979 devota
1573 1923 1726 1982 hnmilitate
1750 1926 1844 1982 clame.

193 2009 386 2079 remuneratio,
400 2029 455 2070 non
468 2013 506 2070 sie
524 2029 627 2071 merces
640 2014 698 2087 ipsa
714 2015 826 2073 laboris.
841 2015 934 2073 Nescit
947 2015 990 2074 vi·
1044 2025 1103 2066 mus
1120 2027 1126 2068 :
1151 2011 1211 2070 Νθιι
1234 2013 1323 2079 nobit,
1346 2014 1471 2077 Domino,
1487 2029 1545 2070 two
1560 2013 1648 2080 nobit,
1671 2015 1719 2071 ted
1733 2017 1846 2072 comitti

194 2100 390 2171 dissitudinem,
406 2103 491 2160 nescit
520 2101 614 2173 finem,
645 2112 735 2170 manet
765 2113 820 2162 tota
849 2105 947 2176 simul,
967 2113 994 2161 et
1048 2102 1096 2157 too
1111 2099 1378 2174 deploriamffsol·
1397 2113 1473 2165 colit,
1490 2101 1530 2169 o).

192 2189 473 2247 manetinaeternum.
492 2192 917 2266 demorderit,inquit,dilectis
934 2197 992 2253 sois
1354 2188 1469 2244 SERMO
1485 2191 1519 2242 ΙΙ·

193 2295 335 2350 somnam,
353 2295 416 2338 acca
431 2281 580 2341 baereditas
588 2285 801 2353 Domina'(Prol.
815 2288 934 2355 aarum,
950 2285 989 2356 3).
1045 2275 1259 2341 Dcobadtaotiu,
1267 2276 1442 2348 potiantloet
1452 2277 1673 2349 sapientiorem
1683 2277 1845 2334 deposcen-

194 2365 298 2426 Sulrlo't
312 2369 384 2425 enirn
402 2385 474 2426 anne
497 2371 597 2445 ruique
620 2371 675 2430 diei
689 2373 795 2429 malitis
810 2389 868 2442 sua,
884 2389 934 2430 nec
955 2373 993 2429 la·
1171 2364 1204 2422 olo
1215 2379 1244 2421 se
1258 2367 1363 2437 ipsum,
1379 2364 1450 2436 qood
1464 2366 1590 2425 homines
1610 2383 1718 2424 suanos.

192 2458 289 2515 boram
311 2475 391 2515 suram
416 2465 505 2531 potest
527 2477 664 2518 reservare
692 2463 835 2535 sequenti;
860 2462 908 2518 sed
937 2476 995 2518 orn·
1084 2451 1320 2522 ¹·0b500l0t1082
1336 2453 1441 2521 illitos,
1463 2469 1511 2525 per
1533 2470 1704 2512 ommonem
1719 2457 1844 2521 salutent,

191 2546 269 2603 nium
295 2563 399 2604 merces
425 2549 549 2605 laborum
563 2550 591 2605 in
614 2567 668 2608 una
683 2551 725 2607 illa
740 2551 783 2608 die
797 2551 934 2621 reddetur,
950 2551 993 2609 cui
1046 2541 1167 2599 studioso
1180 2541 1307 2615 suscipite
1321 2542 1411 2599 datam
1435 2544 1512 2600 vobis
1536 2543 1767 2615 opportunitatem
1781 2560 1847 2617 opo·

190 2635 278 2692 auera
291 2652 346 2693 non
361 2637 497 2695 suecedet.
510 2640 641 2713 seposta
654 2644 695 2698 ot
709 2641 782 2697 malt
795 2657 898 2700 corona
908 2641 993 2716 joata-
1044 2631 1135 2688 nndae
1149 2631 1253 2689 seruus.
1271 2629 1392 2688 Obsecro
1406 2648 1455 2702 ner
1469 2630 1685 2690 nisenoordinm
1702 2675 1709 2700 .
1727 2649 1778 2706 oro
1791 2651 1844 2706 rna

192 2729 253 2795 law,
264 2726 303 2782 ait
313 2727 469 2798 apostolus,
480 2745 563 2801 quom
574 2729 669 2788 reddet
682 2731 764 2799 mibi,
778 2724 833 2786 non'
842 2731 868 2786 in
879 2731 991 2800 illis,sed
1046 2727 1100 2777 tam
1115 2719 1283 2777 miserabiles
1296 2735 1345 2777 vos
1358 2719 1449 2777 lacere
1465 2719 1618 2792 studuistis,
1634 2723 1713 2779 facite
1728 2723 1842 2795 adquoc

191 2814 223 2871 ln
239 2815 323 2871 illum
336 2815 509 2888 diemjostos
523 2818 614 2875 ladas
624 2818 664 2888 (ll
674 2820 741 2875 Tim.
752 2835 788 2886 ιν,
802 2819 993 2890 8l.lleliorest
1045 2809 1168 2877 Venistis.
1184 2809 1218 2866 td
1236 2809 1310 2882 quod
1325 2809 1485 2866 menimis
1499 2811 1534 2867 de
1549 2812 1709 2868 fluminibus
1727 2813 1843 2886 Babylo·-

192 2901 266 2958 enim
297 2901 355 2958 dios
373 2919 426 2959 una
449 2905 477 2960 iu
506 2905 580 2962 atriis
608 2906 662 2963 illis
690 2923 773 2978 super
796 2906 879 2963 millia
903 2908 990 2978 (Psoi.
1046 2899 1097 2955 ¹¹1⁸·
1113 2901 1202 2972 Super
1211 2900 1333 2970 flumina
1345 2899 1502 2972 Babylonio,
1511 2900 1546 2956 aii
1561 2901 1704 2974 Propheta·
1720 2901 1782 2959 illio
1804 2919 1845 2962 oc·

191 3007 306 3058 nxxnnr,
337 2992 392 3064 tt).
416 2991 545 3050 Gutmtim
568 3011 649 3066 poena
671 2995 783 3067 bibitur,
800 2995 928 3068 liquando
942 3014 991 3054 su.
1045 2987 1843 3062 dimusetflavianus,dumreeordaremortoi,Siootl‘sol.

191 3079 284 3147 mitur,
300 3095 350 3154 per
364 3080 492 3139 minutias
511 3085 607 3140 transit
624 3103 630 3141 :
645 3100 707 3140 uam
731 3084 760 3141 in
774 3085 992 3143 remuneratione
1047 3093 1154 3145 0¹¹va
1176 3079 1212 3146 t).
1229 3078 1308 3134 Nulla
1322 3079 1400 3135 V⁰bi⁵
1412 3079 1457 3135 ¹¹1⁰
1478 3080 1683 3136 nutriendorum
1696 3079 1844 3136 liberorum

192 3175 301 3226 torrens
323 3177 364 3225 ast
390 3170 545 3242 voluptatis,
560 3179 588 3229 et
601 3171 720 3229 lluminis
744 3173 871 3246 impetus,
887 3185 991 3232 torrens
1011 3168 1033 3246 Γ,
1050 3183 1124 3235 cura,
1140 3167 1214 3222 nulla
1227 3165 1382 3224 sollicitudo
1397 3169 1533 3241 quomodo
1547 3167 1680 3241 placeatis
1695 3169 1840 3226 uxoribus:

192 3249 327 3313 inundans
353 3255 464 3330 latium,
489 3257 590 3315 tlumen
608 3260 702 3332 gloriae
725 3261 826 3336 μαῖαι,
841 3261 993 3336 grariae]‚ea
1047 3256 1149 3334 nonde
1164 3256 1301 3325 nundinis,
1312 3273 1366 3314 oon
1374 3260 1408 3313 de
1421 3257 1539 3330 negotiis
1549 3256 1734 3328 sacularibus,
1745 3273 1799 3313 non
1810 3256 1842 3312 do

192 3337 294 3402 llumen
322 3347 403 3416 pacis.
436 3339 548 3405 Flumen
576 3350 655 3421 piane
670 3357 720 3419 est,
737 3351 785 3407 sed
801 3353 873 3423 quod
888 3351 990 3423 allluat,
1045 3345 1186 3419 ipsorictu
1197 3348 1455 3404 etrestituneoesse
1466 3347 1644 3420 esteopitare.
1657 3347 1842 3404 Proculavo·

193 3433 330 3508 nonquod
348 3433 416 3492 fluat
442 3435 484 3492 vel
512 3437 615 3495 eltluat.
644 3439 759 3496 Flumen
785 3448 905 3509 vocatur,
936 3455 990 3498 non
1045 3435 1097 3504 his,
1113 3453 1210 3508 magna
1224 3435 1331 3510 quidem
1343 3453 1375 3494 ex
1385 3435 1678 3508 parta‚dieimalitiaet
1689 3435 1842 3494 sollicitudo

194 3521 268 3594 quod
290 3527 409 3580 transeat
423 3526 466 3582 vel
476 3533 651 3596 partmnseat,
664 3527 710 3582 sed
721 3527 795 3598 quod
810 3527 937 3588 abundet.
1044 3524 1116 3581 ritae.
1134 3525 1179 3582 Sic
1188 3525 1329 3582 abscondit
1342 3538 1390 3582 vos
1403 3527 1475 3584 nous
1491 3525 1518 3582 in
1532 3525 1689 3582 abscondito
1712 3527 1837 3582 taberna-

231 3615 258 3669 8.
269 3613 427 3682 AEteroom,
439 3615 535 3687 inquit,
544 3617 641 3688 pieriae
649 3615 772 3690 pondus.
786 3617 846 3672 Non
856 3616 928 3672 onim
942 3631 991 3674 no·
1044 3615 1097 3670 culi
1108 3615 1159 3671 sui.
1180 3619 1288 3685 locata,
1304 3614 1401 3688 itaque,
1422 3615 1606 3682 dilectissimi,
1622 3617 1751 3674 ctotdala
1773 3633 1842 3689 qoo-

193 3700 525 3774 bisgloriosavestismou
537 3703 653 3778 gloriosa
667 3705 775 3775 domus,
785 3704 989 3778 sedipsaglorla
1043 3704 1125 3760 niam
1136 3704 1196 3776 ipse
1208 3709 1249 3760 est
1274 3706 1347 3762 Deos
1366 3703 1453 3776 (Paul.
1464 3720 1529 3773 xcv,
1541 3705 1595 3777 ll),
1613 3703 1730 3774 Verum,
1745 3711 1775 3760 ut
1789 3705 1842 3761 hoe

193 3791 992 3868 promittitur.Siquidreroillorumautsimiliumaliquan·
1044 3791 1207 3864 otiandoqne
1235 3792 1362 3864 possitis,
1384 3793 1536 3848 curandum
1560 3801 1600 3849 est
1621 3794 1699 3851 robis
1719 3793 1793 3864 prius
1812 3804 1841 3850 ut

193 3880 230 3936 do
245 3879 442 3954 dicitur,ligura
452 3889 503 3942 est.
516 3884 584 3938 Nam
593 3883 619 3938 in
629 3883 886 3952 raritatejustornm
897 3898 991 3956 exspe-
1043 3879 1155 3938 videatis
1170 3879 1234 3952 qnid
1249 3879 1314 3936 estio
1327 3897 1385 3950 vos,
1407 3887 1443 3945 et,
1466 3883 1543 3952 juxta
1557 3882 1681 3951 eiusdem
1700 3883 1840 3955 propheto}

193 3969 276 4026 olatio
289 3984 344 4026 non
359 3971 458 4043 aliquid
479 3971 582 4041 laetum,
598 3972 645 4028 sed
659 3972 718 4044 ipsa
732 3972 825 4029 laetitia
839 3981 880 4029 est
897 3973 988 4046 (Pron.
1042 3983 1135 4024 uocem
1153 3970 1370 4040 :Selampoura
1381 3971 1516 4042 quoniam
1529 3970 1656 4028 homines
1666 3975 1736 4028 root
1748 3973 1836 4040 (Paul.

193 4074 220 4128 x,
236 4060 293 4129 28).
309 4059 434 4116 Gaudent
449 4059 476 4118 iu
486 4060 563 4128 cibis,
577 4059 697 4135 madent
710 4061 738 4117 in
752 4062 992 4136 pompis,gaudent
1043 4073 1081 4128 ιιι,
1097 4059 1154 4130 tl).
1167 4058 1236 4114 Huic
1253 4058 1352 4130 duplici
1365 4058 1574 4116 considerationi
1598 4065 1653 4115 tota
1669 4063 1726 4116 baea
1749 4068 1840 4116 vestra

190 4145 218 4202 in
234 4139 344 4220 divitiis,
363 4149 482 4223 gaudent
495 4158 521 4206 et
540 4149 652 4206 insiliis
673 4150 797 4208 homines
814 4169 821 4220 ;
838 4151 886 4207 sed
902 4151 991 4209 luctus
1043 4147 1145 4204 vocatio
1161 4147 1302 4219 tribuatur,
1316 4148 1507 4204 sicutsanctns
1520 4148 1630 4207 orabat:
1650 4167 1663 4201 r
1682 4149 1770 4216 Deus,
1787 4163 1840 4205 oo-

192 4223 312 4293 extrema
322 4247 435 4312 occupat
443 4239 575 4310 ejusmodi
590 4240 763 4312 gaudiorum,
780 4242 851 4312 quod
862 4240 990 4315 gaudium
1043 4235 1130 4293 verim
1148 4253 1202 4305 me,
1218 4235 1336 4294 noverim
1351 4245 1377 4294 te
1391 4237 1594 4310 (Auoosrrnos
1609 4241 1642 4295 io
1659 4241 1778 4312 Coosesa.
1802 4240 1840 4296 ll-

190 4323 220 4379 in
235 4327 346 4384 materia
360 4328 528 4385 convertibili
543 4328 640 4384 mutari
655 4343 768 4385 necesse
783 4328 818 4386 sit
833 4345 862 4386 re
876 4337 988 4387 munta.
1043 4324 1120 4398 bris).
1137 4343 1152 4377 o
1167 4325 1310 4395 Quomodo
1324 4328 1397 4384 enim
1417 4337 1499 4384 notus
1513 4329 1564 4384 sibi
1575 4329 1684 4386 ridetur
1699 4331 1792 4403 bomo,
1802 4331 1840 4384 la·

190 4413 354 4472 Accenditur
367 4431 462 4474 cereus
486 4435 493 4475 :
522 4433 576 4473 non
593 4433 688 4490 purum
709 4417 802 4476 lumen
816 4427 866 4489 est,
883 4419 930 4475 sed
944 4420 988 4475 lu·
1004 4453 1028 4532 n
1044 4414 1117 4471 boris
1131 4414 1251 4488 fugitans
1266 4423 1293 4474 et
1303 4416 1423 4474 detonsa
1442 4425 1488 4475 aut
1509 4419 1647 4491 quomodo
1671 4419 1722 4474 seit
1736 4435 1765 4474 se
1779 4435 1840 4475 ease

191 4519 290 4574 cerua;
314 4505 448 4578 siquidem
477 4504 548 4578 ignis
562 4507 619 4579 ipse
635 4507 745 4581 propria
760 4506 877 4564 fomenta
892 4523 989 4566 consu·
1044 4505 1190 4571 hominem,
1207 4507 1254 4577 qui
1269 4508 1302 4563 ad
1317 4507 1345 4560 id
1360 4517 1469 4577 paratus
1483 4523 1537 4563 non
1553 4508 1637 4563 estad
1647 4507 1721 4578 quod
1736 4513 1840 4565 natus?

191 4592 249 4663 mit,
287 4591 398 4652 1⁰8⁷
426 4610 476 4651 nec
499 4594 550 4650 nisi
573 4596 635 4667 ipsa
650 4595 857 4666 consumptione
872 4597 988 4654 fovetur.
1044 4596 1141 4661 Hecto,
1159 4597 1253 4668 inquit,
1270 4598 1449 4654 nascitur-ad
1461 4598 1584 4655 laborem
1596 4597 1665 4666 (lob.
1676 4614 1702 4664 v,
1713 4597 1754 4669 7).
1770 4598 1838 4652 Nam

190 4681 276 4740 Porro
290 4683 433 4740 deficiente
454 4677 569 4741 materia
590 4685 670 4740 etiam
685 4685 743 4758 ipse
759 4685 877 4756 deliciet,
902 4695 927 4741 et
943 4687 988 4742 ubi
1044 4683 1078 4739 ad
1093 4683 1214 4741 dolorem
1229 4693 1321 4740 natum
1337 4701 1366 4741 se
1383 4685 1496 4751 dubitat,
1517 4685 1563 4757 qui
1582 4699 1636 4741 non
1651 4692 1730 4742 natus
1753 4694 1793 4743 est
1812 4685 1839 4742 in

190 4769 267 4827 illam
292 4773 393 4832 rideris
406 4787 519 4844 prorsus
534 4782 666 4843 exustam,
682 4774 877 4849 huncquoque
891 4775 989 4831 nihilo·
1044 4771 1149 4828 dolore.
1165 4772 1219 4829 Sed
1234 4772 1355 4829 dolorem
1383 4773 1559 4847 parturientis
1580 4773 1693 4844 clamor,
1717 4775 1838 4832 laborem

189 4859 282 4918 minus
306 4862 467 4920 exstinctum
489 4877 548 4919 asse
563 4864 690 4934 reperies.
703 4863 779 4922 Sicut
794 4878 860 4937 ergo
874 4863 988 4920 ilammm
1042 4861 1129 4936 prolis
1142 4863 1221 4918 tletus
1231 4863 1363 4917 indicatet
1377 4863 1493 4935 vagitus.
1514 4864 1652 4933 Quoniam
1668 4866 1702 4921 to
1718 4865 1840 4924 laborem

188 4947 260 5006 illius
273 4952 422 5010 norissima
443 4952 533 5008 tumus
547 4962 661 5024 occupat
689 4953 829 5026 etcaligo,
845 4953 884 5010 sic
897 4951 990 5010 laetitia
1042 4951 1204 5010 etdolorem
1228 4950 1397 5017 consideras,
1417 4951 1454 5008 ait
1472 4952 1607 5023 Propheta
1624 4955 1709 5021 (Paul.
1725 4969 1763 5023 rx,
1781 4955 1838 5027 tt).

187 5037 257 5095 laetae
271 5039 311 5097 rei
325 5039 353 5096 in
369 5040 502 5099 tristitiam
522 5049 713 5099 commutatur.
728 5043 814 5098 Nobis
829 5052 987 5102 autemnon
1042 5041 1131 5098 Labor
1145 5043 1171 5097 in
1186 5041 1344 5113 actionibus,
1361 5041 1439 5098 dolor
1452 5041 1480 5096 in
1494 5041 1728 5116 passionibusest.
1744 5043 1839 5098 Proin·

186 5127 275 5185 larum
292 5129 392 5203 mallis,
413 5131 462 5188 sed
476 5131 649 5203 purissimum
665 5139 692 5188 et
705 5132 919 5206 liquidissimum
933 5136 986 5192 mol
1042 5131 1077 5187 de
1090 5130 1137 5203 qui
1156 5145 1185 5186 se
1209 5139 1319 5188 noverat
1341 5130 1490 5197 bominem,
1511 5132 1544 5187 ad
1559 5141 1704 5204 utrumque
1727 5139 1839 5204 paratus

186 5221 309 5292 reposuit
336 5222 428 5295 Deus;
452 5222 543 5295 ipsam
570 5222 648 5294 plane
663 5221 793 5294 laetitiam,
809 5222 900 5294 ritem,
925 5225 986 5300 glo·
1040 5219 1158 5294 supplici
1182 5220 1353 5277 confessione
1371 5219 1477 5276 dicebat
1496 5238 1502 5276 :
1518 5224 1657 5278 Paratum
1667 5235 1716 5279 cor
1729 5237 1835 5288 meum,

184 5309 264 5381 riam,
291 5325 398 5382 pacem,
413 5310 588 5383 uoluptatem,
604 5312 800 5382 amoeoitatem,
817 5311 983 5383 felicitatem,
1039 5311 1123 5381 Deos,
1136 5315 1326 5385 porotomcor
1339 5309 1532 5382 maomffml:
1548 5326 1602 5379 avr,
1613 5313 1648 5374 8).
1660 5311 1693 5366 Et
1702 5311 1837 5384 geminam

179 5399 375 5469 iucunditatem
404 5409 431 5459 at
458 5401 677 5462 exultatationem
700 5401 892 5459 thesaurizavit
907 5405 986 5462 nobis
1040 5401 1110 5457 banc
1134 5397 1356 5472 praeparationem
1380 5398 1532 5456 evidentius
1555 5399 1721 5470 exprimens,
1746 5400 1779 5456 de
1795 5415 1836 5456 ac-

181 5487 317 5546 Domlnns
341 5489 417 5547 Deus
433 5499 547 5548 noster:
569 5501 595 5548 at
613 5493 671 5549 haec
692 5490 782 5548 omnia
795 5507 889 5562 unum,
905 5499 936 5548 ut
950 5493 985 5549 sit
1040 5490 1226 5563 tionequidem
1241 5491 1606 5556 :Parolosanmaitalooo
1617 5506 1681 5548 som
1692 5491 1829 5556 turbator,

179 5573 352 5649 participatio
380 5579 528 5637 Jerusalem
543 5580 570 5636 in
603 5580 728 5651 idipsum.
745 5579 780 5635 Et
794 5581 848 5636 hoc
860 5597 946 5638 unum
958 5592 984 5641 et
1037 5582 1240 5658 oterotodr'om
1253 5581 1450 5638 mendatotoo
1466 5581 1833 5654 (Psol.cxrru,60).Depas-

169 5663 301 5740 ,idipsum
316 5669 424 5727 nonnisi
438 5669 579 5743 ipse,sient
590 5687 671 5743 snpra
680 5670 867 5736 meminimus,
877 5671 984 5730 dicente
1038 5669 1113 5727 sione
1123 5685 1186 5727 rere
1199 5669 1416 5743 :Epoinqnitio
1427 5670 1540 5742 depello
1548 5672 1833 5744 puratosaometdo·

183 5752 312 5829 apostolo
326 5761 453 5833 moniam
474 5764 530 5821 crit
557 5765 627 5820 Deos
646 5763 742 5820 emoto
756 5762 788 5817 io
814 5761 944 5821 omnibns
958 5763 986 5836 (l
1038 5760 1168 5817 lormoos
1182 5761 1214 5816 lo
1230 5763 1382 5832 conspeetu
1397 5775 1459 5818 meo
1469 5773 1580 5828 semper
1594 5758 1763 5828 (Poolnxxv,
1775 5759 1831 5828 lt).
