4118 6346
212 369 266 434 433
407 363 440 426 itt
457 356 621 428 hottttuut
640 367 742 430 uitta
767 366 923 430 octtvttl
941 367 1179 433 tssbhlttottts
1197 368 1228 428 B.
1247 361 1528 426 matutinatus
1547 359 1666 424 statio.
1809 359 1864 420 tat

210 497 277 554 lara
291 491 385 566 sponsi
407 490 459 548 sub
478 491 568 564 capite
587 492 647 561 eius
670 493 777 563 etjam
801 492 914 550 dextera
937 495 1008 552 illins
1024 509 1049 590 Ι
1065 503 1170 553 ceterae
1188 507 1294 558 omnes,
1318 490 1366 549 sed
1394 489 1597 560 superveniente
1622 487 1723 562 Sphatu
1749 497 1857 560 sancto,

210 582 380 655 amplexatur
403 596 463 638 eam
484 581 578 652 (Cant.
602 595 633 650 rr,
659 582 697 652 6).
723 580 791 650 Quis
812 579 873 638 illas
895 584 1010 643 aestimet
1066 581 1135 656 sola,
1152 589 1180 638 et
1197 581 1232 640 de
1260 579 1319 638 sola
1342 577 1557 636 sanctificatione
1582 577 1667 636 bieria
1694 578 1860 652 conciperet.

208 671 431 746 'gemmatiquia
440 668 531 726 stellas
540 669 672 741 nominet,
684 669 783 741 quihus
794 671 886 728 llariae
903 673 1010 746 regium
1064 676 1133 732 Nam
1147 673 1332 748 quodrerum
1360 669 1448 726 Deum
1471 676 1500 726 et
1519 668 1570 724 Dei
1599 668 1696 726 Filium
1709 668 1814 743 genuit,
1831 673 1862 724 ut

209 761 334 818 diadema
344 764 516 830 compactum
526 765 583 814 est:
600 757 690 831 Supra
701 758 839 816 homiuem
849 767 891 817 est
901 775 1010 820 corona
1064 764 1136 822 idem
1151 765 1211 837 ipse
1223 762 1274 820 liei
1295 767 1376 834 atque
1395 757 1516 816 hominis
1543 757 1625 828 filius,
1658 775 1728 815 unns
1748 757 1860 816 omnino

208 850 294 921 hujus
309 848 443 905 rationem
463 861 609 918 exponere,
634 846 754 905 indicare
773 849 1007 920 compositionem.
1062 855 1136 910 Deus
1151 864 1179 909 et
1191 855 1274 910 horno
1288 849 1411 924 prodiret
1423 865 1456 906 ex
1469 847 1566 915 hieria,
1587 848 1702 933 abyssus
1720 856 1762 904 est
1775 846 1861 906 tuni-

207 939 267 995 Nos
277 945 367 994 tamen
377 950 428 1009 pro
443 935 556 991 modulo
566 936 1009 1010 nostraeexiguitatis,abstinentes
1062 941 1127 998 nis:
1150 957 1201 998 nec
1215 940 1296 996 facile
1310 936 1437 1004 dixerim,
1453 937 1526 1007 quod
1542 935 1588 992 vel
1612 934 1751 1008 angelicus
1765 936 1860 992 oculus

209 1044 225 1084 a
239 1025 391 1098 periculoso
401 1022 534 1080 scrutinio
544 1033 719 1096 secretorum,
731 1040 786 1092 non
795 1026 947 1101 incongrue
957 1029 1009 1086 ior·
1062 1030 1096 1086 ad
1109 1030 1193 1100 hujus
1207 1027 1321 1102 fulgoris
1336 1023 1533 1084 vehementiam
1548 1037 1605 1079 non
1618 1021 1737 1094 caliget.
1753 1022 1793 1078 De
1808 1039 1862 1080 cae-

208 1115 279 1172 sitan
297 1111 441 1170 duodecim
457 1112 549 1170 stellas
572 1113 648 1181 istas,
663 1114 807 1172 duodecim
829 1119 1008 1190 praerogativa
1062 1127 1119 1176 tero
1142 1133 1205 1176 sane
1228 1125 1255 1174 et
1277 1114 1461 1192 virginitatem
1474 1111 1564 1172 carnis
1577 1123 1603 1170 et
1617 1112 1787 1184 propositum
1801 1111 1859 1168 tir-

206 1203 351 1276 gratiaram
359 1200 512 1274 intelligere
522 1203 662 1260 videamur
673 1203 931 1280 [etioavdeamasp
942 1208 1005 1281 qui-
1062 1209 1193 1281 ginitatis,
1207 1207 1323 1263 mamma
1343 1213 1371 1262 et
1384 1203 1470 1278 ipsius
1483 1219 1594 1276 quoque
1608 1199 1739 1275 propositi
1752 1200 1860 1258 novitas

206 1294 258 1350 bus
270 1291 356 1348 hieria
371 1291 546 1365 singulariter
560 1293 717 1350 adornetur.
727 1295 865 1365 Siquidem
884 1296 1007 1356 invenire
1062 1297 1200 1354 euidenter
1213 1296 1349 1352 illustrat:
1373 1293 1446 1364 quod
1460 1290 1587 1348 uidelicet
1601 1289 1630 1346 in
1645 1289 1769 1346 libertate
1782 1287 1859 1360 spiri-

207 1387 248 1438 est
263 1379 290 1436 io
305 1379 390 1436 bieria
405 1381 603 1455 praerogativas
617 1381 895 1460 coeli,praerogatiras
906 1387 1006 1456 carnis,
1062 1395 1107 1444 tus
1134 1385 1203 1458 legis
1230 1386 1356 1442 liosaicae
1383 1383 1491 1439 decreta
1511 1380 1715 1447 transcendens,
1730 1376 1859 1433 illibatam

207 1469 403 1542 praerogativas
425 1469 515 1526 cordis
531 1486 537 1525 :
553 1477 579 1527 et
594 1470 617 1525 si
638 1470 720 1526 luerit
734 1473 867 1528 teruncius
888 1473 939 1532 iste
959 1492 1008 1547 per
1062 1476 1119 1532 Deo
1134 1474 1258 1547 corporis
1272 1473 1352 1530 simul
1380 1479 1406 1529 ot
1428 1469 1541 1545 spiritus
1555 1468 1758 1526 sanctimoniam
1772 1465 1857 1524 vovit.

207 1557 412 1630 quaternarium
434 1557 639 1632 multiplicatus,
666 1560 798 1616 hahemus
821 1561 893 1620 iorte
915 1563 1008 1620 stellas
1062 1563 1161 1621 Probat
1184 1563 1255 1620 euim
1279 1559 1411 1636 propositi
1444 1559 1600 1617 inviolabile
1634 1557 1839 1614 tunaamanrum

207 1645 359 1719 duodecim,
382 1645 483 1720 quibus
506 1647 608 1721 reginae
627 1654 728 1705 nostrae
752 1649 875 1706 diadema
896 1651 1007 1724 praeiul·
1061 1652 1134 1724 quod
1150 1657 1203 1708 tam
1218 1657 1373 1706 constanter
1387 1647 1553 1720 promittenti
1580 1647 1664 1704 lilium
1689 1645 1787 1722 angelo
1814 1660 1860 1701 re·

207 1741 272 1809 geat
285 1735 430 1793 universis.
446 1735 509 1791 hiihi
525 1752 590 1793 eane
613 1737 758 1810 singularis
781 1737 875 1795 rutilat
896 1739 1002 1815 sulgon
1060 1741 1185 1814 spondit:
1206 1740 1344 1810 Quomodo
1358 1739 1407 1809 fiat
1426 1737 1514 1804 etad,
1530 1739 1665 1810 quonism
1684 1737 1779 1794 cinam
1801 1751 1859 1793 mora

206 1823 430 1898 primoquidem,
455 1825 483 1881 iu
500 1825 591 1883 blariaa
615 1827 806 1900 generatione:
827 1830 958 1899 secundo,
978 1831 1006 1886 in
1061 1830 1216 1905 cognosco?
1230 1830 1336 1901 (Luat,
1352 1825 1411 1900 et.)
1428 1827 1509 1883 Forte
1524 1827 1596 1882 enim
1611 1832 1753 1897 propterea
1768 1824 1857 1898 primo

206 1913 329 1986 angelica
351 1914 513 1970 salutatione
526 1934 534 1984 3
550 1914 643 1983 tertio,
659 1916 687 1972 iu
713 1915 830 1988 Spiritus
855 1935 1005 1991 superren·
1061 1917 1168 1974 turbata
1182 1919 1259 1974 estin
1274 1931 1399 1974 sermone
1414 1916 1484 1987 ejus,
1500 1923 1527 1970 at
1536 1915 1676 1989 cogitabat
1685 1913 1772 1984 qualis
1785 1918 1858 1969 osset

206 2003 299 2077 hone3
315 2013 420 2076 quarto,
436 2003 464 2058 iu
480 2003 793 2061 Filiilleiinenarrabili
817 2006 1006 2079 conceptione.
1061 2005 1113 2061 ista
1133 2005 1268 2075 salutatio,
1298 2005 1371 2077 quod
1401 2003 1573 2061 benedictam
1604 2016 1665 2058 sese
1688 2000 1808 2056 audisset
1830 2000 1857 2056 in

209 2091 255 2148 Sic
271 2100 297 2148 ct
311 2092 339 2148 in
354 2092 395 2147 liis
410 2107 518 2165 quoquc
532 2092 668 2149 sidereum
693 2094 773 2164 plane
786 2093 898 2151 irradiat
912 2095 1006 2166 decus,
1061 2094 1230 2161 mulieribus,
1256 2110 1317 2167 quae
1345 2092 1475 2149 nimirum
1502 2088 1625 2146 benedici
1653 2088 1682 2144 in
1709 2087 1858 2160 virginibus

208 2180 282 2253 quod
298 2180 460 2252 riaginitatis
474 2180 638 2253 primiceria,
659 2182 732 2254 quod
757 2183 815 2240 sine
834 2186 1007 2254 corruptione
1061 2200 1169 2256 semper
1185 2185 1303 2257 optabat.
1320 2186 1354 2240 Et
1377 2186 1476 2239 extunc
1491 2179 1601 2254 quidem
1621 2177 1756 2252 cogitabat
1769 2177 1859 2251 qualis

208 2267 334 2336 ieounda,
349 2270 424 2342 quod
448 2269 507 2326 sinc
528 2269 686 2344 gravamine
708 2271 831 2344 gravida,
852 2273 927 2345 quod
950 2275 1007 2331 sine
1061 2280 1134 2329 esset
1148 2273 1199 2330 ista
1223 2273 1348 2329 salutatio
1377 2273 1470 2344 (otios,
1500 2267 1675 2341 benedictio),
1702 2267 1776 2342 quod
1800 2268 1857 2338 jana

211 2355 432 2416 limdolore
441 2375 588 2433 puerpera.
603 2359 784 2416 Nihilominus
799 2362 878 2416 etiam
893 2362 1006 2434 speciali
1060 2363 1197 2421 videretur
1223 2378 1284 2418 esse
1301 2352 1435 2433 suspecta.
1461 2361 1512 2418 Ubi
1531 2373 1596 2416 vero
1623 2356 1651 2412 iu
1675 2355 1858 2428 promissione

208 2446 327 2518 quodam
341 2448 487 2522 splendore
502 2448 529 2502 in
553 2448 640 2505 illaria
663 2456 807 2506 coruscant
825 2451 1007 2508 mansuetudo
1060 2451 1109 2508 filii
1136 2450 1308 2507 manifestum
1331 2449 1495 2522 virginitatis
1526 2442 1680 2521 periculum
1703 2445 1856 2514 uidebatur,

207 2535 330 2606 pudoris,
347 2535 456 2594 devotio
469 2536 641 2607 humilitatis,
656 2537 862 2610 magnanimitas
885 2539 1006 2597 creduli·
1059 2556 1115 2597 nou
1130 2539 1297 2612 potuitultra
1312 2537 1485 2595 dissimulare
1499 2537 1675 2608 quindiceret
1692 2553 1699 2592 ε
1717 2534 1856 2604 Quonam

208 2623 282 2692 tatis,
297 2625 456 2698 martyrium
480 2625 581 2682 cordis.
602 2624 704 2682 Vestrae
727 2627 837 2696 quidem
859 2627 1007 2684 sedulitatis
1059 2622 1858 2702 fietistud,quoniamvimmacaeopooacoilieritoprc-

207 2711 259 2768 erit
272 2713 381 2788 singula
396 2729 511 2786 quaeque
524 2712 682 2786 diligentius
700 2714 808 2772 intueri,
824 2715 880 2772 Nos
897 2716 1006 2772 interim
1058 2719 1123 2775 inde
1142 2727 1168 2774 et
1191 2718 1264 2773 illam
1293 2717 1392 2773 meruit
1419 2715 1645 2786 benedictionem,
1675 2720 1703 2771 et
1716 2714 1786 2770 hanc
1800 2726 1855 2768 non

206 2800 391 2858 satisfecisse
416 2801 576 2872 videbimur,
592 2801 616 2858 si
638 2802 756 2861 breviter
781 2815 815 2862 ea
836 2803 1006 2875 potuerimus
1060 2807 1162 2878 amisit;
1184 2813 1213 2862 ut
1232 2807 1312 2880 longe
1326 2803 1471 2880 gloriosior
1484 2803 1531 2860 liat
1554 2811 1582 2861 et
1603 2804 1748 2877 virginitas
1763 2817 1796 2857 ex
1810 2799 1854 2857 le-

205 2887 417 2969 demonstrare.¹
1060 2896 1205 2968 canditate,
1222 2904 1249 2951 et
1276 2912 1308 2952 ex
1331 2892 1484 2968 virginitate
1506 2893 1670 2962 fecunditas,
1697 2906 1728 2946 ac
1753 2888 1856 2946 mutuis

244 2981 272 3036 8.
288 2976 360 3047 Quid
375 2991 441 3052 ergo
460 2977 599 3036 sidereum
613 2978 695 3036 micat
715 2978 744 3035 in
757 2981 930 3052 generatione
943 2982 1005 3040 bia-
1021 2955 1042 3034 Β
1060 3003 1120 3044 sese
1129 2985 1214 3041 radiis
1228 2983 1362 3040 illustrare
1375 2985 1434 3039 haec
1447 2982 1501 3040 duo
1516 2981 1606 3040 sidera
1626 2981 1780 3040 videantur.
1795 2977 1855 3034 lla-

206 3067 279 3124 riaei
294 3067 375 3124 Plane
390 3069 463 3141 quod
477 3083 511 3124 ea
533 3067 644 3142 regibus
664 3075 732 3140 orta,
747 3069 820 3140 quod
844 3086 880 3127 ex
904 3071 1005 3128 semine
1059 3091 1145 3151 gnum
1159 3074 1231 3132 euim
1246 3083 1287 3130 est
1301 3072 1434 3146 virginem
1449 3087 1526 3144 esse3
1538 3071 1585 3128 sed
1596 3069 1727 3143 uirginem
1741 3074 1855 3124 matrem

205 3156 332 3226 Abrahae,
349 3157 423 3229 quod
437 3172 572 3231 generosa
586 3173 619 3214 ex
642 3159 729 3229 stirpe
743 3159 839 3216 Dauid.
863 3160 891 3216 Si
911 3161 939 3216 id
953 3177 1002 3234 pa·
1056 3181 1126 3233 esea,
1137 3165 1218 3238 longe
1233 3162 1351 3235 amplius
1365 3179 1415 3235 per
1435 3177 1542 3218 omnem
1557 3159 1678 3217 modum.
1693 3159 1759 3214 ture
1773 3157 1853 3214 etiam

206 3261 267 3300 rum
286 3244 400 3316 videtur,
416 3246 484 3303 adde
499 3245 573 3319 quod
586 3245 756 3319 generationi
770 3247 809 3304 illi
820 3248 855 3304 oh
866 3249 1003 3324 singulare
1056 3255 1122 3310 illud
1147 3252 1371 3310 molestissimum
1395 3251 1513 3321 taedium,
1538 3264 1592 3320 quo
1619 3247 1733 3320 reliqua
1759 3261 1855 3302 omnes

206 3333 377 3406 privilegium
392 3335 540 3392 sanctitatis
563 3335 691 3392 divinitus
706 3335 828 3394 noscitur
850 3353 911 3395 csse
934 3354 1001 3395 con·
1056 3343 1174 3418 gravidae
1198 3342 1324 3398 mulieres
1351 3339 1476 3396 laborare
1513 3343 1682 3408 noscuntur,
1712 3335 1771 3392 sola
1798 3349 1853 3390 uon

204 3438 299 3492 cessa;
324 3425 393 3496 quod
420 3425 499 3497 longe
522 3432 585 3481 ante
616 3424 718 3482 eisdem
741 3426 863 3499 patribus
896 3427 1002 3485 coelitus
1056 3432 1150 3498 sensit,
1167 3447 1228 3504 quae
1251 3430 1308 3486 sola
1326 3429 1384 3484 sine
1399 3427 1544 3485 libidinosa
1558 3425 1696 3496 voluptate
1717 3422 1852 3495 concepit.

204 3513 385 3582 repromissa;
414 3513 485 3588 quod
510 3513 633 3588 mysticis
658 3515 829 3588 praetigurata
846 3516 1001 3584 miraculis,
1054 3521 1133 3577 Unde
1147 3528 1175 3576 ct
1188 3518 1217 3574 in
1232 3517 1293 3592 ipso
1306 3531 1363 3574 suae
1377 3513 1562 3587 conceptionis
1575 3511 1662 3578 initio,
1680 3511 1786 3584 quando
1800 3526 1853 3582 po·

204 3601 279 3673 quod
298 3602 416 3659 oraculis
431 3603 612 3672 praenuntiata
635 3601 812 3674 propheticis.
838 3605 911 3660 lianc
929 3605 1002 3660 enim
1055 3610 1187 3666 tissimum
1208 3615 1311 3667 caeterae
1325 3606 1453 3664 mulieres
1474 3602 1656 3661 miserabilius
1684 3599 1851 3676 aiilighntttr,

202 3689 379 3746 sacerdotalis
402 3689 488 3762 virga,
515 3690 579 3745 dum
606 3689 665 3746 sinc
687 3691 776 3747 radice
795 3691 885 3748 floruit
904 3692 999 3764 (Nom.
1055 3697 1140 3754 biario
1166 3704 1223 3752 tota
1238 3695 1372 3752 alacritate
1394 3701 1523 3752 montana
1537 3690 1704 3754 conscendit.
1721 3689 1852 3748 utElise·

201 3793 267 3846 xvtt,
285 3778 332 3852 8);
350 3781 419 3835 banc
433 3777 571 3834 Gedeonis
586 3780 682 3848 vellus,
698 3780 762 3835 dum
777 3779 804 3835 iu
819 3780 907 3838 medio
922 3780 1000 3838 siccae
1053 3786 1118 3841 beth
1132 3784 1297 3842 ministraret
1323 3783 1376 3838 Sed
1392 3793 1418 3840 et
1441 3781 1562 3840 ascendit
1575 3780 1740 3845 Bethlehem,
1758 3777 1853 3833 immi-

203 3883 273 3924 areae
291 3867 394 3925 maduit
408 3868 511 3940 (tudio.
522 3885 560 3936 vr,
577 3871 621 3938 et,
638 3871 703 3942 38);
718 3871 789 3926 hanc
804 3869 831 3926 in
848 3869 1000 3928 Ezechielis
1055 3875 1196 3942 nentejam
1208 3864 1851 3943 partu,portanspretiosissimumilluddeposi-

201 3956 308 4013 risione
328 3957 469 4014 orientalis
491 3965 579 4030 porta,
601 3973 661 4029 quae
685 3958 751 4014 nulli
769 3949 891 4031 unquam
913 3961 1000 4030 patuit
1054 3959 1407 4032 tum,portansonusleve,
1419 3954 1852 4030 portansaquoportabatur.Sic

202 4046 313 4118 (llaecb.
330 4060 407 4116 xutv,
424 4048 450 4113 d,
466 4045 503 4117 2),
521 4047 715 4122 praesignabat.
727 4049 801 4103 Hanc
814 4047 932 4121 denique
943 4065 999 4121 prae
1051 4060 1078 4110 et
1092 4052 1120 4107 in
1131 4056 1207 4122 partu
1221 4065 1303 4121 quam
1316 4049 1436 4105 lucidum
1448 4046 1576 4121 estquod
1590 4060 1661 4103 nora
1673 4042 1851 4100 exsultatione

192 4133 308 4192 ¹caeteris
321 4134 407 4190 isaias
422 4151 492 4192 nunc
502 4135 607 4208 virgam
622 4137 656 4191 dc
670 4136 760 4194 radice
772 4137 849 4194 lasse
864 4137 996 4194 orituram
1052 4157 1150 4198 novam
1160 4139 1244 4196 edidit
1257 4139 1372 4211 prolem,
1389 4139 1446 4194 solo
1456 4136 1527 4193 inter
1541 4133 1667 4191 mulieres
1681 4149 1697 4187 a
1711 4130 1849 4188 communi

201 4226 375 4298 promittebat
398 4225 464 4298 (lea.
480 4241 521 4296 αι,
537 4226 583 4298 i).
599 4241 670 4282 nttno
683 4227 843 4306 'evidentius
864 4227 999 4302 virginem
1054 4228 1198 4285 maledicto
1219 4237 1247 4285 et
1281 4225 1376 4284 dolore
1404 4223 1600 4298 parturientium
1619 4217 1733 4277 1010
1751 4218 1849 4274 aliena.

199 4314 360 4388 parituram.
384 4315 480 4371 bierito
518 4314 626 4388 signum
645 4317 698 4372 hoc
721 4331 851 4392 magnum
874 4317 901 4372 in
930 4320 999 4374 coelo
1054 4319 1081 4376 Si
1110 4335 1199 4375 rerum
1228 4317 1316 4389 pretia
1339 4317 1373 4372 de
1404 4314 1511 4372 raritate
1538 4327 1695 4385 pensamus,
1721 4308 1787 4364 nihil
1807 4307 1850 4363 his

199 4405 362 4477 apparuisse
373 4403 510 4472 scribitur,
524 4406 598 4478 quod
615 4412 689 4461 tanto
705 4413 768 4462 ante
777 4407 811 4462 de
827 4407 897 4464 coelo
912 4407 999 4464 nosci·
1055 4415 1144 4480 potest
1166 4405 1252 4464 rarius
1272 4404 1401 4462 inveniri.
1430 4402 1568 4476 Siquidem
1583 4402 1610 4456 in
1643 4399 1769 4456 mnibus
1791 4397 1851 4452 istis

201 4500 247 4549 tur
262 4491 344 4550 luisse
358 4493 533 4564 promissum.
550 4494 683 4551 Dominus
693 4495 750 4552 ait:
767 4497 827 4570 lpse
837 4497 914 4556 dabit
926 4497 1000 4555 vobis
1055 4513 1105 4554 nec
1116 4496 1230 4568 primam
1245 4495 1360 4552 similem
1374 4493 1431 4550 visa
1445 4504 1496 4562 est,
1507 4507 1559 4548 nec
1568 4489 1668 4546 hahere
1683 4491 1850 4559 sequentem.

200 4584 326 4654 siparum.
337 4585 407 4639 Ecce
417 4584 494 4655 virgo
508 4585 647 4658 coateipe‘et
661 4585 783 4657 (laam,
800 4587 856 4658 tt).
872 4586 998 4658 hlaguum
1051 4587 1186 4660 Equihus
1200 4603 1261 4652 nos,
1282 4584 1305 4640 si
1320 4601 1353 4640 ee
1378 4581 1495 4639 iideliter
1518 4581 1666 4642 intuemur,
1690 4575 1749 4630 sine
1764 4573 1847 4630 dubio

193 4670 322 4742 protecto
336 4671 445 4746 signum
459 4672 541 4742 dedit,
563 4673 627 4745 quia
640 4681 667 4730 et
681 4689 796 4748 magnus
815 4674 875 4747 ipse
890 4676 937 4746 qui
953 4676 998 4732 de·
1052 4677 1257 4733 admirationem
1275 4672 1455 4742 concipimus,
1484 4669 1533 4726 sed
1560 4664 1763 4725 venerationem
1779 4703 1786 4730 ,
1801 4663 1850 4719 sed

191 4761 251 4819 dit.
274 4761 363 4832 Hujus
388 4747 454 4838 e‘rgo
478 4761 660 4836 praerogative
690 4763 781 4836 fulgor
805 4779 921 4836 quorum
943 4780 998 4821 non
1047 4753 1235 4830 devotionem,
1250 4761 1296 4817 sed
1308 4759 1532 4817 consolationem.

191 4847 376 4909 'vehementer
390 4852 546 4908 reverberat
563 4853 648 4932 aciem
671 4853 903 4910 oculorumiiam
917 4854 944 4908 iu
965 4867 998 4912 eo
1090 4857 1133 4910 to.
1161 4852 1297 4908 Caeterum
1312 4864 1372 4920 quae
1388 4855 1491 4906 restant
1505 4845 1605 4913 adhuc,
1628 4853 1655 4902 et
1673 4842 1850 4902 imitationem
1868 4841 1870 4844 ’

200 4939 274 5012 quod
292 4947 346 4996 tam
366 4948 520 4998 reverenter
529 4951 609 5013 atque
622 4939 821 5000 officiosissime
835 4945 870 4998 ab
882 4944 999 5000 archan·
1052 4943 1203 5016 requirunt.
1219 4941 1281 4997 Non
1297 4946 1339 4996 est
1357 4937 1436 4994 nohis
1450 4943 1511 4992 ante
1525 4943 1614 4994 ortum
1636 4942 1691 4994 tam
1704 4933 1850 4991 multifarie

200 5030 265 5102 geio
280 5027 395 5087 salutata
410 5037 462 5100 est,
476 5038 506 5086 ut
521 5031 580 5101 jam
594 5038 657 5088 tuuc
679 5033 806 5108 inregali
826 5032 895 5090 solio
918 5048 999 5104 supra
1054 5033 1199 5104 multisque
1220 5030 1310 5086 modis
1340 5027 1459 5100 promitti
1488 5026 1626 5095 diuinitus,
1648 5025 1754 5082 coelitus
1780 5039 1850 5096 prae·

192 5127 297 5178 'omnes
312 5119 466 5177 coelestium
480 5121 591 5180 ordines
616 5121 753 5196 legionum
772 5124 917 5178 exaltatam
935 5137 999 5179 cer-
1053 5120 1195 5178 nuntiari:
1221 5119 1269 5178 sed
1284 5134 1334 5175 nec
1349 5117 1382 5174 ab
1402 5116 1563 5190 archangelo
1582 5115 1707 5173 Gabriele
1730 5121 1785 5169 tam
1799 5127 1849 5168 no·

202 5223 267 5266 uere
280 5209 432 5277 rideretur,
444 5218 471 5266 et
485 5211 563 5283 paulo
578 5211 667 5268 minus
682 5213 844 5270 adoraturus
859 5211 997 5283 laminam,
1052 5227 1093 5268 vae
1118 5208 1285 5266 salutationis
1305 5197 1448 5280 ¹ohsequiis
1476 5206 1613 5264 honorari.
1643 5205 1733 5262 liinus
1760 5209 1847 5258 autem

200 5299 249 5371 qui
262 5300 367 5356 solebat
381 5299 415 5356 ab
430 5299 584 5359 homiuibus
597 5300 725 5360 hactenus
740 5300 927 5376 equanimiter
949 5302 995 5358 ad·
1052 5307 1152 5357 caetera
1166 5300 1220 5356 duo
1235 5295 1505 5356 communicatuobis
1515 5315 1522 5351 ι
1532 5298 1613 5367 plane
1625 5301 1759 5352 secretum
1768 5307 1848 5348 suurn

200 5389 293 5461 orari;
310 5391 567 5448 excellentissimum
580 5392 788 5467 nohisVirginis
802 5399 903 5450 nostrae
917 5391 999 5449 meri-
1053 5389 1115 5446 sibi.
1125 5389 1188 5446 Solo
1198 5389 1271 5445 enim
1286 5395 1338 5453 est,
1351 5387 1384 5444 de
1400 5400 1454 5459 qua
1468 5385 1584 5442 dicitur:
1603 5384 1680 5455 Quod
1694 5385 1725 5440 ira
1745 5400 1778 5440 eo
1791 5401 1848 5441 aa·

187 5471 269 5548 tum,
285 5489 313 5537 et
326 5480 473 5556 singularis
488 5483 574 5554 gratia
588 5484 801 5541 commendatur.
814 5487 819 5495 '
1053 5485 1115 5537 tom
1130 5484 1181 5545 eat,
1197 5477 1231 5534 de
1251 5478 1363 5552 Spiritu
1376 5479 1476 5533 acacio
1493 5479 1534 5533 eet
1549 5473 1659 5548 (haret.
1670 5489 1688 5542 1,
1702 5474 1748 5546 20)
1766 5491 1773 5528 :
1789 5472 1848 5529 sola

237 5571 263 5628 9.
278 5569 462 5627 Nihilominus
477 5570 563 5646 fulget
574 5573 657 5630 etiam
670 5589 758 5630 novus
772 5573 818 5630 ille
841 5571 998 5645 conceptio·
1055 5569 1098 5626 cui
1113 5566 1213 5625 dicitur
1230 5568 1308 5638 Quod
1323 5584 1359 5626 ea
1375 5571 1401 5623 te
1421 5568 1559 5624 moecatur
1574 5567 1718 5632 maetam,
1735 5564 1849 5624 vocabi-

188 5655 244 5718 'nie
270 5658 380 5730 modus,
405 5667 435 5717 ut
457 5675 512 5720 non
539 5661 567 5718 in
594 5661 744 5736 iniquitate,
774 5662 1001 5738 quemadmodum
1057 5662 1108 5716 iar
1123 5658 1212 5715 Filios
1226 5658 1277 5714 Dei
1291 5659 1368 5729 (loc,
1397 5672 1416 5722 t,
1441 5657 1487 5712 atti
1515 5653 1672 5740 tliierantur
1687 5654 1746 5730 regi
1764 5652 1850 5728 virgi-

189 5745 228 5772 ·-,
291 5777 297 5785 Ι
412 5763 442 5769 ,.
515 5763 556 5786 ,1
595 5765 598 5768 .
660 5755 665 5780 q
761 5761 764 5770 ,
896 5761 900 5768 .
1049 5755 1056 5766 t
1734 5761 1736 5766 .
