4116 6348
105 418 165 480 ott

724 418 896 480 statutus
916 421 956 480 ot
976 419 1152 484 0111111555

1696 433 1749 496 6551

40 577 57 600 .
105 543 303 600 contemnenda
331 552 374 608 est
401 550 512 616 propter
539 541 708 598 brevitatem.
733 542 803 598 Bene
830 541 901 600 enirn
916 558 940 638 fl
956 543 1073 602 mirabili
1095 543 1271 602 mutabilitate
1293 546 1427 608 videntur.
1447 553 1559 610 linitum
1583 559 1685 629 repleta
1707 569 1750 618 est

2 620 64 673 55555
106 639 205 688 natura
218 629 296 686 nobis
308 629 439 704 providit,
455 647 515 702 qnae
530 631 632 686 uultum
647 628 768 688 dolorem
783 630 823 686 vel
839 630 901 688 lon·

3 707 63 776 515
105 736 181 792 gntn,
207 719 249 774 vel
275 735 404 792 maguum
426 735 485 776 esse
508 719 683 774 demonstrat.
701 719 729 776 st
749 719 820 775 enirn
842 735 901 776 rna-

6 799 58 862 Pir
105 825 176 885 gnus
192 817 243 876 est,
261 808 361 882 longus
375 823 435 864 esse
457 823 511 863 uon
536 811 636 878 potest.
652 809 815 878 conjunctio
830 809 900 864 enirn

34 910 63 956 nn
104 896 229 970 corporis
245 905 271 953 et
295 897 391 952 anirnae
414 896 547 972 exquisita
569 896 614 950 diu
639 904 772 952 tormenta
788 913 841 954 non
855 915 901 952 stt-

29 999 60 1048 155
105 988 200 1056 stinet,
225 987 272 1044 sed
296 985 414 1056 stuporis
437 984 622 1056 magnitudine
641 985 806 1056 tremefacta,
824 1003 902 1042 snm-

33 1076 61 1131 §a
105 1090 150 1130 ma
179 1074 321 1132 velocitate
347 1072 513 1130 dissolvitur.
543 1073 634 1146 ttagnt
661 1089 726 1150 crgo
753 1075 833 1130 animi
863 1083 903 1130 est

4 1171 61 1218 155
106 1179 206 1238 magua
230 1171 363 1221 tormenta
385 1169 569 1228 contemnere,
593 1177 654 1233 quae
672 1163 698 1218 in
714 1163 790 1220 brevi
803 1173 902 1220 tantam

33 1264 59 1316 ut
106 1252 218 1323 pariunt
239 1251 428 1322 mutationem,
451 1258 482 1308 ut
504 1251 537 1306 de
562 1250 656 1310 labore
676 1254 709 1310 ad
724 1252 854 1326 requiem,
870 1254 904 1309 de

30 1353 33 1396 t
45 1353 57 1411 '2
107 1341 220 1398 miseria
233 1340 267 1394 ad
280 1339 408 1412 gloriam,
424 1339 571 1412 patientem
593 1340 691 1396 iaciant
705 1341 818 1399 evolare.
833 1343 904 1400 Cott-

3 1487 5 1496 ,
51 1468 58 1502 ,
107 1430 254 1486 sideranda
278 1437 318 1486 est
342 1429 423 1508 etiam
443 1428 574 1504 fragilitas
587 1430 720 1508 corporis,
736 1446 817 1502 quam
831 1447 904 1505 saepe

107 1528 156 1576 ant
170 1518 268 1591 aliquis
282 1517 435 1574 levissimus
455 1533 545 1585 55555,
561 1526 607 1574 ant
630 1518 797 1576 incandentis
821 1520 904 1576 lebri-

2 1627 54 1682 ns,
107 1610 177 1664 cnlae
202 1606 338 1662 cumulata
361 1605 514 1680 congeries.
538 1604 614 1661 brevi
639 1615 748 1677 possunt
770 1607 905 1666 suffocare

2 1720 51 1770 *lt
108 1703 258 1752 momento.
284 1691 384 1750 Tribus
407 1708 472 1766 ergo
493 1693 594 1759 virtuti,
620 1695 642 1748 si
656 1697 802 1752 necessitas
815 1695 916 1766 luerit,

6 1843 48 1860 ·.„
108 1784 183 1857 qnod
207 1783 372 1858 quandoque
394 1783 480 1840 debes
498 1783 663 1852 necessitati,
678 1799 728 1856 pro
743 1785 819 1844 brevi
833 1787 906 1858 peri·

3 1897 4 1936 3
20 1908 47 1950 n:
107 1874 171 1930 culo
187 1873 379 1948 sempiternum
395 1872 536 1943 premium
551 1871 708 1946 adepturus.

956 634 1046 688 anima
1064 647 1170 706 eornm,
1185 635 1362 706 opprobrium
1379 639 1585 714 abundantibus,
1602 657 1628 704 et
1647 648 1748 721 despe-

957 723 1011 777 ctio
1025 723 1149 796 supcrbis
1169 723 1256 796 (Prot.
1280 741 1370 796 ctxtt,
1394 729 1430 798 1).
1456 730 1550 788 Cernis
1564 751 1644 807 quam
1668 737 1752 795 111555

957 808 1044 864 trente
1057 807 1215 881 pontificum
1229 809 1336 882 faciem,
1353 814 1553 874 Pharisaeorum
1567 823 1751 892 supercilium,

957 898 1101 954 tumultum
1115 899 1201 972 plebis
1225 901 1375 972 irrumpant
1394 905 1515 962 dicentes
1536 925 1542 960 :
1561 909 1645 982 lingis
1668 927 1751 984 opor-

958 987 999 1043 tet
1013 988 1067 1043 Deo
1081 985 1190 1046 obedire
1204 1004 1289 1060 quom
1305 989 1487 1048 bominibus?
1501 992 1575 1064 (Act.
1590 1013 1615 1063 v,
1631 999 1690 1068 19.)
1705 999 1752 1054 15-

958 1083 1031 1130 tuere
1046 1074 1090 1130 illa
1103 1075 1157 1132 duo
1174 1093 1272 1150 magna
1290 1078 1442 1146 luminaria,
1457 1081 1565 1138 Petrum
1585 1090 1611 1138 et
1629 1085 1751 1152 Paulutn,

958 1171 985 1218 et
1000 1163 1155 1222 universnm
1170 1165 1293 1223 ordinem
1307 1167 1579 1239 apostolici'senntus
1594 1171 1751 1230 obambula:

958 1259 985 1308 et
998 1252 1036 1308 ibi
1054 1252 1159 1311 videbis
1173 1255 1335 1314 obedientie
1349 1255 1500 1316 firmitatem
1516 1261 1588 1317 inter
1601 1269 1754 1320 tormento-

959 1356 1018 1396 rum
1041 1343 1240 1402 multitudinem
1262 1345 1377 1405 viriliter
1400 1349 1559 1420 perstitisse,
1583 1367 1673 1409 nonne
1696 1353 1755 1426 ipae

958 1427 1043 1484 Filius
1058 1431 1141 1504 regis,
1158 1447 1203 1488 rex
1220 1433 1338 1504 regionis
1352 1434 1434 1504 illius,
1452 1453 1512 1510 qnae
1535 1437 1668 1496 coutinuis
1684 1457 1754 1512 gatt-

959 1517 1011 1574 diis
1027 1519 1187 1590 inclarescit,
1203 1523 1299 1592 sactus
1313 1529 1355 1580 est
1372 1523 1443 1580 Patri
1457 1527 1585 1584 obediens
1607 1545 1695 1604 mque
1719 1529 1755 1586 od

959 1609 1092 1674 mortem,
1107 1613 1227 1666 mortens
1244 1614 1340 1668 notens
1361 1615 1463 1679 crucia
1479 1624 1506 1670 et
1519 1615 1613 1674 didicit
1626 1617 1755 1676 obedien·

960 1693 1022 1750 tiam
1039 1711 1071 1751 stt
1084 1695 1127 1752 bis
1141 1713 1203 1780 quaa
1224 1715 1318 1770 passus
1333 1702 1393 1756 est‘t
1406 1703 1514 1759 Audisti
1530 1707 1679 1778 miseriam,
1693 1708 1757 1767 andi

960 1790 987 1840 et
1009 1799 1155 1855 coronam;
1170 1785 1261 1844 vidisti
1281 1789 1443 1861 periculum,
1459 1793 1521 1849 vide
1542 1797 1693 1870 premium,
1711 1808 1755 1858 at-

961 1871 1070 1930 tendisti
1092 1873 1287 1947 infirmitatem,
1311 1881 1418 1935 attende
1441 1888 1615 1950 potestatem.
1638 1891 1757 1962 Propter

19 2001 52 2023 ..‚
145 1965 192 2018 to.
208 1961 290 2018 Vides
305 1977 371 2034 ergo
385 1977 469 2032 quatu
482 1960 600 2018 difficilis
618 1961 654 2016 sit
667 1962 714 2019 via
727 1963 906 2022 confessionis
922 1944 944 2022 Β
960 1962 1042 2035 quod,
1057 1961 1154 2035 inquit,
1171 1969 1198 2020 ct
1221 1967 1293 2022 Deus
1312 1967 1454 2026 eentteur't
1477 1971 1574 2041 illum,
1595 1977 1624 2031 et
1638 1977 1717 2034 dedit
1730 1981 1757 2035 ei

2 2022 44 2115 “J
108 2050 143 2105 ad
157 2049 331 2116 currendum,
354 2065 432 2121 quant
458 2048 618 2120 multiplices
639 2051 743 2108 semite
758 2053 792 2107 ad
809 2061 905 2110 tenen-

3 2169 48 2220 „q
107 2137 187 2194 dnm.
203 2136 358 2192 Verumest
373 2136 506 2208 quoditie
527 2143 617 2193 tantus
634 2137 762 2196 Ecclesia
776 2141 907 2214 magister

107 2227 146 2282 ait
163 2245 170 2286 :
189 2225 332 2284 «Facilius
353 2225 443 2283 inveni
466 2241 513 2282 eos
535 2226 583 2300 qui
607 2226 788 2286 innocentiam
810 2245 905 2286 serva·

8 2302 48 2397 J,
107 2323 217 2383 terunt,
235 2331 315 2391 quant
340 2315 387 2388 qni
412 2331 559 2389 congruam
585 2325 699 2392 egerunt
720 2317 907 2390 poenitcntiant

3 2453 46 2483 .„,
106 2406 147 2478 (S.
165 2405 292 2462 Anonos.
308 2405 354 2462 lib.
370 2406 393 2462 ll
408 2406 441 2462 de
456 2405 554 2462 Poenit.
570 2421 631 2480 cap.
648 2409 721 2478 11).»
738 2407 801 2465 llaec
815 2407 850 2464 de
863 2408 906 2464 via

105 2495 289 2552 confessionis
306 2511 354 2567 pro
368 2495 478 2552 modulo
498 2501 591 2551 nostro
605 2495 688 2551 locuti
699 2511 804 2564 sumus,
820 2497 906 2554 subli-

6 2577 8 2581 ’
25 2577 45 2650 's
104 2585 240 2642 mioribns
255 2581 423 2640 sublimioris
437 2583 576 2642 sententie
595 2584 715 2656 pondera
729 2592 905 2653 reservantes,

3 2729 19 2738 ,,
106 2675 242 2730 Caetcrnm
253 2672 415 2730 obedientie
425 2673 494 2729 51555
506 2673 557 2730 551
568 2673 622 2728 alio
633 2673 766 2730 sermonis
776 2673 906 2747 principio

106 2763 217 2834 aperire
229 2762 403 2830 tentabimus,
417 2776 450 2815 ue
468 2776 589 2832 unquam
607 2759 633 2815 in
651 2760 907 2820 lastidinmrenient

106 2855 191 2911 rerba
200 2850 476 2918 DominiSalvatoris,
485 2849 531 2921 qui
541 2851 747 2908 estbenedictus
759 2851 786 2906 iu
797 2850 905 2907 saecula.

340 2935 680 2996 suostantiam.

107 3031 147 3088 lte
170 3028 281 3086 uirtute
304 3027 481 3098 obedientiae,
505 3033 534 3086 et
555 3031 663 3100 septem
685 3031 748 3100 ejus
765 3028 905 3100 gradibus.

960 2053 1756 2137 555155,555115515555155555555555(1111555.55,8,9).

996 2141 1021 2194 2.
1052 2139 1107 2196 Sed
1136 2148 1272 2199 taceamus
1300 2143 1408 2200 interint
1435 2146 1470 2203 de
1494 2146 1568 2204 illius
1593 2150 1756 2221 obedientia,

961 2243 1022 2300 quse
1044 2228 1175 2302 singulari
1199 2233 1378 2305 praerogativo
1406 2235 1541 2292 clauditur
1568 2245 1596 2294 et
1622 2239 1755 2318 signatur.

959 2315 1090 2372 Procedat
1114 2317 1141 2372 in
1160 2319 1281 2374 medium
1304 2336 1420 2394 maguus
1443 2323 1488 2380 iile
1509 2326 1672 2397 patriarcha,
1695 2330 1758 2388 fidel

960 2404 1060 2472 lntnen,
1077 2405 1238 2462 obedientiae
1257 2407 1480 2479 formamentis
1500 2413 1676 2488 principatus.
1699 2419 1757 2478 Att-

960 2491 999 2548 dit
1012 2492 1047 2548 ab
1072 2492 1265 2566 Omnipotentc
1281 2515 1288 2554 2
1306 2499 1440 2572 Epredere
1454 2501 1487 2557 de
1503 2508 1582 2560 terre
1596 2509 1656 2573 tna,
1682 2509 1759 2568 etde

961 2585 1128 2654 cognatione
1144 2590 1205 2654 itta,
1219 2590 1249 2642 et
1266 2587 1299 2644 de
1317 2589 1397 2648 deno
1420 2593 1513 2662 patris
1529 2596 1588 2662 tui;
1603 2600 1631 2652 et
1650 2601 1715 2656 verti
1727 2599 1758 2654 in

963 2674 1072 2728 terrant
1087 2689 1173 2746 quent
1187 2679 1380 2735 monstravero
1396 2678 1448 2737 1111
1462 2679 1544 2752 (Gen.
1560 2698 1612 2753 att,
1631 2687 1656 2752 1)
1669 2702 1676 2740 :
1689 2688 1758 2743 etad

961 2758 1042 2814 unius
1064 2751 1195 2830 jussionis
1208 2779 1313 2836 vocem,
1328 2765 1443 2840 patriam
1462 2767 1540 2843 fugit,
1557 2771 1689 2844 relinquit
1711 2791 1759 2846 pa·

961 2855 1063 2916 rentes,
1080 2851 1179 2906 deserit
1192 2851 1390 2924 hereditatem,
1408 2863 1434 2910 et
1447 2857 1562 2914 aliorum
1577 2858 1645 2916 finos
1658 2863 1759 2933 hospes

961 2934 1111 3008 ingreditur
1124 2954 1220 3000 novus.
1235 2941 1335 3016 Magna
1346 2961 1402 3012 res,
1418 2953 1446 3000 at
1463 2946 1606 3017 primitivae
1620 2949 1759 3024 dignitatis

962 3025 1106 3098 privilegio
1128 3029 1156 3084 in
1171 3037 1246 3100 patra
1269 3032 1414 3088 multarum
1438 3036 1561 3107 gentium
1579 3044 1754 3098 consecrata!

145 3117 250 3176 11155
271 3131 423 3188 possamus
443 3129 493 3172 nos
515 3117 638 3186 cogitare
660 3115 769 3188 aliquid
782 3130 799 3170 5
814 3117 901 3184 nobie
924 3114 945 3189 [ζ
963 3113 1068 3172 Primus
1083 3116 1201 3191 primum
1222 3119 1280 3176 suis
1294 3120 1468 3182 facultatibus
1482 3128 1627 3199 renuntiat,
1643 3139 1670 3187 et
1687 3132 1757 3188 obe-

4 3180 25 3283 ’ζ
107 3203 192 3278 quusi
204 3220 241 3262 erc
254 3204 344 3271 nobis,
359 3205 406 3260 sed
425 3203 604 3274 sufficientia
622 3207 720 3262 nostro
743 3219 780 3260 ec
799 3204 851 3263 beo
866 3209 907 3260 est

7 3283 30 3357 ‚]
109 3295 151 3362 (11
167 3295 229 3350 Cor.
251 3308 293 3358 ttt,
318 3293 357 3364 ὅ).
381 3292 449 3362 Quid
474 3292 547 3346 enirn
571 3291 596 3345 in
620 3293 673 3348 hoo
696 3308 758 3348 vase
782 3300 865 3348 testeo
880 3303 907 3349 et

106 3381 256 3456 tragilitate
278 3381 472 3452 complexionis
495 3381 629 3448 hnmanae,
649 3381 769 3454 cogitare
791 3381 906 3440 55115151

104 3470 220 3541 spiritus
229 3486 337 3526 carcere
348 3471 477 3538 inclusus,
491 3478 598 3540 peccato
621 3481 773 3542 corruptus,
789 3471 905 3542 depres-

103 3575 154 3614 sns
165 3559 298 3616 terrenis?
311 3560 415 3632 Corpus
425 3559 587 3631 enim,qttod
597 3561 906 3632 corrumpitomgprn-

9 3627 27 3664 '³
104 3653 154 3706 oct
165 3650 306 3716 enimam
313 3647 483 3720 etdeprtmit
492 3651 607 3706 terrene
617 3649 905 3708 intmbitetiosensont

104 3738 202 3794 multe
222 3737 395 3810 5591155155
418 3735 496 3807 (Sep.
520 3749 559 3803 tx,
585 3736 642 3804 11).
664 3735 801 3808 benignus
816 3749 905 3812 55555

3 3817 25 3907 ³j
105 3833 148 3882 est
168 3823 286 3898 Spiritus
310 3823 451 3896 sapientiae
473 3823 551 3896 (Sap.
567 3838 587 3891 t,
607 3825 643 3894 6),
661 3824 708 3896 qui
731 3831 758 3880 et
780 3823 904 3912 spiritum

2 3903 19 3936 ³·
105 3914 245 3970 inclusum
269 3911 412 3979 illuminat,
437 3919 466 3968 51
487 3918 644 3984 corruptum
658 3921 745 3979 sanat,
765 3918 794 3967 et
811 3910 905 3970 allevat

3 3991 19 4026 ³·
105 4001 283 4071 depressum.
298 4001 345 4056 Est
368 3999 441 4057 enim
464 3999 581 4074 Spiritus
602 3999 721 4074 pietatis,
737 4001 905 4074 compeditos

3 4079 19 4163 γ’
107 4089 227 4158 solvens,
252 4103 341 4146 cascos
362 4087 526 4161 illuminans,
553 4096 581 4143 et
607 4088 714 4162 erigens
741 4088 830 4146 elisos.
858 4089 907 4144 Est

3 4169 6 4186 ’
107 4179 191 4236 etiarn
215 4177 330 4251 Spiritus
353 4176 484 4248 veritatis,
509 4177 557 4250 qni
570 4179 649 4234 docet
666 4193 717 4234 nos
731 4193 839 4236 omnem
855 4195 906 4234 ve-

105 4267 233 4340 ritatem3
249 4282 304 4322 non
326 4266 415 4323 solum
440 4273 530 4324 autem
554 4267 644 4338 docet,
666 4267 714 4323 sed
739 4267 818 4324 etiam
842 4283 905 4339 sng-

4 4353 12 4390 ”
104 4357 285 4432 8515115011·
300 4369 361 4426 ΣΝ,
386 4356 442 4427 26).
468 4354 593 4428 Suggerit
615 4355 742 4414 videlieet
757 4363 786 4413 ut
800 4371 905 4430 quaera-

961 3201 1069 3260 dientiae
1094 3205 1166 3262 viem
1188 3206 1324 3264 indelessa
1346 3209 1486 3269 velocitate
1507 3217 1650 3284 percurrit.
1676 3219 1758 3276 Deni-

961 3307 1022 3364 que,
1039 3309 1102 3350 cum
1124 3296 1272 3366 accepisset
1286 3295 1371 3353 filium
1392 3299 1420 3355 iu
1434 3311 1571 3359 senectute
1585 3320 1644 3374 555,
1661 3305 1688 3360 15
1702 3323 1757 3378 quo

962 3379 1043 3436 totius
1062 3383 1157 3436 mundi
1176 3383 1318 3440 benedicto
1340 3385 1430 3442 lucrat
1453 3391 1623 3459 cumulanda,
1645 3393 1710 3450 dicit
1732 3395 1757 3453 ci

960 3467 1032 3524 Dens
1048 3486 1055 3525 ι
1076 3471 1147 3527 Tolle
1159 3469 1255 3540 fitium
1267 3477 1348 3528 tuum
1363 3477 1554 3546 unigenitum,
1565 3496 1648 3552 quem
1662 3482 1756 3555 dittpis

961 3557 1084 3626 1555551
1093 3560 1168 3630 efter
1181 3560 1265 3616 illurn
1274 3561 1346 3619 milti
1355 3563 1387 3618 in
1397 3564 1592 3627 holocaustam
1602 3569 1754 3643 (denatum,

959 3642 1038 3715 1).0
1062 3655 1164 3718 quanta
1186 3647 1214 3702 in
1237 3649 1326 3706 verbis
1346 3651 1405 3708 istis
1428 3655 1591 3724 amaritudo
1615 3667 1718 3732 quanto
1741 3677 1777 3717 5,

959 3732 1042 3788 corde
1070 3735 1157 3806 patris
1184 3739 1320 3809 separatio
1347 3740 1471 3812 pietatis!
1501 3745 1614 3802 lubetnr
1638 3763 1756 3821 namque

958 3820 1047 3876 filiurn
1071 3823 1207 3892 occidere,
1222 3840 1254 3881 os
1278 3843 1310 3881 etr
1336 3829 1443 3884 ossibus
1462 3831 1528 3900 suis,
1544 3841 1573 3887 et
1597 3851 1708 3892 carnem
1722 3836 1756 3894 de
1772 3897 1776 3904 ,

959 3924 1040 3966 carne
1065 3926 1127 3978 sna;
1154 3911 1240 3968 filium
1271 3931 1378 3990 magnae
1406 3920 1603 3992 promissionis,
1631 3933 1776 3984 cauernae.

959 3999 1115 4067 senectutis,
1145 4003 1265 4077 proprie
1303 4004 1438 4076 mulieris;
1475 4007 1559 4066 filiunt
1595 4013 1756 4070 mirabiliter

960 4088 1136 4160 promissum,
1156 4091 1271 4148 feliciter
1294 4102 1397 4166 natum,
1422 4097 1566 4154 educatum
1588 4100 1753 4159 innocenter.

959 4177 992 4232 Et
1015 4193 1050 4234 ne
1074 4177 1140 4253 quid
1160 4181 1278 4247 deesset,
1304 4191 1333 4238 ut
1353 4185 1528 4242 tenerrimum
1551 4188 1623 4244 intra
1645 4199 1755 4262 paterna

958 4263 1064 4322 viscera
1077 4266 1179 4324 doloris
1201 4269 1354 4327 incendium
1373 4275 1532 4348 exundaret,
1548 4275 1665 4348 additur,
1682 4283 1753 4338 551-

959 4356 1098 4426 genitam.
1113 4355 1182 4413 Sunt
1197 4373 1313 4430 namque
1327 4359 1405 4416 multi
1419 4360 1477 4429 iiiii,
1487 4363 1533 4418 sed
1548 4380 1603 4420 non
1614 4367 1752 4440 unigeniti.

3 4519 5 4526 γ
103 4461 179 4518 ntus,
195 4444 275 4502 docet
288 4454 318 4501 ut
332 4443 523 4520 intelligamus.
537 4444 598 4516 lpse
611 4452 663 4512 est,
680 4461 759 4517 quem
773 4445 906 4502 Dominus
921 4464 944 4540 Β
959 4441 1012 4498 lstc
1026 4443 1065 4500 ric
1079 4451 1105 4499 et
1120 4445 1201 4512 tilius,
1217 4455 1247 4501 ut
1268 4455 1295 4504 et
1309 4448 1473 4522 unigenitus.
1488 4451 1542 4508 Iste
1561 4454 1657 4511 unicus
1672 4457 1752 4526 patri,

3 4529 12 4570 5
102 4534 185 4590 15555
214 4541 277 4606 post
304 4533 393 4589 Patris
417 4530 597 4588 obedientiam
620 4548 707 4606 usque
730 4533 763 4590 sd
789 4542 905 4590 mortem
959 4531 1377 4604 unigenitusmetri,lracreditati
1390 4547 1556 4597 reservatus.
1570 4541 1611 4598 Ne
1624 4543 1754 4616 respicias

104 4621 205 4691 crucis,
230 4621 302 4678 misit
325 4621 456 4696 apostolis
478 4619 545 4690 suis,
560 4620 751 4680 obedientibus
774 4622 840 4679 suis.
863 4625 905 4680 dn
959 4617 993 4672 ad
1008 4620 1113 4690 ismael,
1130 4621 1203 4694 qnia,
1219 4621 1266 4695 qni
1280 4623 1307 4678 in
1321 4624 1447 4683 servitute
1462 4634 1490 4682 et
1512 4644 1544 4684 ex
1559 4629 1658 4686 5551115
1671 4633 1751 4705 getti-

3 4711 8 4746 5
103 4728 163 4768 555
178 4711 363 4769 tibiridentur
376 4709 526 4784 singularis
540 4708 701 4768 obedientiae
714 4712 905 4770 conscendisse
959 4707 1177 4779 lustraretur
1206 4709 1358 4767 libertatem
1381 4720 1408 4768 et
1435 4715 1619 4788 haereditatem
1644 4719 1753 4776 minime

104 4800 258 4876 fastigium,
283 4801 331 4873 qui
355 4808 467 4876 accepta
489 4800 597 4856 licentia
617 4799 770 4856 sedendiin
786 4802 903 4866 civitate,
958 4797 1120 4868 pertinebat.
1135 4796 1206 4868 Quia
1228 4816 1293 4857 vero
1316 4801 1470 4860 multisunt
1491 4803 1540 4860 filii
1561 4813 1587 4862 et
1610 4808 1752 4882 tmigeniti,

3 4901 5 4910 ·
103 4888 178 4944 intra
191 4887 539 4960 uniusdomnncuiaescptn
547 4887 904 4958 conclusi,ttnanirniterin
962 4883 1069 4942 1171
1087 4886 1135 4943 sed
1149 4901 1204 4943 nou
1217 4887 1322 4960 dilccti;
1338 4890 1372 4946 ad
1395 4893 1612 4964 exaggerandam
1626 4897 1654 4952 in
1672 4899 1753 4956 corde

3 4981 4 4990 ’
104 4977 237 5035 oratione
247 4976 567 5052 perseverabanttfflct.
580 4993 599 5050 t,
614 4979 669 5048 tt.)
678 4977 832 5034 Intellexisti
841 4977 905 5050 qnia
958 4979 1043 5048 patris
1066 4976 1277 5044 tribulationem,
1300 4989 1326 5035 et
1352 4981 1584 5052 comprobandam
1610 4985 1638 5042 in
1665 4997 1754 5045 mente

103 5065 184 5122 ibant
196 5065 318 5138 apostoli
331 5065 485 5136 pendentes
500 5083 518 5121 c
532 5068 683 5138 conspectu
698 5067 822 5136 concilii,
838 5082 904 5138 qoo-
956 5065 1024 5135 justi
1039 5064 1234 5136 obedientiam,
1245 5068 1377 5124 Dominus
1392 5071 1540 5143 subjungit,
1552 5091 1633 5146 quem
1646 5077 1751 5149 diligis.

102 5152 903 5226 nicmdiqnt'itutritisuntpronominetesucontnrnctinm

99 5241 187 5316 poti?
202 5243 276 5314 (Act.
292 5259 321 5312 v,
338 5242 429 5314 tato
443 5243 553 5315 quantis
567 5242 727 5300 obedieutiae
743 5243 845 5300 viribus
860 5245 902 5298 in-

104 5331 244 5399 nituntur,
266 5332 312 5404 qui
339 5331 460 5405 gaudent
487 5347 537 5404 pro
565 5331 670 5388 Christo
698 5330 732 5386 ad
759 5333 904 5388 canalium

104 5419 187 5490 trabi,
202 5417 359 5494 dignitatern
375 5421 478 5478 ducunt
490 5436 541 5492 pro
555 5435 587 5476 eo
604 5420 681 5490 caedi,
698 5419 811 5494 gloriam
827 5437 903 5492 quae-

103 5516 170 5566 runt
188 5525 239 5583 pro
267 5525 299 5567 co
331 5507 413 5566 moril
444 5509 533 5566 Bratae
560 5508 673 5574 animae,
702 5517 729 5564 ct
757 5510 906 5566 abundanti

103 5599 250 5670 majestate
272 5599 390 5674 Spiritus
413 5597 580 5656 influentes:
604 5597 705 5671 quibus
722 5598 819 5668 vilitas,
835 5599 905 5658 sub-

103 5687 226 5760 limitas;
255 5687 439 5758 contumelia,
469 5687 572 5766 gloria;
601 5687 747 5762 patientia,
778 5688 905 5756 victoria,

959 5153 993 5210 Ut
1007 5171 1072 5212 vero
1088 5157 1239 5212 teneritudo
1254 5158 1339 5230 patris
1358 5175 1391 5214 etr
1414 5161 1545 5216 memoria
1559 5162 1650 5220 dilecti
1664 5167 1753 5222 nomi-

959 5241 1001 5300 nis
1016 5244 1229 5316 recrudesceret,
1246 5255 1273 5303 et
1286 5247 1400 5304 interior
1413 5248 1500 5321 pietas
1513 5251 1548 5308 ad
1561 5250 1666 5308 dilectae
1680 5255 1755 5310 vocis

960 5349 1061 5390 sonum
1083 5341 1138 5390 tota
1161 5334 1286 5402 servaret,
1300 5354 1372 5409 puer
1393 5338 1547 5394 nominatur
1573 5356 1607 5396 ex
1634 5341 1754 5410 nomine,

959 5423 1032 5494 quod
1048 5431 1175 5480 vocatum
1198 5431 1285 5481 crata
1308 5426 1433 5496 Domino,
1448 5427 1607 5500 priusquam
1624 5429 1652 5486 in
1676 5437 1755 5486 utero

962 5512 1162 5588 coticiperetur.
1183 5511 1265 5572 Vides
1288 5516 1398 5588 quantis
1420 5515 1629 5576 tribulationum
1651 5520 1756 5576 malleis

960 5600 1078 5656 Abrahae
1106 5603 1191 5674 pietas
1217 5601 1339 5678 feriatur,
1363 5606 1406 5664 cni
1433 5605 1589 5678 praecipitur
1616 5617 1646 5665 ttt
1672 5607 1756 5665 filiunt

962 5689 1054 5757 tollat,
1080 5691 1186 5749 occidet
1211 5693 1398 5766 unigenitum,
1419 5712 1501 5768 quern
1521 5697 1609 5770 diligit
1626 5699 1757 5767 immolet,
