4150 6348
236 377 290 441 l'iil
704 361 1071 432 continuatissima
1089 369 1414 436 cusan-ustuirtSts
1561 319 1576 344 Ι
1831 372 1888 434 tto

237 503 323 562 liilius
336 501 420 557 unuin
442 501 516 564 sunt,
533 494 573 551 sic
586 501 613 552 et
631 507 682 550 nos
703 509 787 550 unum
806 495 894 554 simus
908 495 935 552 in
950 495 1035 569 ipsis!
1053 511 1077 591 Α
1093 496 1203 573 planctu
1235 501 1375 574 reperiet?
1401 501 1441 558 lta
1468 499 1566 575 plane3
1594 499 1640 558 sed
1664 499 1757 570 justus
1770 497 1818 572 qui
1829 499 1887 570 iam

273 595 301 650 'l.
315 591 377 646 Non
399 586 585 643 tantummodo
604 583 727 655 societas,
748 584 795 641 sed
814 585 894 642 etiam
923 584 1037 643 felicitas
1092 594 1268 661 conspectum
1291 588 1431 658 meruerit,
1453 604 1508 646 uon
1522 587 1568 662 qui
1586 587 1674 646 adhuc
1687 587 1760 644 uitat
1773 603 1808 644 ex
1822 586 1886 644 lide.

237 680 318 740 nobis
335 684 378 736 est
395 677 513 750 optanda
531 682 696 744 sanctorum,
717 681 747 731 ut
760 690 875 748 quorum
895 674 1036 732 desidere·
1090 677 1222 735 Nimirum
1237 679 1311 752 quod
1323 678 1361 735 ait
1372 678 1516 734 Dominus:
1539 677 1609 736 Com
1623 679 1757 751 iocosum
1772 677 1805 734 in
1831 677 1888 735 tri·

237 787 299 828 mus
330 766 512 842 presentiam,
542 764 656 840 gloriam
691 779 799 838 quoque
834 763 1038 821 ferventissimis
1095 768 1242 827 dotatione
1259 768 1346 842 (Pani.
1372 783 1414 838 xc,
1437 767 1491 840 ts),
1514 768 1550 824 nd
1568 782 1630 824 eum
1651 767 1765 837 pertinet
1779 766 1827 840 qui
1842 785 1889 840 per

238 858 336 918 studiis
360 856 519 916 ambiamus.
540 857 634 928 Neque
657 855 728 911 enim
743 853 892 926 perniciosa
905 854 963 910 bac
977 869 1037 908 am·
1092 855 1320 925 fidemambulat;
1350 873 1404 914 non
1419 866 1508 914 autem
1525 856 1571 930 qui
1591 855 1625 912 ad
1647 854 1743 914 faciem
1757 857 1812 928 jam
1827 873 1888 928 per·

238 949 316 1017 bitio,
341 956 386 1004 aut
409 947 484 1005 illius
507 945 646 1003 affectatio
665 943 760 1018 gloriae
779 943 914 1002 ullatenus
932 943 1039 1016 perieu-
1093 947 1176 1006 uenit.
1203 946 1335 1020 Equidem
1361 947 1483 1018 utrisque
1510 954 1551 1003 est
1564 952 1645 1015 caput
1660 961 1752 1014 unum,
1774 947 1820 1003 sed
1833 963 1887 1006 nou

238 1040 296 1097 losa
312 1045 363 1095 est.
386 1037 456 1092 Nam
477 1035 549 1109 quod
567 1034 703 1091 dicimus:
721 1035 781 1090 lton
796 1033 885 1101 notis,
909 1035 1036 1101 Domine,
1093 1050 1148 1092 uno
1162 1037 1244 1094 modo
1253 1035 1383 1092 membris
1397 1037 1526 1092 omnibus
1535 1035 1688 1091 exhibetur.
1704 1033 1888 1102 Quisbusdorn

239 1146 298 1188 nort
317 1126 404 1199 nobis,
421 1125 467 1185 scd
480 1124 591 1182 nomini
605 1128 655 1180 tao
673 1123 710 1179 dc
723 1123 845 1196 ploricm
860 1123 947 1196 (Psoi.
959 1139 1037 1193 cxrrt,
1093 1125 1164 1182 enim
1192 1125 1344 1182 ostenditur
1357 1133 1439 1196 caput
1459 1124 1591 1181 hirsutum
1607 1123 1702 1198 spinis,
1730 1124 1887 1182 inclinatam

240 1219 286 1292 ι);
313 1219 397 1289 lrujns
418 1213 545 1286 temporis
566 1229 618 1268 ιιι
632 1220 683 1280 est,
708 1213 818 1285 quando
842 1219 870 1268 et
882 1211 935 1285 ipsi
949 1211 1040 1286 angeli
1093 1215 1121 1269 in
1135 1227 1223 1282 cruce,
1240 1220 1270 1268 ut
1285 1213 1458 1269 humilientur
1473 1213 1584 1285 pariter,
1605 1214 1705 1285 pariter
1718 1220 1745 1270 et
1759 1228 1890 1286 compun-

239 1309 354 1366 clamsnt
370 1324 376 1360 :
396 1304 491 1362 Gloria
501 1305 532 1358 in
546 1302 774 1368 eccelsislienet
790 1304 821 1358 in
833 1305 911 1358 terro
919 1319 979 1375 pon
991 1302 1039 1358 bo·
1094 1309 1204 1374 gantur.
1216 1298 1392 1370 Quidusdam'
1408 1303 1558 1376 gloriosum
1583 1313 1704 1374 apparet,
1724 1310 1755 1359 ut
1767 1303 1803 1360 ab
1828 1303 1889 1375 ipso

239 1395 452 1455 minnistono
462 1394 622 1451 ostentato
637 1393 714 1462 (Lac.
731 1407 760 1463 u,
778 1391 823 1463 tt)
838 1391 955 1448 Nolimc
972 1395 1039 1447 ton·
1094 1391 1290 1470 glorificentur,
1314 1402 1344 1448 nt
1359 1391 1387 1447 in
1412 1392 1474 1462 ipso
1492 1389 1643 1467 glorientur
1659 1390 1728 1449 lacta
1743 1391 1769 1449 ei
1782 1390 1888 1459 similia,

239 1503 314 1560 pere,
333 1485 390 1540 ait:
412 1483 537 1540 nondnrn
551 1483 628 1539 enirn
643 1480 802 1538 escondied
814 1483 930 1538 Patrem
942 1495 1039 1538 meum
1094 1496 1177 1555 quem
1191 1479 1377 1554 [aliosquod]
1391 1478 1485 1536 rident
1498 1479 1577 1536 sicuti
1588 1489 1639 1536 est.

241 1578 332 1646 (loon.
358 1573 484 1642 xs‚l7).
506 1571 625 1628 Verbum
649 1569 814 1642 gloriaest.
836 1569 1040 1642 NempeFilius
1130 1575 1157 1627 9.
1186 1571 1243 1627 lloc
1275 1583 1342 1639 erpo
1369 1568 1516 1624 secundum
1553 1568 1726 1640 desiderium,
1759 1567 1832 1641 quod
1857 1585 1890 1626 cx

241 1664 351 1737 sapiens
369 1661 457 1734 gloria
471 1660 567 1716 Patris.
582 1659 646 1718 Noli
659 1673 734 1733 erqo,
751 1658 788 1715 ait
806 1659 903 1733 gloria,
920 1659 981 1718 noli
995 1675 1040 1717 me
1094 1667 1250 1718 sanctorum
1276 1657 1534 1715 commemoratione
1573 1655 1668 1732 flagrat
1693 1657 1722 1714 in
1747 1658 1835 1728 nobis,
1862 1667 1893 1716 ut

241 1759 364 1825 tunpcn.
380 1749 441 1807 Noli
457 1748 561 1806 interim
576 1763 697 1822 querere
712 1747 837 1821 quonam,
848 1749 911 1820 fuge
925 1749 1036 1819 potius:
1094 1749 1165 1806 sicut
1192 1748 1255 1816 illis,
1280 1749 1320 1804 sic
1348 1747 1426 1804 nobis
1452 1748 1530 1804 etiam
1550 1745 1673 1804 Christus
1696 1755 1822 1818 appareat
1839 1748 1893 1806 vita

240 1855 268 1898 et
286 1841 347 1897 vide
361 1841 516 1897 omninone
531 1855 574 1895 me
587 1837 719 1910 tetigeris,
740 1836 828 1894 dorrec
850 1837 1040 1909 perveniamus
1056 1801 1079 1880 n
1095 1845 1198 1910 nostra,
1230 1846 1257 1894 et
1279 1853 1330 1893 nos
1361 1843 1469 1910 quoque
1481 1851 1553 1893 cum
1575 1835 1635 1908 ipso
1659 1849 1837 1906 appareamus
1865 1834 1894 1891 in

242 1932 276 1989 ad
290 1931 415 1997 Patrem,
430 1928 476 1984 ubi
500 1930 535 1984 sit
555 1927 681 2002 gloriatio
703 1927 792 1984 omnis
807 1927 864 1996 jam
878 1941 984 1983 secura.
999 1927 1041 1983 lbi
1096 1928 1191 2002 gloria.
1206 1926 1315 1984 Interim
1337 1939 1433 1996 nempe
1447 1941 1501 1981 non
1531 1925 1601 1982 sicut
1619 1935 1672 1995 est,
1688 1926 1738 1982 scd
1758 1923 1830 1982 ιὶιιι
1843 1939 1893 1996 pro

242 2020 272 2076 in
286 2018 401 2076 Domino
414 2016 567 2075 laudabitur
580 2015 668 2072 anima
683 2031 753 2082 mea,
769 2015 882 2072 audiant
896 2016 1040 2088 mansueti,
1096 2018 1281 2074 nobisfactom
1296 2022 1347 2082 est,
1362 2023 1444 2087 caput
1471 2021 1595 2071 nostrum
1610 2014 1688 2072 nobis
1715 2019 1895 2086 repraesenta-

243 2116 271 2164 et
284 2109 419 2166 latentur.
433 2105 562 2180 Nunquid
576 2121 632 2161 non
645 2104 753 2161 videtur
766 2107 873 2162 audisse
881 2104 1014 2162 dicentem
1033 2125 1040 2160 ε
1096 2115 1140 2165 tur
1159 2121 1213 2162 non
1237 2111 1393 2162 coronatum
1417 2103 1513 2178 gloria,
1528 2103 1576 2162 sed
1598 2111 1768 2176 peccatorum
1780 2111 1896 2160 nosue·

243 2199 307 2256 Noli
316 2215 362 2256 me
376 2196 638 2269 acconensem
647 2196 760 2253 ascendi
769 2195 805 2252 cd
812 2199 925 2268 patrem
936 2211 1040 2262 mum,
1096 2212 1158 2254 rum
1173 2194 1367 2254 ducumdstum
1384 2193 1470 2266 spinis
1497 2193 1603 2250 dicente
1626 2193 1781 2264 Scriptura:
1805 2195 1894 2265 Epte-

243 2304 304 2360 quae
326 2287 353 2342 in
379 2285 489 2343 Cantica
510 2286 630 2341 clamat:
652 2287 733 2357 Fope,
759 2283 859 2342 dilecte
879 2286 931 2349 oni,
957 2285 1041 2358 sape?
1096 2287 1210 2352 dimini,
1226 2285 1297 2356 litio
1316 2285 1384 2342 Sion
1398 2287 1427 2340 et
1449 2281 1544 2341 uidete
1565 2299 1658 2355 repam
1673 2283 1850 2342 &temonem
1864 2283 1895 2340 in

237 2376 333 2449 (Cani
350 2389 411 2441 vrrr,
433 2375 490 2439 ¹4)-
506 2374 562 2429 H0c
575 2381 617 2429 est
630 2371 704 2426 enim
724 2373 798 2444 quod
813 2388 895 2444 supra
917 2371 1041 2428 memini·
1095 2375 1314 2446 diademateqno
1329 2374 1477 2431 coronavit
1491 2388 1557 2429 aum
1571 2373 1835 2441 motersco(ccnt.
1850 2386 1893 2438 tu,

238 2481 298 2522 naus
314 2482 321 2520 ι
337 2465 398 2521 Non
413 2463 502 2533 nodia,
519 2463 648 2528 Domine,
672 2477 731 2518 non
754 2457 907 2528 nothred
928 2459 1041 2519 nomini
1096 2465 1151 2535 ll).
1168 2465 1191 2523 Ο
1206 2463 1315 2537 regent!
1341 2461 1516 2519 odiademal
1541 2463 1625 2518 lfater
1645 2460 1779 2534 siquidem
1804 2463 1893 2532 syna·
1931 2495 1934 2501 ι

239 2549 481 2622 taodoptoriont.
505 2546 625 2606 Uudeet
646 2548 673 2602 in
690 2546 791 2620 hymno
805 2546 889 2602 bodie
903 2562 954 2604 nos
968 2546 1042 2602 cani·
1096 2569 1176 2631 gogo,
1206 2568 1260 2610 uon
1289 2559 1404 2609 matrem
1432 2567 1492 2608 sese
1513 2550 1652 2618 exhibens,
1668 2549 1717 2606 sed
1737 2563 1891 2614 novercam.

238 2655 300 2697 mus
316 2657 324 2695 ι
340 2659 353 2691 ι
369 2639 424 2694 Des
449 2651 542 2708 pacem
565 2633 682 2702 famulis,
710 2651 761 2693 nos
788 2651 896 2708 quoque
927 2635 1042 2710 gloriam
1096 2659 1191 2716 regem
1218 2652 1341 2699 nostrum
1377 2639 1492 2698 itm
1507 2655 1607 2698 corona
1630 2639 1724 2711 spinea
1745 2638 1894 2698 coronavit.

236 2746 287 2804 per
307 2735 402 2785 cuncta
426 2726 474 2783 tibi
496 2725 607 2798 saecrrla,
625 2743 638 2779 a
653 2725 731 2795 juata
760 2725 911 2799 angelicam
938 2725 1041 2781 scilicet
1096 2731 1200 2789 Pudeat
1213 2730 1309 2787 secmri
1323 2728 1438 2802 gloriam
1461 2730 1593 2798 membra,
1608 2728 1709 2801 quibus
1723 2733 1894 2798 capalinum

239 2817 466 2875 distributionem.
551 2841 555 2851 =
1097 2827 1151 2877 tam
1174 2819 1321 2893 inglorium
1342 2818 1496 2887 exhibetur,
1517 2831 1572 2874 non
1594 2817 1699 2872 babens
1712 2815 1832 2890 speciem
1846 2824 1895 2872 aut

275 2911 301 2964 ι.
330 2906 397 2976 Quia
420 2905 491 2961 enim
518 2902 629 2960 ιιιιιιίι
652 2911 695 2958 ιιι
722 2903 777 2959 uita
812 2903 932 2962 bominis
960 2921 1043 2978 super
1096 2908 1232 2977 decorem,
1246 2908 1290 2966 uel
1317 2907 1419 2981 aliquid
1433 2906 1577 2979 ejusmodi.
1601 2906 1735 2963 Nimirum
1763 2905 1893 2964 Salomon

242 3006 351 3062 terram,
364 2994 463 3051 merito
481 2993 509 3048 in
522 3001 594 3049 terra
607 2990 723 3062 homini,
738 3007 793 3048 non
806 2992 903 3066 gloria,
927 2994 975 3050 sed
990 3009 1043 3066 pan
1097 3008 1148 3067 est,
1161 2999 1233 3070 quod
1246 2999 1451 3071 interpretatum
1464 3005 1505 3055 est
1522 2997 1670 3072 pacificus,
1698 3011 1764 3054 sana
1782 2995 1856 3070 qood
1865 2995 1893 3052 in

241 3095 285 3142 est
304 3083 453 3159 querenda
470 3100 478 3137 ι
499 3097 549 3152 pax
573 3096 635 3137 cum
659 3081 727 3147 ⁰00,
748 3097 798 3152 pax
824 3085 885 3139 com
911 3082 1042 3157 proximo,
1060 3087 1082 3164 c
1098 3087 1227 3160 praesenti
1240 3095 1301 3156 ast;
1320 3102 1374 3144 non
1389 3087 1481 3158 utique
1495 3085 1646 3155 beatificus,
1663 3093 1708 3142 aut
1734 3083 1892 3156 glorificus:

240 3192 294 3250 pax
310 3174 336 3229 in
350 3173 453 3243 seipso.
477 3173 497 3230 0
516 3173 610 3228 cantos
628 3169 796 3229 frontinum!
822 3188 912 3247 quare
936 3189 981 3230 nae
993 3188 1044 3246 po·
1097 3183 1127 3233 nt
1141 3175 1169 3232 in
1188 3177 1313 3234 omnibus
1326 3175 1480 3250 angelicum
1494 3174 1560 3232 illud
1580 3175 1701 3249 elogium
1718 3174 1893 3232 commende·

240 3265 327 3324 antisti
340 3263 521 3322 contrariam
536 3261 595 3332 titi,
612 3264 641 3318 et
662 3264 758 3333 socias
773 3277 837 3319 sam
855 3262 1044 3335 mihimetipsi
1098 3271 1151 3335 tur,
1166 3281 1221 3337 quo
1247 3264 1325 3320 terris
1349 3279 1450 3334 pacem,
1467 3263 1543 3322 coelis
1571 3264 1686 3337 gloriam
1714 3263 1895 3321 tradiderunt.

241 3353 359 3429 procis?
372 3352 441 3424 (too.
454 3367 505 3420 ιιι,
521 3353 577 3421 20.)
592 3350 684 3406 Vicina
699 3350 827 3406 nimirum
841 3350 912 3406 lucta
926 3359 954 3406 et
965 3351 1045 3406 intes·
1095 3354 1199 3410 Pudeat
1211 3353 1263 3409 sub
1278 3352 1384 3424 spinato
1398 3353 1486 3426 capite
1500 3353 1650 3409 membrum
1666 3351 1723 3408 fieri
1738 3351 1896 3424 delicatum,

244 3441 416 3508 tinaaeditio,
431 3441 534 3498 bellurn
548 3455 602 3496 non
616 3438 707 3506 civile,
723 3441 771 3496 sed
786 3440 974 3509 domesticum,
989 3441 1043 3513 spi·
1097 3444 1171 3516 quod
1186 3442 1274 3500 omnis
1287 3441 1313 3499 ai
1326 3441 1434 3498 interim
1449 3457 1568 3515 purpura
1580 3457 1635 3498 non
1650 3449 1706 3498 tarn
1718 3443 1831 3500 honoris
1847 3443 1894 3511 sit,

244 3531 315 3586 ritus
337 3529 469 3586 adversus
491 3543 610 3611 carnem,
635 3538 662 3584 et
685 3543 752 3584 caro
774 3529 905 3585 adsersus
920 3529 1044 3601 spiritum
1099 3547 1181 3605 quam
1201 3529 1345 3589 irrisionis.
1370 3530 1468 3587 Videre
1489 3537 1638 3586 esttamen
1660 3529 1741 3586 bodie
1761 3528 1897 3586 multicia

242 3618 450 3688 concupiscens.
468 3617 546 3673 Unde
564 3617 626 3684 boc,
643 3616 695 3672 nisi
709 3617 771 3690 qnia
784 3618 901 3691 posuisii
916 3635 961 3674 mc
974 3635 1044 3676 con·
1097 3619 1177 3687 locis,
1199 3635 1252 3678 non
1272 3619 1329 3676 sine
1355 3619 1440 3676 multa
1464 3619 1610 3678 ambitione
1637 3627 1663 3676 ct
1689 3617 1896 3686 comessatione,

242 3707 355 3762 tracium
366 3705 483 3762 tibifTu
493 3704 565 3762 e'nim
578 3705 766 3779 verelibertas,
778 3715 806 3764 tu
816 3708 882 3776 vita,
899 3716 928 3766 tu
940 3708 1039 3782 gloria,
1097 3717 1260 3783 praesentem
1278 3707 1350 3764 diem
1365 3709 1503 3766 honorari.
1517 3708 1650 3766 lionorari
1670 3724 1703 3764 an
1726 3709 1899 3765 dehonestari

245 3803 273 3852 tu
285 3793 455 3863 sufficientia,
470 3801 499 3850 tu
514 3795 667 3866 beatitudo;
682 3811 735 3871 ego
745 3805 859 3870 pauper,
877 3798 1006 3870 etmiser,
1017 3807 1044 3856 et
1097 3799 1209 3856 dicam?
1233 3798 1287 3870 lpsi
1310 3797 1427 3855 viderint
1445 3798 1490 3870 qui
1514 3799 1573 3856 ιιι
1594 3807 1687 3873 agunt.
1707 3801 1834 3870 ipsorum
1857 3808 1899 3856 est

247 3883 419 3954 miserabilis,
445 3883 573 3941 confusus
596 3892 622 3939 et
650 3885 807 3944 humiliatus
838 3903 1043 3963 usquequaque,
1098 3887 1170 3942 enim
1193 3886 1350 3958 hujusmodi
1367 3886 1519 3954 celebritas,
1544 3899 1602 3942 non
1621 3894 1804 3944 sanctorum:
1826 3887 1899 3958 quod

249 3983 374 4032 mortuns
388 3981 496 4046 propter
510 3982 660 4046 peccatum,
671 3977 842 4033 venundatus
855 3979 906 4036 suh
920 3987 1043 4052 peccato.
1099 3975 1151 4033 sibi
1173 3975 1237 4032 libet
1251 3973 1364 4040 faciunt,
1379 3989 1433 4031 non
1448 3975 1520 4048 quod
1537 3976 1648 4032 sanctis.
1663 3975 1721 4034 Erit
1734 3991 1797 4034 cum
1810 3991 1898 4034 uene·

245 4064 368 4135 lienique
381 4072 409 4120 tu
424 4062 547 4136 perfecta
560 4071 587 4118 et
609 4071 701 4120 sancta
726 4066 860 4137 voluptas,
882 4076 911 4124 et
936 4068 1046 4141 requies
1099 4065 1134 4123 rit
1155 4063 1286 4132 Christus,
1308 4077 1359 4118 nec
1381 4077 1455 4120 mors
1473 4065 1532 4135 ejus
1556 4063 1626 4120 ultra
1641 4063 1856 4132 annuntiabitur,
1870 4073 1900 4122 ut

246 4152 371 4224 spiritum
397 4153 546 4218 beatomm,
579 4153 692 4222 posuisti
720 4169 762 4210 me
784 4156 820 4211 ab
852 4155 928 4213 initio
953 4165 1046 4214 contra
1098 4153 1214 4212 ιιὶιιιιι
1228 4152 1357 4225 quondm
1374 4151 1426 4222 ipsi
1440 4169 1548 4225 quoque
1562 4155 1661 4210 mortni
1676 4162 1899 4220 sumus,etcnm

244 4243 322 4299 Eden
336 4241 417 4312 (qood
439 4241 606 4312 uoluptatem
632 4243 721 4314 senat)
738 4243 766 4299 in
790 4245 993 4316 laborantique
1012 4255 1039 4302 et
1098 4259 1130 4300 eo
1144 4242 1301 4300 abscondita
1317 4249 1360 4297 est
1377 4241 1433 4300 rita
1451 4249 1553 4300 nostra.
1569 4243 1716 4315 Apparebit
1737 4251 1820 4316 caput
1837 4244 1900 4316 glo·

244 4345 375 4388 semmua.
387 4328 512 4385 Attamen
523 4329 591 4387 dicis
605 4349 612 4386 ι
625 4330 834 4390 convertimini
841 4335 931 4392 odone
943 4337 975 4392 in
985 4339 1043 4396 toto
1060 4372 1083 4451 n
1100 4332 1214 4402 riosum,
1230 4341 1257 4388 et
1280 4348 1343 4394 cunr
1368 4347 1400 4388 eo
1429 4333 1549 4389 membra
1573 4332 1722 4407 glorificata
1744 4333 1899 4408 fulgebunt,

244 4420 329 4480 corde
348 4424 452 4478 oestro.
481 4419 579 4492 liquet
605 4420 668 4491 quia
686 4437 780 4478 sumus
801 4423 897 4492 areni,
919 4440 989 4496 quos
1014 4434 1046 4481 ut
1100 4437 1160 4477 cum
1177 4420 1301 4478 videlicet
1316 4420 1474 4480 reformabit
1488 4436 1586 4494 corpus
1610 4420 1769 4480 humilitatis
1789 4429 1899 4488 ιοιιιιι,

244 4517 414 4567 revertamur
440 4509 556 4566 hortaris
580 4521 589 4563 t
617 4509 700 4582 liquet
724 4511 787 4583 quia
810 4513 950 4580 contrarii,
977 4529 1046 4586 quos
1099 4508 1297 4582 configuratum
1320 4509 1415 4584 glorie
1440 4509 1545 4581 capitis,
1570 4512 1643 4584 quod
1666 4520 1708 4568 est
1732 4511 1802 4584 ipae.
1827 4511 1902 4572 lianc

244 4613 356 4656 revocas
371 4605 402 4654 ut
416 4605 613 4656 convertamur,
628 4599 680 4654 Sed
694 4599 853 4671 quomodo?
873 4604 906 4659 ln
921 4604 1045 4677 jejunio,
1100 4614 1165 4672 ergo
1187 4599 1302 4671 gloriam
1328 4607 1383 4657 tota
1395 4609 1421 4656 et
1435 4606 1491 4656 ιιιι
1504 4597 1650 4657 ambitione
1663 4601 1899 4672 concupiscamus,

245 4685 342 4760 inquit,
362 4693 388 4746 et
398 4689 471 4759 fletu
486 4693 515 4745 ct
528 4689 649 4760 plancta
668 4689 748 4760 (toci.
764 4693 867 4762 uult).
889 4691 956 4748 llirs
976 4707 1020 4748 res
1037 4692 1044 4747 l
1100 4703 1135 4744 ue
1149 4687 1219 4746 forte
1233 4688 1375 4746 audiamus
1389 4696 1417 4744 et
1430 4703 1480 4746 noa
1491 4688 1578 4760 :Quia
1591 4690 1786 4763 clarioresque
1800 4688 1834 4748 ot
1851 4691 1901 4748 in-

247 4777 321 4833 ltane
334 4776 361 4832 in
373 4777 481 4846 jejunio
497 4785 524 4832 tu
538 4777 666 4848 versaris,
681 4787 709 4835 ct
730 4779 758 4835 in
782 4780 847 4837 fletu
862 4781 951 4856 degis,
966 4788 993 4837 ct
1019 4783 1046 4838 in
1099 4779 1187 4834 uicem
1202 4779 1397 4852 estoces-itis,
1413 4783 1442 4838 et
1455 4780 1577 4853 ploriom
1595 4797 1657 4856 ιιι
1670 4798 1688 4840 c
1702 4781 1760 4840 soto
1780 4782 1836 4840 lieo
1858 4784 1902 4838 eat

248 4865 358 4938 planctu
372 4864 498 4921 habitas?
517 4866 612 4922 Procul
642 4882 658 4923 ι
682 4876 707 4924 ιι
735 4871 827 4925 omnia
848 4870 899 4926 ista
924 4887 931 4928 ε
954 4870 1047 4942 procul
1099 4883 1158 4925 non
1176 4867 1264 4924 vultis
1278 4867 1371 4939 (toan.
1387 4883 1417 4936 u,
1433 4870 1489 4940 tt).

246 4954 308 5025 ipse
322 4953 356 5010 ab
370 4954 415 5009 bis
427 4955 615 5012 vehementer.
639 4956 773 5014 Nimirum
797 4975 914 5032 regnum
931 4967 1003 5015 tuum
1019 4959 1047 5016 in
1138 4960 1182 5016 lt.
1211 4955 1280 5012 Sane
1309 4965 1339 5014 ιι
1365 4971 1425 5013 mm
1452 4959 1531 5016 uobis
1559 4973 1669 5031 sperare
1695 4958 1785 5029 liceat,
1812 4967 1839 5017 et
1865 4957 1902 5016 ad

250 5041 411 5113 Jerusalem,
433 5057 513 5115 qoam
540 5043 621 5100 satim
647 5045 727 5116 adipe
755 5046 903 5118 frumcnti;
931 5063 981 5104 nec
1010 5047 1046 5104 ibi
1101 5051 1203 5103 tantam
1239 5046 1431 5104 beatitudinem
1464 5051 1593 5123 aspirare,
1622 5063 1795 5120 summopere
1822 5047 1902 5104 nobis

251 5132 340 5189 luctus
351 5139 398 5188 aut
410 5131 522 5198 clamor,
538 5134 585 5189 sed
602 5149 653 5192 nec
667 5133 740 5192 ullus
757 5137 844 5204 dolor,
859 5136 945 5208 msqis
958 5145 1048 5194 autem
1102 5135 1280 5194 desideranda
1301 5143 1364 5192 suut
1391 5135 1521 5213 suffragia
1547 5154 1655 5212 qnoque
1683 5145 1848 5204 sanctonum,
1872 5145 1903 5194 ut

242 5219 491 5294 gratiarumactio,
512 5231 540 5279 et
561 5239 612 5280 vox
634 5224 732 5282 laudis.
758 5227 845 5294 insti,
872 5225 967 5299 inquit,
982 5243 1049 5301 opn-
1101 5224 1174 5298 quod
1195 5225 1363 5298 possibilitas
1385 5236 1477 5285 nostra
1496 5244 1551 5285 uon
1572 5229 1688 5316 obtinet,
1708 5243 1805 5284 eornm
1824 5226 1902 5284 nobis

248 5311 385 5370 notario
393 5317 545 5386 monoteta
556 5315 616 5383 liei,
627 5319 656 5372 at
668 5315 847 5382 delectantur
861 5317 893 5372 in
904 5315 1005 5373 taetilio
1020 5319 1048 5376 et
1102 5313 1292 5372 intercessione
1309 5315 1448 5378 ,donatum
1485 5317 1648 5374 Miseremini
1682 5317 1746 5385 mei,
1784 5315 1900 5373 misere-

246 5401 520 5474 ecbllotioncfl‘scl.
538 5419 626 5470 caru,
641 5403 680 5476 3).
696 5403 839 5474 Quomodo
854 5405 961 5478 erqoin
974 5405 1048 5476 jeju·
1101 5402 1168 5458 mini
1196 5404 1258 5472 mei,
1285 5404 1381 5462 saltem
1405 5421 1456 5464 uos
1482 5407 1562 5472 amici
1594 5406 1649 5464 mei
1677 5406 1736 5478 (fob
1764 5419 1827 5476 xta,
1842 5405 1901 5475 at).

250 5487 305 5555 nio,
320 5499 346 5546 et
361 5489 437 5563 fletu,
452 5501 480 5547 et
494 5491 599 5563 planctu
613 5499 804 5550 convertemur
826 5494 860 5550 sd
882 5493 993 5567 ipsum?
1006 5496 1047 5549 Αι
1101 5492 1203 5561 Nostis,
1228 5492 1280 5565 ipsi
1304 5495 1451 5566 periculum
1475 5504 1606 5564 nostrum,
1632 5496 1718 5553 nostis
1741 5493 1902 5570 figmentum

247 5591 315 5635 vero
327 5578 418 5650 justus
430 5597 492 5638 eom
507 5581 637 5638 inltetitia
664 5588 692 5638 et
711 5581 906 5649 exsultationec
919 5583 965 5657 qui
980 5599 1045 5642 vero
1100 5588 1239 5655 nostrum
1263 5581 1350 5640 nosds
1367 5583 1545 5656 ignorantiam
1567 5595 1699 5654 nostram,
1714 5591 1742 5644 ct
1752 5585 1842 5662 dolos.
1853 5583 1903 5642 ad.

248 5665 368 5724 modun
381 5667 538 5742 justnsest,
563 5670 671 5730 nonani
697 5671 725 5729 in
737 5672 854 5744 ieiunio,
876 5680 903 5732 et
929 5673 1002 5746 fletu,
1018 5682 1046 5732 et
1100 5670 1302 5742 scamnorum
1335 5672 1420 5731 neoda
1445 5688 1539 5732 eorum
1570 5673 1694 5750 impetus,
1725 5681 1753 5734 et
1778 5680 1902 5732 nostram
