3950 6350
695 388 724 444 S.
746 376 1083 443 emerentianitis
1095 375 1433 435 chaum-VALLENffls

752 511 787 567 lN
801 509 907 566 FElllll
921 507 956 564 tv
970 503 1198 562 anebontem
1212 502 1371 571 SANCTAE,

1006 599 1123 658 sunno

568 767 572 776 ,
901 705 941 760 De
953 701 1082 774 passione
1096 697 1214 755 domini.

272 818 297 872 l.
324 809 443 884 Vigilate
469 807 572 879 auimo,
602 805 711 876 iratres,
745 821 781 860 ne
804 790 971 858 infructuose
984 813 1033 854 vos
1051 812 1074 890 Α
1091 802 1119 850 ει
1132 798 1220 868 major
1233 796 1260 851 iu
1276 795 1315 852 eis
1329 795 1460 868 patientie
1473 794 1674 867 comprobatur,
1695 802 1725 851 et
1749 809 1900 852 commen

234 903 316 972 huius
334 897 466 970 temporis
493 904 663 952 sacramenta
691 899 889 967 pertranseant.
919 888 1034 960 Copiosa
1089 885 1178 944 datur.
1194 885 1335 955 Quomodo
1347 901 1402 940 uon
1416 887 1532 940 maxima
1546 893 1690 940 censeatur
1715 884 1744 939 in
1773 883 1898 939 Christo,

235 995 278 1048 est
306 987 480 1044 benedictio:
495 985 559 1041 date
584 983 753 1056 receptacula
769 981 885 1046 munda3
923 977 1036 1033 devotas

234 1079 351 1144 animas,
364 1091 462 1132 seusus
475 1073 580 1146 vigiles,
596 1071 711 1129 allectus
724 1071 839 1137 sobrios,
863 1082 946 1139 puras
968 1079 1034 1121 con·

235 1164 365 1223 scientias
390 1162 516 1220 exhibete
541 1162 622 1218 tantis
644 1159 850 1218 charismatibus
876 1155 1034 1229 gratiarum.

234 1254 367 1310 Nimirum
399 1250 527 1309 admonet
555 1267 604 1308 vos
630 1247 817 1307 sollicitudinis
857 1245 948 1316 hujus,
980 1257 1036 1297 non

236 1342 317 1399 modo
329 1341 454 1414 specialis
468 1340 526 1414 ipsa
540 1339 712 1396 conversatio
727 1353 809 1409 quam
825 1332 941 1407 prolessi
957 1331 1035 1398 estis,

234 1432 285 1487 sed
311 1439 339 1486 et
359 1428 497 1503 generals
531 1426 661 1484 Ecclesiae
688 1424 854 1488 observatio,
883 1423 961 1492 cujus
990 1417 1035 1473 lilii

235 1519 309 1576 estis.
325 1517 450 1574 Universi
462 1516 597 1589 siquidem
619 1515 764 1572 Christiani
778 1529 854 1569 sacra
881 1512 933 1566 hac
955 1506 1036 1579 septi-

234 1621 326 1676 mana,
348 1615 394 1663 aut
410 1623 466 1678 prae
480 1605 571 1671 solito,
587 1613 633 1661 ant
648 1611 749 1676 practer
762 1603 882 1671 solitum,
906 1599 1036 1671 pietatem

234 1681 336 1765 colunt,
352 1695 515 1752 modestiam
537 1693 678 1760 exhibent,
694 1691 871 1748 humilitatem
886 1693 1034 1750 sectentur,

234 1783 351 1841 induunt
385 1783 558 1856 gravitatem,
587 1788 618 1838 ut
637 1781 744 1836 Christo
783 1777 897 1852 patienti
920 1774 1035 1848 quodam

235 1871 317 1928 modo
329 1867 448 1944 compati
458 1871 609 1928 videantur.
622 1869 689 1939 Quis
703 1867 774 1924 enim
787 1875 839 1923 tam
857 1863 1034 1938 irreligiosus,

236 1961 282 2032 qui
305 1975 362 2016 nou
392 1958 614 2032 compungatur?
629 1959 756 2031 quistam
780 1955 913 2019 insolens,
927 1960 958 2010 ut
981 1967 1035 2007 non

1089 974 1179 1046 quiin
1194 973 1311 1031 funiculo
1325 973 1491 1053 haereditatis
1509 989 1574 1040 suae,
1590 973 1624 1026 ab
1639 974 1691 1042 his,
1707 973 1819 1044 quibus
1834 987 1898 1042 spc-

1090 1064 1194 1119 cialiter
1236 1063 1383 1120 advenerat
1416 1061 1549 1126 Salvator,
1587 1061 1779 1118 crudelissima
1809 1067 1898 1114 morte

1090 1152 1300 1208 multatursicut
1323 1151 1374 1220 lur,
1404 1150 1506 1206 nullum
1533 1151 1644 1206 omnino
1666 1159 1829 1222 peccatum,
1849 1165 1896 1203 ner

1090 1249 1152 1296 actu
1172 1241 1292 1314 proprio,
1321 1255 1373 1297 nee
1397 1245 1548 1305 contractu,
1572 1239 1619 1294 sed
1644 1239 1739 1295 necin
1762 1253 1893 1294 crescere

1090 1335 1191 1399 posset,
1229 1327 1355 1383 habens?
1384 1327 1514 1383 Nimirum
1535 1327 1562 1382 in
1578 1341 1641 1399 quo,
1666 1325 1775 1381 habitat
1806 1325 1893 1380 omnis

1089 1415 1229 1488 plenitudo
1243 1415 1397 1484 divinitatis,
1413 1431 1468 1471 nou
1495 1415 1655 1484 umbratice,
1675 1415 1727 1471 sed
1741 1414 1894 1486 corporali

1090 1513 1146 1576 ter;
1161 1505 1189 1560 in
1202 1521 1257 1577 quo
1272 1505 1344 1560 Deus
1358 1511 1400 1560 est
1415 1503 1544 1560 mundum
1559 1502 1739 1560 reconcilians
1754 1502 1819 1570 sihi,
1840 1517 1893 1556 non

1091 1594 1243 1668 figurative,
1259 1594 1307 1649 sed
1327 1592 1558 1659 substantialium
1574 1592 1621 1664 qui
1645 1591 1769 1665 denique
1795 1591 1892 1664 plenus

1091 1691 1134 1740 est
1148 1683 1241 1757 gratiae
1260 1689 1288 1739 et
1301 1682 1431 1750 venetis,
1446 1697 1501 1738 non
1513 1681 1686 1752 cooperative
1701 1680 1802 1754 [aliea
1817 1695 1890 1736 com-

1092 1769 1234 1844 parative1,
1251 1771 1299 1827 sad
1332 1770 1521 1845 personaliter,
1537 1775 1567 1825 nt
1594 1769 1674 1826 iaciat
1701 1785 1775 1842 opus
1804 1784 1888 1826 sunna

1092 1862 1224 1918 Alienum
1236 1864 1279 1916 est
1292 1875 1362 1934 opus
1377 1861 1437 1930 ojus
1451 1858 1484 1914 oh
1507 1861 1549 1925 eo,
1577 1856 1661 1913 isaias
1686 1855 1813 1931 loquitur
1842 1860 1888 1914 ea

1091 1948 1192 2018 xxvrn,
1208 1950 1272 2019 nt);
1289 1948 1351 2020 quia
1366 1956 1475 2019 etopus
1489 1963 1567 2004 suum
1581 1945 1640 2015 luit,
1665 1947 1739 2019 quod
1765 1945 1844 2002 dedit
1866 1948 1888 2001 ei

235 2048 416 2105 humilietnr‘l
429 2047 492 2128 quis
506 2055 559 2104 ιιιιι
574 2046 728 2114 iracundae,
744 2053 774 2102 ut
797 2060 852 2101 non
874 2039 1037 2114 indulgeat?
1091 2039 1172 2094 Pater
1185 2048 1212 2093 ιιι
1231 2036 1347 2109 laceret3
1366 2043 1395 2092 et
1416 2035 1533 2092 alienum
1560 2035 1595 2090 ab
1624 2050 1667 2102 eo,
1696 2043 1726 2090 ut
1750 2034 1816 2092 talis
1833 2037 1889 2090 talis

235 2224 395 2297 flagitiosus,
410 2231 509 2281 utnon
522 2222 688 2280 contiueat?
702 2223 764 2294 quis
792 2229 847 2277 ιειιι
875 2217 1036 2285 malitiosus,

130 2127 137 2136 ⁸
235 2137 297 2208 quia
311 2143 365 2192 ιιιιι
388 2135 543 2205 deliciosus,
571 2144 600 2191 nt
628 2149 684 2191 uon
707 2133 867 2190 abstineat?
894 2130 955 2204 quis
983 2134 1037 2183 tam
1052 2117 1075 2194 Β
1089 2127 1244 2183 sustineret.
1258 2125 1297 2181 lta
1310 2140 1377 2196 ergo
1392 2124 1476 2181 hahes
1491 2124 1518 2180 in
1532 2139 1617 2196 opere
1631 2124 1804 2196 patientium.

1127 2218 1153 2270 3.
1169 2215 1237 2272 Nam
1251 2214 1362 2270 modum
1375 2215 1463 2286 ipsum
1477 2213 1501 2268 si
1515 2212 1662 2288 diligenter
1676 2214 1817 2280 attendas,
1842 2231 1888 2270 non

235 2320 335 2368 utnon
348 2313 480 2384 poeniteat
493 2309 781 2369 hisdiebuslhlerito
798 2309 917 2382 quidem.
933 2305 1038 2375 Nempe
1092 2303 1172 2359 modo
1205 2304 1307 2372 mitem,
1337 2303 1386 2358 sed
1407 2309 1435 2359 et
1462 2301 1591 2357 humilem
1617 2301 1700 2358 corde
1728 2318 1889 2374 cognosces.

235 2399 313 2454 adest
331 2399 422 2472 passio
448 2398 565 2466 Domini,
591 2414 678 2471 nsque
706 2397 808 2470 lotias,
824 2394 930 2468 utique]
958 2391 1038 2448 hodie
1093 2391 1196 2464 Nempe
1220 2392 1247 2446 in
1276 2391 1425 2448 humilitate
1451 2389 1580 2462 judicium
1599 2391 1660 2462 ejus
1686 2391 1830 2446 sublatum
1843 2401 1888 2452 est

235 2493 336 2544 wrram
348 2469 471 2555 movens,
499 2493 592 2559 petras
620 2485 760 2566 scindaps,
787 2484 915 2558 aperiens
942 2497 1040 2537 monn·
1093 2497 1155 2536 cum
1170 2481 1266 2551 decad
1296 2488 1385 2536 tantas
1406 2479 1599 2552 blasphemias,
1626 2495 1677 2536 uec
1691 2479 1727 2534 ad
1750 2479 1891 2538 selsisnma

235 2583 335 2632 menta.
363 2575 451 2647 Prope
466 2583 508 2631 cst
523 2574 604 2631 etiam
620 2574 866 2644 resurrectioejus‚
889 2571 983 2642 inqua
996 2582 1039 2623 so·
1092 2586 1153 2642 quae
1168 2568 1218 2624 sibi
1233 2567 1430 2639 objiciebantur
1456 2568 1569 2624 crimina
1598 2567 1794 2639 responderet.
1826 2571 1890 2627 lilli-

232 2663 399 2726 lemnitatem
425 2662 601 2720 celebrabitis
627 2661 757 2722 altissimo
784 2661 919 2721 Domino:
935 2656 1039 2714 utinam
1093 2674 1166 2726 mus,
1181 2657 1277 2729 iuquit,
1293 2661 1475 2724 carmeliten
1490 2660 1552 2714 oret
1565 2659 1592 2716 oi
1605 2661 1746 2730 aspectos,
1764 2674 1819 2713 nec
1833 2674 1890 2728 spe·

234 2767 321 2824 usqne
335 2751 364 2806 in
378 2750 508 2806 altissima
522 2767 584 2822 quae
598 2750 663 2806 iecit
690 2749 827 2823 magnalia
853 2747 991 2804 alacritate
1010 2752 1039 2802 et
1092 2746 1194 2802 ciosum
1218 2745 1305 2803 lorma
1327 2763 1384 2818 prae
1398 2745 1460 2802 filiis
1474 2745 1623 2812 bominum,
1644 2745 1692 2802 sed
1716 2747 1892 2818 opprobrium

235 2839 363 2898 audate
375 2839 486 2912 spiritus
500 2839 650 2895 subeuntes
663 2835 670 2894 l
684 2837 756 2894 Nihil
776 2838 803 2892 iu
826 2837 928 2892 mundo
955 2843 1038 2908 pote·
1093 2836 1242 2905 hominum,
1259 2844 1287 2893 ει
1308 2846 1435 2908 tanquam
1449 2836 1601 2908 leprosum3
1623 2833 1804 2894 novissimum
1828 2835 1891 2892 vire

235 2925 392 2985 ratmelins
406 2925 477 2990 fieri.
502 2943 584 2998 quem
598 2926 670 2998 quod
686 2926 785 2982 hatum
813 2933 854 2981 est
879 2941 895 2980 a
921 2923 1039 2979 Domino
1094 2941 1163 2995 rum,
1180 2925 1260 2998 plane
1274 2924 1360 2982 virum
1389 2923 1523 2994 dolorum,
1553 2941 1569 2980 a
1596 2927 1654 2982 Deo
1676 2941 1846 2998 percussum
1870 2934 1891 2980 et

235 3013 398 3072 hisdiebus.
416 3013 489 3070 Nihil
513 3016 616 3070 mundo
630 3021 738 3086 poterat
760 3014 857 3071 melius
884 3010 930 3070 vel
947 3011 1039 3068 utilius
1092 3013 1280 3072 humiliatum:
1296 3015 1333 3070 ita
1356 3021 1387 3071 ut
1407 3014 1479 3071 nulla
1502 3022 1576 3071 esset
1601 3015 1625 3071 ei
1652 3015 1775 3088 species,
1807 3031 1892 3087 neque

234 3101 432 3169 commendari,
448 3117 530 3175 qnam
546 3110 577 3159 ut
588 3101 643 3160 ritu
656 3109 790 3176 perpetuo
804 3101 925 3159 celebret
942 3099 1039 3174 singu·
1093 3104 1177 3160 decor
1190 3103 1270 3174 (lsai.
1281 3105 1416 3175 cariffi-4).
1433 3104 1456 3160 0
1473 3102 1649 3160 novissimum
1662 3110 1691 3159 ct
1713 3102 1890 3160 altissimum!

235 3191 270 3248 lis
296 3191 376 3248 aunis
407 3190 568 3255 memoriale
582 3192 645 3264 ejus
671 3192 700 3248 in
727 3191 865 3250 desiderio
889 3189 997 3255 anhnae,
1013 3195 1040 3245 et
1092 3191 1255 3249 ohumilcm
1269 3200 1297 3248 et
1310 3187 1472 3248 sublimeml
1489 3207 1505 3248 o
1520 3191 1697 3266 opprobrium
1711 3191 1858 3250 hominnm
1869 3203 1893 3250 ει

199 3339 203 3348 ,
234 3279 393 3339 memoriam
407 3279 584 3336 abundantiae
604 3279 746 3339 suavitatis
775 3281 837 3351 ejus
864 3278 957 3352 lolius,
974 3275 1040 3348 suas]
1093 3279 1208 3354 gloriam
1231 3279 1417 3352 Angeloruml
1445 3279 1533 3336 Nemo
1559 3279 1605 3336 illo
1624 3279 1776 3348 sublimior,
1808 3295 1893 3351 usqne

234 3373 350 3428 eructet.
379 3369 531 3441 Utrumque
559 3376 650 3426 autam
675 3376 789 3441 propter
815 3383 875 3437 nos,
910 3365 983 3440 quod
1012 3365 1041 3421 in
1094 3368 1229 3427 humilior.
1244 3368 1368 3442 Denique
1383 3367 1468 3440 sputis
1482 3365 1565 3425 illitus
1579 3376 1630 3436 est,
1650 3367 1813 3440 opprobriis
1831 3379 1894 3423 satu-

234 3464 354 3530 utroqnc
368 3455 452 3514 uobis
470 3455 566 3516 salutis
579 3456 692 3526 fruetus,
706 3457 736 3513 in
750 3465 866 3529 utroque
879 3455 935 3512 vita
959 3453 1040 3528 spiri·
1055 3418 1078 3497 c
1094 3465 1169 3514 ratus
1183 3465 1234 3526 est,
1250 3463 1338 3513 morte
1364 3456 1518 3528 turpissima
1536 3456 1734 3513 condemnatus
1758 3463 1816 3526 est,
1840 3473 1894 3512 cam

234 3549 278 3602 tus
293 3545 391 3603 nostri.
407 3544 538 3602 llirabilis
552 3545 643 3619 passio
660 3554 715 3616 tua,
744 3545 860 3602 Domine
876 3546 951 3613 Jesn,
981 3559 1041 3616 quse
1093 3545 1232 3603 sceleratis
1250 3546 1394 3616 deputatus
1417 3553 1468 3600 est.
1488 3543 1596 3600 Nihilne
1611 3545 1764 3602 merebitur
1778 3545 1826 3602 vel
1851 3545 1894 3601 ista

234 3623 376 3706 passiones
402 3633 525 3690 omnium
539 3641 665 3690 nocuum
685 3633 872 3707 propulsalvit,
895 3631 1040 3705 propitiata
1094 3633 1240 3704 humilitus,
1260 3650 1322 3706 qnae
1335 3635 1407 3690 huuc
1435 3633 1517 3689 hahet
1535 3632 1654 3701 modum,
1674 3633 1728 3690 imo
1755 3651 1823 3706 quae
1847 3645 1895 3688 um

234 3728 278 3780 est
291 3723 420 3781 omnibns
443 3721 632 3796 iniquitatibus
653 3723 763 3792 nostris,
780 3732 808 3781 et
833 3722 899 3779 nudi
920 3736 1039 3794 unquam
1094 3733 1136 3780 est
1155 3723 1371 3780 ultramodum?
1387 3721 1835 3802 Sicutestpatientiasingnlaris,
1864 3726 1897 3780 sic

234 3811 306 3886 pesti
319 3818 420 3875 nostrae
434 3811 572 3870 invenitur
585 3811 724 3870 inefficax.
744 3812 815 3882 Quid
830 3811 903 3870 enim
927 3817 982 3866 tam
1005 3809 1039 3866 ad
1095 3811 1232 3868 humilitas
1246 3809 1426 3884 admirabilis3
1441 3817 1555 3884 utraque
1570 3810 1629 3868 sine
1642 3811 1782 3884 exemplo.

233 3908 360 3972 mortem,
376 3899 449 3974 quod
464 3917 520 3959 non
535 3909 582 3959 tua
596 3909 683 3959 morte
697 3899 840 3959 solvatmt
1130 3902 1157 3956 t.
1174 3901 1326 3972 Utramque
1351 3905 1441 3955 tamen
1468 3898 1612 3975 magnifice
1631 3915 1713 3957 eausa
1732 3901 1795 3974 ipsa
1823 3916 1896 3959 com·

268 3995 295 4048 2.
312 3990 342 4056 ln
356 3990 408 4046 hae
422 3989 505 4062 igitur
517 3990 656 4063 passione,
677 3989 787 4060 iratres,
812 3990 863 4047 tria
885 3987 1040 4060 specialiter
1093 3989 1222 4046 mandat:
1266 3986 1393 4044 nimirum
1423 3988 1540 4044 charitas
1567 3995 1619 4046 est.
1647 3989 1766 4062 Propter
1788 3990 1898 4046 nimiam

231 4078 360 4138 conuenit
373 4079 488 4146 intueri3
504 4095 584 4152 opus,
609 4078 731 4146 modum,
755 4092 875 4134 eaumm.
902 4077 972 4133 Nam
1012 4075 1039 4130 in
1094 4077 1166 4134 enim
1189 4076 1354 4135 charitatem
1377 4091 1464 4145 suam,
1485 4092 1565 4148 quam
1586 4076 1679 4134 dilexit
1692 4093 1744 4135 nos
1769 4079 1858 4146 Deus,
1873 4089 1897 4135 ut

232 4181 318 4240 opere
328 4166 441 4236 quidem
456 4165 599 4238 patientia,
612 4166 642 4220 in
654 4165 738 4222 modo
757 4164 904 4233 humilitas,
920 4163 948 4219 in
959 4178 1040 4220 causa
1094 4182 1203 4223 servum
1219 4165 1376 4234 redimeret,
1399 4181 1450 4222 noc
1465 4165 1544 4222 Pater
1557 4167 1634 4238 Filio,
1663 4183 1715 4224 nec
1736 4167 1792 4223 sibi
1819 4169 1898 4224 Filius

232 4250 354 4308 charites
369 4249 585 4306 commendatur.
604 4252 737 4309 Patientia
764 4261 855 4314 eutem
882 4251 1038 4326 singularis,
1094 4255 1152 4328 ipse
1168 4253 1300 4326 pepercit.
1316 4255 1388 4328 Vere
1401 4253 1521 4324 nimiam,
1537 4255 1600 4328 quia
1619 4264 1648 4314 et
1666 4256 1725 4314 haec
1737 4272 1897 4315 mensumn

235 4335 322 4395 885
337 4337 411 4411 quod
425 4335 554 4397 videlieet
568 4355 629 4396 cunr
643 4354 726 4412 supra
740 4339 850 4396 dorsum
871 4340 932 4411 cius
955 4339 1038 4394 labri·
1095 4343 1210 4411 excedit,
1227 4343 1338 4399 modum
1353 4351 1472 4415 superat,
1494 4343 1575 4416 plane
1597 4345 1811 4418 supereminens
1837 4349 1898 4404 nni-

234 4432 328 4484 curent
351 4436 532 4499 peccatores;
556 4443 619 4484 cum
634 4427 673 4484 sic
695 4427 890 4486 extenderetur
903 4427 930 4483 in
953 4427 1038 4504 ligno,
1094 4431 1189 4490 versis.
1222 4432 1362 4504 Nojorem,
1391 4431 1488 4510 iuquit,
1512 4434 1682 4494 clarentem
1695 4451 1781 4494 acuto
1806 4435 1898 4501 habet.

234 4521 264 4572 ut
286 4515 527 4599 dinumerarentur
556 4516 649 4574 omnia
663 4531 725 4574 ossa
750 4519 823 4588 ejus;
840 4534 901 4573 cnm
925 4516 1039 4575 sortissi·
1094 4537 1181 4594 qoem
1194 4525 1229 4578 ut
1245 4521 1373 4576 animem
1386 4526 1565 4596 saemponet
1580 4526 1643 4597 qais
1655 4525 1826 4598 proemicis
1841 4527 1899 4583 suis

234 4620 308 4672 nrum
334 4603 400 4663 illud
429 4606 678 4682 propugnaculum,
705 4605 779 4678 quod
802 4605 918 4663 custodit
945 4606 1039 4673 lsrael,
1095 4610 1178 4684 (loon
1192 4624 1241 4676 xv,
1259 4609 1313 4681 ts).
1330 4609 1369 4666 Tu
1384 4612 1516 4681 majorem
1538 4611 1665 4681 habuisti,
1694 4613 1827 4684 Domine,
1852 4631 1898 4688 po·

133 4687 136 4701 '
234 4691 354 4766 undique
382 4693 531 4768 iuraretur3
547 4711 610 4753 cum
632 4694 792 4754 foderentur
806 4711 903 4752 manus
930 4696 990 4766 ejus
1012 4705 1040 4751 et
1095 4715 1164 4754 nens
1177 4714 1238 4754 eam
1253 4697 1334 4754 etlam
1347 4714 1398 4772 pro
1411 4700 1538 4758 inimicis.
1548 4701 1614 4759 Cum
1629 4702 1703 4760 enim
1726 4703 1821 4762 adhuc
1848 4705 1898 4760 ini-

235 4779 337 4852 pedes:
354 4781 424 4840 siem
436 4800 525 4858 agnus
541 4785 575 4846 ad
588 4783 753 4842 occisionem
768 4785 866 4842 ductus
880 4785 924 4858 sit,
940 4793 968 4842 et
982 4794 1040 4842 ten·
1095 4785 1158 4840 mici
1172 4801 1304 4854 essemus,
1320 4802 1369 4858 per
1384 4795 1499 4844 mortem
1514 4797 1587 4846 tuam
1606 4797 1633 4847 et
1657 4791 1705 4849 tibi
1728 4792 1899 4850 reconciliati

234 4883 315 4940 quam
328 4870 387 4927 ovis
400 4887 493 4954 ceram
510 4873 656 4944 tondente,
667 4889 723 4930 nou
737 4875 876 4946 aperuerit
889 4890 920 4931 os
943 4890 1038 4941 suum;
1098 4889 1199 4941 sumus,
1216 4881 1245 4930 ει
1258 4875 1339 4932 Patri.
1353 4875 1482 4945 Quaenam
1497 4894 1564 4951 ergo
1588 4879 1640 4936 aha
1663 4879 1803 4938 videbitur
1826 4898 1898 4942 esse,

235 4969 292 5012 nou
316 4957 447 5015 advorsus
471 4959 577 5020 Patrem
609 4979 792 5031 munnumns,
820 4980 837 5018 a
864 4979 918 5035 quo
942 4963 1039 5019 misam
1093 4963 1136 5021 vel
1169 4962 1261 5032 luisse,
1287 4963 1329 5020 vel
1344 4963 1402 5020 lore
1417 4965 1589 5024 huicsimilis
1615 4968 1766 5026 charitati?
1782 4969 1836 5026 Vix
1852 4985 1899 5044 pro

235 5041 339 5112 luerat;
352 5059 407 5100 non
423 5046 553 5104 adversus
570 5050 717 5106 humanum
731 5065 830 5124 genus,
847 5065 964 5123 proquo
978 5067 1039 5123 quae
1092 5052 1177 5122 juste
1188 5051 1249 5124 qais
1264 5053 1395 5110 moritur:
1419 5061 1447 5111 tu
1469 5071 1518 5125 pro
1542 5057 1648 5128 injustis
1661 5073 1759 5129 passus
1773 5074 1820 5128 es,
1843 5075 1900 5114 mo-

234 5147 291 5190 non
305 5134 582 5208 rapuitexaolvebat3
597 5153 653 5195 non
669 5137 844 5211 deniqueret
867 5144 963 5195 contra
986 5153 1038 5211 po·
1094 5140 1167 5196 ricus
1185 5147 1299 5213 propter
1313 5141 1411 5198 delicta
1433 5151 1535 5212 nostra,
1560 5146 1606 5217 qui
1624 5147 1723 5204 venisti
1746 5147 1899 5217 justificare

236 5221 327 5293 pulum
346 5223 436 5297 ipsum
458 5222 624 5296 peculiarem
638 5225 698 5295 sibi,
715 5240 795 5299 aquo
809 5242 858 5298 pro
884 5226 965 5283 tantis
987 5227 1037 5282 be·
1094 5229 1179 5302 gratis
1204 5237 1375 5302 peccatores,
1401 5247 1495 5288 servos
1519 5231 1608 5291 lacere
1634 5233 1742 5304 iratres,
1773 5237 1901 5307 captiuos

236 5309 339 5368 neliciis
353 5319 428 5370 tanta
444 5311 518 5370 mala
532 5313 690 5386 recipiebat.
706 5314 865 5374 Flectuntur
882 5315 966 5390 aliqui
989 5331 1038 5388 pro
1099 5317 1266 5387 coheredes,
1284 5318 1390 5375 amulas
1414 5336 1504 5393 reges.
1537 5321 1594 5378 Nec
1608 5339 1674 5380 sane
1698 5323 1772 5380 aliud
1795 5323 1898 5396 ahquid

235 5399 355 5468 peccatis
382 5401 450 5470 artis,
471 5407 499 5458 et
533 5401 672 5460 humiliter
700 5403 856 5462 sustinent:
875 5405 928 5463 hoc
950 5405 1038 5478 ipsum
1096 5405 1252 5478 patientiam
1286 5407 1358 5462 bane
1378 5415 1406 5464 et
1447 5407 1622 5466 humilitatem
1655 5429 1734 5484 aeque
1766 5413 1898 5476 illustrat,

237 5492 330 5541 tamen
342 5487 383 5544 eis
395 5488 431 5544 ad
447 5489 603 5562 patientiam
618 5497 769 5565 reputatur.
785 5493 968 5566 flagellantur
982 5491 1036 5561 alii,
1095 5509 1177 5565 quam
1191 5494 1264 5567 quod
1279 5494 1388 5551 tradidit
1408 5495 1435 5552 in
1461 5504 1577 5555 mortem
1601 5499 1719 5556 animam
1746 5518 1842 5568 suam,
1876 5509 1899 5556 ει

237 5583 295 5632 nou
309 5579 363 5629 ιειιι
387 5577 531 5650 purgandi,
547 5595 629 5652 quam
650 5579 795 5651 probandi,
820 5581 1036 5654 coronandique&
1092 5589 1205 5654 peccata
1218 5581 1363 5641 mrdtorum
1387 5583 1456 5653 tulit,
1470 5585 1551 5642 etiam
1573 5603 1623 5659 pro
1646 5593 1901 5662 transgressoribus
