4150 6348
175 480 228 540 tet
655 479 690 544 tlt
716 477 816 542 rtsto
837 479 866 538 S.
885 475 1184 546 dlbllltlltl’lstort
1201 485 1316 550 stabo.
1769 482 1824 544 498

174 605 323 666 vocabatur
336 605 366 662 in
380 612 452 662 terra
464 605 562 665 merito
576 620 630 663 non
644 606 777 676 attendit,
792 607 872 677 cujus
894 603 975 660 nimi·
990 618 1014 698 g
1066 609 1110 664 l'l.
1131 611 1267 687 Ignoscite
1281 611 1358 682 mihi,
1378 612 1476 670 iratres
1492 630 1499 670 :
1515 612 1669 685 exemplum
1688 609 1821 667 obedien·

175 713 236 752 rum
249 695 420 754 morando
435 705 508 754 esset
519 695 547 751 in
562 696 651 768 caelia,
666 698 744 768 cuins
757 694 832 754 oculi
844 692 971 764 incapite
1025 697 1070 764 ,iae
1084 697 1165 770 paulo
1178 699 1269 758 minus
1292 700 1436 772 praeteriri,
1456 699 1530 774 quod
1551 700 1661 772 quidem
1675 699 1718 758 vel
1732 699 1822 755 solnm

174 801 235 843 suo.
252 785 323 842 Sane
335 785 401 842 illuc
415 784 496 842 etiam
512 786 636 858 lacryma
650 786 710 856 ejus
723 802 740 843 a
754 784 865 842 matilia
881 797 973 840 aseen-
1024 791 1100 861 juxta
1114 789 1280 860 propositum
1296 788 1419 848 ordinem
1441 787 1469 843 in
1492 788 1605 844 llurtino
1620 802 1729 859 quoque
1743 786 1822 844 nobis

175 874 241 934 dere
252 881 457 940 consueverant,
473 873 574 948 quibos
592 875 633 932 sic
651 875 813 942 abundabat,
830 883 860 932 ut
872 873 972 930 soleret
1025 867 1151 936 conserat
1165 877 1299 934 exhiberi,
1314 879 1384 936 Sane
1398 892 1502 934 moram
1517 875 1643 945 sapimus,
1659 875 1719 940 sed,
1734 883 1764 931 „a
1776 892 1821 930 gf.

105 954 109 962 '
173 980 225 1037 pro
238 963 349 1021 illorum
362 977 481 1036 quoque,
495 964 542 1036 qui
556 964 752 1022 obtrectatores
775 963 817 1020 sui
840 962 971 1022 rideban—
1025 967 1121 1038 bitror,
1136 967 1236 1024 bonum
1251 983 1300 1025 nos
1315 967 1359 1025 bic
1372 982 1434 1024 esse
1449 985 1457 1038 3
1473 965 1576 1023 tardius
1589 964 1661 1020 enlm
1676 962 1759 1020 hodie
1769 979 1822 1019 vc·

175 1061 231 1124 tur,
244 1053 308 1110 llere
323 1052 452 1124 peccatis.
1025 1053 1118 1113 nimos
1134 1056 1167 1112 ad
1183 1056 1336 1112 ldartinum.
1355 1074 1368 1110 a
1383 1055 1510 1123 Domine,
1525 1053 1622 1127 inquit,
1638 1052 1661 1108 si
1674 1053 1823 1124 adhucpo·

211 1145 255 1200 lt.
284 1142 354 1198 Sans
380 1147 510 1216 quantuor
534 1141 668 1212 justitiam
691 1143 835 1211 esurierit,
861 1148 916 1198 tum
943 1139 972 1196 in
1025 1143 1090 1216 pulo
1105 1153 1152 1202 too
1165 1161 1226 1200 sum
1240 1144 1419 1211 necessarius,
1440 1159 1494 1201 non
1509 1157 1618 1200 recurso
1632 1141 1762 1208 laborem,
1779 1140 1825 1196 liat

173 1229 279 1288 octaris
302 1230 362 1300 eius
379 1228 496 1296 actibus,
515 1238 572 1288 tum
595 1231 746 1304 specialiter
761 1232 789 1288 io
812 1229 972 1288 idololatriae
1026 1234 1148 1292 voluntas
1162 1241 1207 1294 tna
1227 1236 1295 1307 (tt).
1312 1235 1366 1292 al)
1388 1249 1451 1292 rere
1465 1231 1665 1291 sanctissimam
1681 1228 1823 1286 animarat

173 1319 361 1392 persecutione
386 1319 532 1390 probatum
554 1329 607 1386 est,
625 1319 655 1376 in
675 1321 836 1392 templorum
860 1319 970 1376 destru-
1025 1336 1042 1378 o
1060 1322 1274 1380 inestimabilem
1293 1323 1469 1383 charitatem!
1487 1340 1504 1380 o
1522 1319 1705 1380 obedientiam
1728 1317 1825 1391 singu-

173 1408 273 1477 ctione,
288 1407 317 1464 itt
331 1413 479 1464 statuarum
499 1407 661 1478 dejectione,
675 1408 704 1466 in
724 1408 875 1466 succisione
896 1407 972 1466 luco-
1022 1409 1123 1468 lareml
1141 1413 1244 1468 Bonum
1257 1421 1392 1472 ceramon
1412 1412 1522 1470 certasti
1539 1453 1546 1482 ‚
1561 1425 1672 1467 cursum
1685 1423 1819 1465 consum-

173 1513 244 1555 ruro.
259 1496 312 1554 llbi
325 1512 354 1552 se
367 1511 476 1568 quoque
489 1497 635 1570 aliquando
649 1513 704 1556 non
719 1508 761 1556 eat
783 1499 890 1554 veritus
907 1499 971 1556 dare
1024 1500 1115 1566 mesti,
1130 1499 1211 1558 iidem
1228 1505 1361 1574 serrasti;
1376 1503 1410 1560 de
1432 1503 1538 1574 reliquo
1559 1502 1687 1570 superest
1710 1495 1760 1552 tibi
1774 1510 1823 1553 co-

173 1583 331 1652 discrimini,
353 1592 383 1640 ut
397 1585 505 1642 occasio
522 1585 589 1644 tanti
606 1587 728 1644 oriminis
752 1586 786 1643 de
807 1586 896 1644 medio
917 1585 971 1644 tot-
1024 1603 1091 1644 rona
1104 1589 1227 1660 justitia,
1242 1606 1325 1663 quam
1348 1591 1442 1648 reddet
1463 1591 1512 1647 tibi
1531 1587 1666 1646 Dominus
1685 1584 1766 1643 bodie
1779 1585 1823 1656 ju·

172 1675 284 1732 leretur.
298 1675 369 1732 Nam
387 1674 590 1732 misericordem
604 1689 667 1732 enm
686 1675 713 1732 in
730 1691 846 1746 paupere
866 1691 896 1731 ae
920 1691 969 1732 ex·
1024 1683 1084 1734 stus
1100 1677 1199 1748 jndo13
1215 1687 1243 1734 et
1267 1679 1357 1735 adbuc
1371 1677 1463 1736 diois:
1487 1679 1550 1734 Non
1574 1692 1671 1734 recuso
1690 1674 1822 1742 laborem,

174 1770 281 1835 portem
292 1762 412 1821 Salvator
421 1761 480 1834 ipse
493 1763 684 1836 apudangelos
694 1764 870 1838 gloriabauu,
878 1764 967 1820 dauns
1024 1765 1070 1824 liat
1091 1765 1217 1824 voluntas
1239 1768 1302 1822 tual
1329 1766 1456 1824 Obtulisti
1486 1767 1567 1838 plane
1586 1766 1683 1833 lsasc;
1712 1763 1822 1820 unicum

174 1853 228 1908 sibi
239 1851 409 1909 medietatem
420 1851 503 1910 restis
521 1859 667 1910 ostentans.
678 1853 787 1910 Utinam
801 1852 880 1908 nobis
890 1852 971 1909 etiam
1026 1853 1103 1909 illum
1117 1869 1201 1925 quem
1212 1852 1312 1926 diligis,
1328 1854 1400 1927 quod
1416 1853 1443 1908 in
1460 1861 1484 1910 te
1498 1859 1550 1918 eat,
1563 1849 1693 1924 jugulasti
1728 1849 1824 1904 immo-

173 1939 280 1997 miseris
295 1940 366 2010 apud
380 1956 517 1998 suurmum
528 1940 659 2011 judicem,
674 1941 703 1996 in
722 1942 800 2011 eujus
814 1940 972 1998 admirabile
987 1897 1009 1975 Β
1027 1943 1089 1999 lasti
1103 1943 1240 2013 singulare
1254 1943 1382 2014 gaudium
1397 1951 1475 1998 tuum
1491 1940 1533 2012 pia
1542 1938 1700 2008 devotione,
1713 1943 1823 2010 paratus

173 2029 376 2085 tabernaculum
385 2027 517 2097 introivit,
532 2029 747 2086 misericordiam
755 2029 835 2086 illam
846 2029 973 2086 exhibere
1026 2031 1115 2088 redire
1129 2032 1226 2088 iterum
1236 2032 1264 2086 ln
1279 2031 1407 2103 pericula,
1423 2029 1552 2086 innovare
1563 2027 1723 2090 certamina,
1734 2024 1823 2080 denuo

173 2116 540 2188 digneturaquaetillosolitn
549 2117 973 2183 mortidestinatos,ettorntentis
1026 2121 1118 2178 subire
1133 2121 1267 2187 laborem,
1282 2121 1413 2176 sustinere
1435 2118 1647 2180 tribulationem,
1663 2115 1824 2188 prolongare

173 2204 258 2262 variis
266 2204 409 2278 deputatos
418 2204 517 2275 eripuit
527 2221 577 2275 pro
587 2206 756 2278 quibusante
766 2206 972 2277 terrenijudicis
1025 2209 1212 2278 tentationem,
1227 2208 1326 2264 deinde
1345 2207 1451 2264 diilerri
1465 2207 1554 2264 adhue
1568 2208 1601 2262 ab
1625 2203 1671 2261 illa
1694 2210 1769 2259 tanta
1783 2201 1823 2257 ic-

169 2293 971 2365 jannomnootemedicatribiturjaoulsse.Quomodoenim
1025 2297 1140 2363 licitate,
1157 2303 1184 2351 et
1206 2295 1253 2354 diu
1268 2297 1422 2353 desiderata
1445 2295 1573 2352 societate
1597 2293 1740 2365 spirituum
1756 2291 1822 2346 bea·

171 2395 228 2438 non
243 2381 335 2438 audiet
353 2397 415 2438 eum
430 2397 512 2452 nunc,
527 2383 573 2455 qui
588 2390 770 2456 tuncquoqne
786 2382 849 2439 lecit
861 2381 972 2440 audiri?
1026 2393 1125 2452 torum,
1139 2393 1219 2456 atque
1234 2384 1263 2439 in
1280 2385 1363 2455 hujus
1385 2384 1554 2440 mortalitatis
1569 2396 1703 2440 aerumnas
1716 2377 1750 2434 ab
1764 2378 1822 2451 ipso

168 2470 256 2527 Porro
269 2469 428 2528 munditiam
440 2471 531 2528 cordis
540 2471 718 2542 ejusilludrel
729 2471 845 2528 maxime
860 2470 969 2538 indicat,
1025 2473 1137 2530 introitu
1152 2473 1246 2546 gloriae
1260 2471 1401 2543 reuocari;
1420 2480 1569 2544 postremo,
1590 2469 1661 2543 quod
1677 2468 1823 2525 marimum

169 2559 247 2630 qnod
256 2558 494 2616 nonestocnlusns
503 2558 615 2616 inimico
622 2560 739 2630 loquens
749 2558 777 2614 in
785 2559 971 2632 porta2aNlbil
1025 2571 1076 2628 est,
1092 2578 1108 2620 a
1122 2561 1230 2618 Christo
1246 2570 1292 2620 tuo
1307 2559 1472 2634 peregrinari
1493 2559 1606 2627 diutius,
1624 2558 1647 2614 si
1667 2556 1749 2614 modo
1764 2555 1824 2629 ipse

167 2645 197 2704 in
209 2663 261 2716 me,
277 2646 534 2720 lucescereperies,
550 2649 670 2704 Abrabae
679 2664 722 2703 nae
736 2646 968 2719 ainusrecipiet.»
1023 2650 1165 2708 voluisset.
1188 2650 1246 2706 Nec
1264 2665 1330 2706 sane
1352 2650 1467 2706 dublum
1486 2649 1553 2722 quin
1574 2645 1731 2720 ampliorem
1761 2661 1824 2721 gra·

165 2735 238 2792 Nam
259 2735 386 2806 inopere
406 2734 578 2805 pacificorum
598 2735 711 2794 lelioiter
732 2736 813 2808 plane
842 2751 971 2793 consum·
1023 2740 1086 2795 tiam
1100 2746 1245 2807 mereatur,
1264 2739 1312 2813 qui
1335 2747 1456 2812 paratum
1481 2753 1511 2794 se
1525 2736 1651 2794 exhibeat
1665 2736 1744 2792 etiam
1760 2743 1824 2790 ante

166 2823 366 2881 manslaboras
384 2838 459 2893 suos,
475 2823 538 2880 licet
555 2823 663 2900 diemm
677 2840 787 2882 suorum
810 2823 894 2882 finem
915 2839 968 2881 uon
1022 2828 1179 2886 mandatum
1193 2843 1275 2902 quam
1286 2829 1333 2900 qui
1344 2827 1456 2884 obedire
1471 2826 1643 2900 sategitpcst
1657 2823 1823 2880 mandatum.

165 2911 319 2985 ignoraret,
348 2910 463 2968 clericos
488 2917 578 2968 maren
603 2911 671 2970 adiit
697 2911 873 2979 dissidentes,
898 2913 970 2970 inter
1022 2915 1244 2988 Magnaquidem
1257 2907 1410 2972 obedieritis
1434 2925 1536 2982 vestra,
1552 2913 1643 2988 angeli
1658 2909 1759 2978 sancti;
1776 2911 1824 2967 sed

165 3015 238 3074 quos
252 2998 397 3056 reformata
412 3014 489 3071 pace,
504 2999 533 3055 in
547 3016 614 3072 pace
632 3001 692 3072 ipse
705 2999 817 3074 quievit.
1025 3003 1098 3076 quod
1112 3003 1202 3060 dicere
1215 3003 1331 3059 audeam
1342 3017 1406 3074 pace
1416 3010 1516 3070 vestra,
1527 3001 1618 3058 nescio
1629 3015 1663 3056 an
1674 2999 1824 3055 inveniatur

204 3092 250 3146 lb.
274 3089 406 3145 Caeterum
429 3089 628 3160 persecutione,
651 3104 718 3161 quas
738 3089 865 3147 sustinuit
888 3105 971 3161 prop·
1026 3090 1054 3148 in
1068 3090 1301 3164 vobisqnisquttm
1316 3101 1427 3162 paratus
1440 3089 1468 3145 in
1483 3089 1534 3146 tale
1547 3087 1693 3162 aliquando
1708 3087 1815 3143 miniato

166 3187 209 3234 ter
220 3176 365 3248 justitiam,
379 3178 493 3250 longum
509 3187 551 3232 est
569 3193 725 3246 numerare,
739 3179 877 3250 quomodo
892 3180 965 3251 apud
980 3173 1002 3252 G
1019 3181 1086 3237 riuus
1096 3180 1175 3250 mitti,
1191 3179 1220 3235 in
1233 3195 1289 3254 quo
1299 3196 1412 3238 necesse
1427 3181 1529 3236 habeat
1544 3195 1599 3236 non
1613 3178 1704 3235 videm
1725 3176 1823 3233 faciem

163 3265 304 3323 lulianum
317 3267 470 3338 Angustum
484 3264 513 3321 in
527 3263 634 3323 civitate
649 3267 836 3340 wangionum
852 3266 965 3338 intrepi-
1018 3270 1113 3328 Patris.
1129 3269 1259 3344 llsgnum
1268 3279 1319 3335 est,
1334 3270 1423 3336 Patre,
1435 3267 1509 3340 quod
1523 3267 1668 3323 Dominum
1679 3274 1821 3322 seculums

165 3355 231 3424 dus,
259 3355 313 3410 imo
336 3353 460 3412 stillato
490 3364 593 3412 terrore
620 3357 804 3426 οοιιειιιιιίοις
837 3355 966 3421 custodia
1019 3361 1108 3415 omnia
1123 3358 1274 3432 reliquisti,
1289 3358 1338 3414 sad
1356 3357 1446 3414 autliri
1461 3365 1488 3412 te
1504 3358 1529 3414 in
1561 3363 1652 3413 monle
1671 3356 1819 3422 dicentem,

165 3442 335 3512 mancipatus
361 3449 413 3509 est,
438 3449 466 3498 ul
479 3442 604 3499 linarmis
627 3450 736 3516 postero
764 3444 809 3501 dia
843 3443 966 3501 barbaria
1019 3449 1067 3505 ubl
1081 3448 1289 3522 transfiguratus
1303 3456 1343 3503 est
1356 3462 1448 3504 coram
1462 3445 1560 3503 robis:
1578 3443 1820 3509 Dominabooom

165 3539 365 3604 opponeretur;
396 3532 535 3606 quomodo
561 3532 632 3590 circa
659 3533 744 3605 Alpes
777 3533 828 3589 sub
859 3536 964 3605 securi,
1018 3541 1126 3596 estoos
1149 3537 1291 3604 disaster
1314 3537 1461 3608 scotoma
1485 3536 1530 3592 bio
1553 3535 1611 3589 trio
1635 3531 1820 3590 tabernacola

163 3636 246 3694 quam
261 3619 289 3676 ir
306 3620 437 3676 verticem
451 3620 512 3691 ejus
525 3620 594 3678 latro
618 3621 753 3692 vibrabat,
777 3621 967 3679 securissimus
986 3632 990 3638 ·
1019 3625 1126 3698 (dotti.
1143 3638 1212 3690 avar,
1225 3627 1264 3694 t).
1279 3624 1392 3680 Nonesr
1406 3624 1469 3680 boc.
1488 3641 1501 3677 a
1518 3621 1546 3678 st
1562 3621 1651 3678 adnuo
1665 3621 1820 3693 poputotuo

164 3708 232 3774 iuit;
247 3709 383 3782 quomodo
402 3708 478 3764 illum
503 3708 647 3765 llediolani
667 3709 823 3767 intentius
845 3709 966 3768 arianus
1017 3729 1078 3770 sum
1094 3713 1332 3782 necessarius,non
1344 3726 1440 3768 recuso
1451 3710 1583 3768 laborent.
1601 3729 1614 3763 a
1630 3709 1762 3764 Paratum
1772 3723 1819 3764 cor

164 3799 287 3871 graviter
309 3796 465 3864 insectatus,
488 3797 636 3870 multisque
665 3799 817 3870 appetitum
843 3798 965 3870 injuriis,
1019 3810 1106 3873 tunm,
1126 3801 1250 3868 liertiae,
1268 3808 1390 3872 paratum
1415 3806 1565 3867 cortuum,
1587 3797 1643 3853 sire
1662 3797 1819 3852 manerede

164 3888 278 3942 tandem
300 3885 335 3941 de
362 3885 469 3943 civitate
491 3884 663 3957 exturbarit3
684 3886 822 3959 quomodo
849 3896 877 3943 et
903 3887 967 3944 alibi
1018 3905 1142 3962 corpore,
1156 3888 1209 3945 siri
1226 3888 1340 3945 dissolvi
1354 3895 1381 3944 et
1395 3903 1457 3943 esse
1478 3903 1538 3942 cum
1554 3885 1673 3944 Christo.

164 3973 241 4046 prins
254 3974 385 4031 adversos
407 3975 576 4030 sacerdotum
596 3973 736 4046 perfidiam
752 3975 892 4046 [scurrime
910 3992 966 4048 pu·
1055 3984 1098 4036 l8.
1116 3979 1150 4034 Et
1164 3994 1263 4050 magna
1278 3977 1386 4051 quidem
1408 3977 1437 4033 io
1459 3975 1596 4033 horrenda
1615 3981 1701 4030 morte
1716 3972 1819 4030 securi-

163 4078 264 4136 gnans,
276 4062 416 4135 suppliciis
430 4061 480 4119 luit
494 4061 620 4132 allectus,
637 4062 742 4135 publice
762 4063 848 4137 virgis
870 4080 965 4132 wana,
1018 4079 1078 4140 tas,
1094 4083 1190 4138 magna
1207 4068 1234 4122 in
1258 4067 1360 4123 visione
1381 4065 1481 4122 Gbristi
1502 4063 1692 4132 desideranda,
1713 4069 1740 4117 et
1764 4067 1818 4116 tam

162 4152 229 4210 inde
242 4167 350 4225 quoque
363 4152 437 4209 exire
451 4152 612 4224 compulsus
626 4160 688 4222 est;
709 4153 848 4225 quomodo
859 4153 925 4210 item
938 4153 966 4210 in
1019 4159 1156 4216 ferventer
1170 4174 1202 4214 ac
1224 4155 1402 4229 singulariter
1425 4154 1605 4210 desideranda
1625 4151 1755 4224 perlectis
1774 4165 1818 4205 re·

162 4240 308 4311 cuiusdam
322 4240 378 4298 iani
401 4243 552 4313 eversione,
568 4257 632 4298 enm
649 4241 760 4315 gentilis
784 4259 846 4298 eunt
872 4241 967 4301 stricto
1020 4248 1125 4320 peritur
1140 4265 1148 4302 ι
1165 4245 1212 4302 scd
1233 4245 1259 4301 id
1279 4245 1389 4319 quidem
1412 4243 1494 4318 longe
1508 4243 1625 4316 amplius
1645 4255 1819 4314 peromnem

162 4330 383 4402 gladiopeteret,
399 4329 499 4386 nudam
519 4331 651 4388 cmvioeru
665 4331 785 4403 praebuit
799 4347 964 4404 percussuro
1019 4337 1140 4405 modurn,
1156 4334 1228 4408 quod
1248 4335 1294 4407 qui
1314 4334 1385 4390 mori
1405 4348 1459 4389 non
1475 4331 1587 4403 metuis,
1608 4331 1663 4386 imo
1683 4329 1728 4403 qni
1745 4337 1819 4384 tanto
1930 4385 1934 4406 ,

162 4420 255 4476 donec
268 4418 314 4474 ille
327 4420 459 4476 extollens
473 4419 508 4476 ad
526 4419 609 4476 ictum
633 4420 781 4490 dexteram,
801 4419 900 4478 cecidit
923 4437 1003 4535 ren
1020 4424 1153 4482 desiderio
1182 4423 1353 4496 presentiam
1378 4420 1486 4480 Domini
1510 4418 1699 4491 concupiscis,
1728 4417 1820 4475 virere

162 4506 294 4582 supinusc
316 4507 454 4582 quomodo
476 4508 545 4564 alter
566 4524 627 4566 eum
656 4507 743 4565 cultro
764 4507 846 4564 ferire
867 4509 962 4579 soluit,
1019 4529 1129 4588 quoque
1154 4529 1209 4568 non
1231 4511 1330 4579 renuis,
1351 4520 1379 4567 et
1405 4509 1607 4582 exspectatione
1632 4506 1820 4562 molestissima

162 4596 214 4652 sed
227 4594 328 4652 ierrum
343 4598 377 4652 de
392 4585 516 4654 manibus
530 4597 591 4668 eius
614 4597 747 4669 elapsum,
771 4605 885 4668 repente
904 4598 964 4654 dis·
1018 4599 1138 4672 fatigari.
1153 4599 1183 4655 ln
1198 4614 1251 4672 quo
1275 4599 1348 4655 enim
1363 4595 1417 4654 alic
1433 4613 1488 4654 non
1498 4598 1609 4654 obedire
1629 4602 1763 4666 potuerat,
1773 4599 1819 4666 qui

163 4686 267 4758 paruit.
282 4686 334 4742 Pro
349 4685 449 4759 quibus
464 4685 590 4742 omnibus
603 4686 715 4744 dubium
730 4700 784 4742 non
808 4694 850 4742 est
872 4685 965 4745 multi·
1018 4689 1046 4744 in
1060 4689 1114 4746 hoc
1136 4695 1211 4742 mato
1230 4687 1346 4744 articulo
1365 4697 1418 4741 tana
1437 4685 1537 4742 devote
1556 4684 1710 4740 clamabat:
1728 4699 1741 4733 a
1762 4679 1820 4737 Fut

161 4773 272 4847 pliciter
293 4775 416 4831 coronari
436 4792 509 4846 eum,
526 4775 572 4846 qui
598 4775 707 4848 quidem
733 4775 785 4832 etsi
804 4791 858 4834 non
881 4775 966 4834 semel
1019 4779 1143 4834 voluntas
1158 4777 1249 4833 tuaia
1267 4775 1330 4832 llaec
1344 4789 1411 4849 ergo
1427 4791 1489 4842 pars
1505 4782 1597 4828 nostra
1610 4772 1656 4840 sit,
1673 4772 1777 4838 iratres,
1792 4771 1820 4825 in

162 4862 267 4920 ellectu
280 4871 475 4922 oonsununatae
489 4863 636 4936 passionis,
650 4865 699 4921 sed
713 4864 793 4921 toties
802 4872 906 4938 martyr
916 4863 967 4921 init
1019 4866 1143 4924 convivio
1157 4865 1300 4931 hodierno,
1315 4866 1384 4920 banc
1398 4862 1476 4919 nobis
1491 4861 1668 4918 obedientiam
1689 4862 1717 4916 in
1730 4875 1821 4915 mensa

162 4952 267 5010 allecta
280 4951 464 5010 devotissimae
478 4952 635 5011 voluntetis.
651 4953 791 5011 comedite
808 4956 874 5026 jam,
887 4954 967 5012 arniei
1022 4955 1160 5027 pauperis,
1175 4953 1231 5010 imo
1245 4955 1301 5025 jam
1313 4951 1405 5008 divitis
1419 4953 1500 5022 hujus
1514 4953 1667 5024 appositam
1677 4948 1821 5024 diligenter

162 5051 191 5099 et
206 5042 346 5114 bibite,·et
360 5041 851 5110 inebriaminiobarissimi.Sicaniae
866 5043 969 5101 etvivi-
1020 5044 1242 5110 consideremus,
1268 5042 1387 5099 seientes
1410 5040 1538 5114 quonum
1559 5039 1617 5111 ipsa
1642 5046 1689 5116 *cst
1717 5052 1778 5108 qaae
1805 5051 1821 5090 e

162 5139 220 5198 tur,
234 5130 412 5190 etintolibus
425 5131 482 5189 vita
496 5132 607 5204 spiritus
617 5133 710 5189 vestri.
724 5131 783 5188 Nisi
793 5131 862 5190 iorte
872 5134 968 5190 beatos
1022 5133 1103 5190 nobis
1131 5132 1259 5208 exigitur,
1278 5131 1340 5204 ipsa
1367 5146 1446 5202 quam
1478 5137 1585 5199 oportet
1614 5142 1665 5183 nos
1688 5141 1822 5198 praepara-

164 5219 296 5292 predicat
309 5237 397 5278 sernro
411 5219 529 5288 diuinus,
546 5220 594 5294 gui
607 5229 730 5277 mortuos
752 5219 863 5280 1055
884 5223 970 5279 susci·
1022 5239 1061 5292 re,
1082 5232 1113 5279 nt
1125 5221 1225 5294 singuli
1239 5222 1342 5294 quique
1361 5217 1510 5274 dicamus:
1527 5215 1595 5284 Quia
1608 5219 1729 5289 perotus
1746 5229 1820 5280 som,

164 5317 234 5376 ant,
258 5324 345 5369 ooeeos
366 5309 531 5378 illuminant,
558 5309 699 5366 morbidos
719 5317 827 5378 sanant,
848 5312 970 5384 leprosos
1024 5314 1052 5369 et
1066 5327 1125 5368 ooo
1139 5327 1205 5366 som
1219 5311 1363 5374 turbatos,
1384 5311 1417 5364 ol
1432 5306 1593 5366 custodiam
1620 5303 1758 5362 modain
1771 5309 1822 5360 loo

163 5397 308 5470 mundant,
322 5397 486 5471 paralyticos
504 5405 612 5468 curant,
628 5397 800 5456 demonibus
824 5399 968 5470 imperant,
1025 5399 1113 5472 (Ptol.
1129 5414 1230 5470 oxvrrr,
1244 5400 1300 5466 till).
1324 5397 1382 5452 Neo
1397 5397 1477 5453 modo
1505 5393 1601 5460 semel,
1616 5404 1664 5449 aut
1677 5391 1704 5447 in
1718 5402 1821 5464 parte;

164 5486 259 5543 lutura
290 5488 484 5559 praenuntiant,
513 5485 651 5544 miraculis
676 5493 833 5558 coruscant;
863 5495 890 5545 et
917 5503 971 5545 non
1025 5488 1072 5544 sed
1086 5493 1222 5562 porciam
1236 5500 1398 5551 cormeum,
1414 5485 1498 5548 Deos,
1511 5485 1650 5555 paratum
1665 5495 1713 5538 eor
1727 5494 1823 5535 meam

163 5575 257 5650 magis
277 5585 411 5647 pauperes
431 5575 537 5648 spiritu,
552 5575 640 5642 mites,
666 5577 801 5652 lugentes,
824 5577 971 5634 esurientes
1029 5577 1114 5650 (Psoi.
1128 5591 1184 5644 avr,
1201 5576 1244 5646 8);
1260 5582 1381 5645 peratum
1395 5571 1428 5628 ad
1444 5581 1596 5644 utrumqne,
1609 5581 1636 5626 et
1650 5567 1824 5642 innullo‘puae

163 5673 194 5722 et
205 5663 330 5722 sidentes
341 5663 486 5736 justitiam,
497 5665 697 5736 misericordes,
707 5665 906 5733 mundicordes,
922 5683 971 5738 pac

162 5750 273 5826 cilicos,
289 5751 508 5823 persecutionem
524 5753 776 5824 propterjustitiam
791 5752 968 5814 sustinentes.
1060 5754 1119 5827 (ll)
1132 5753 1259 5826 (Lunam.
1275 5752 1356 5827 epist.
1369 5755 1386 5809 3
1401 5752 1438 5810 od
1451 5749 1577 5819 Rossol.)
