4118 6346
141 451 196 506 etr

674 451 710 507 m
722 431 942 510 nscsusrorvn
955 433 1080 508 ocatur
1093 433 1211 506 senso
1226 431 1259 507 v.

1740 441 1792 508 ιιι

139 579 282 644 nequeunt
307 572 417 644 spiritus
443 573 584 630 animales.
613 576 693 630 Nunc
727 591 799 632 earm
830 577 939 650 quantis
955 590 978 668 Α
994 573 1102 646 singuli,
1117 573 1165 629 sed
1180 582 1209 628 et
1223 587 1319 630 omues
1337 573 1440 644 pariter
1463 575 1594 645 inciptant
1615 572 1737 631 habitare
1763 575 1792 633 in

139 661 283 717 conatibus
299 661 381 718 corda
394 661 485 718 levare
500 678 614 719 neccsse
629 671 685 734 est;
702 681 763 736 quae
778 663 889 736 quidem
901 673 940 736 (ut

140 749 332 807 miserabiliter
352 751 419 806 satis
436 751 462 805 in
477 751 547 807 libro
566 753 683 823 propriae
706 755 880 824 experientiae
902 756 941 811 le·

141 837 243 910 gimus)
259 845 285 894 et
307 838 444 910 corruptio
467 839 589 910 corporis
613 849 753 912 aggravat,
780 849 808 896 et
832 849 941 899 terrena

143 925 304 981 inhabitatio
319 926 463 995 deprimit?

181 1018 208 1072 3.
224 1015 258 1068 ht
271 1014 340 1069 lorte
355 1015 517 1070 tradendum
529 1023 580 1087 est,
597 1015 662 1090 quid
680 1017 817 1074 siclevne
827 1033 884 1084 cor,
896 1027 942 1074 aut

143 1100 372 1173 quemadmodum
382 1101 581 1174 illudoporteat
589 1103 707 1172 elevari;
720 1104 769 1160 sed
779 1104 941 1162 tradendum

143 1191 254 1244 saneah
265 1189 399 1261 hpostolo
409 1191 499 1262 potius
510 1207 592 1264 quam
602 1208 618 1247 a
628 1193 715 1248 nobis.
726 1195 756 1252 Sl
764 1198 943 1253 consurrexi-

142 1279 205 1348 stis,
215 1277 314 1348 inquit,
326 1295 392 1334 eum
404 1281 524 1349 christo,
536 1296 723 1354 quesursnm
733 1287 800 1339 sunl
810 1286 940 1356 querite,

143 1365 192 1421 ubi
204 1365 548 1425 Christosestindeolere
562 1370 612 1424 Dei
625 1369 737 1437 seems,-
752 1389 814 1444 poe
828 1388 942 1428 sursum

143 1458 214 1510 soei
222 1455 322 1525 sapite,
334 1471 391 1511 oon
401 1473 464 1528 pute
473 1473 558 1529 super
568 1462 675 1515 terrum
684 1459 799 1529 (coloss.
812 1475 852 1528 ut,
864 1465 889 1530 l,
901 1461 940 1532 2).

144 1545 185 1595 Ac
198 1541 221 1595 si
236 1540 406 1596 manifestius
423 1542 510 1600 dicut:
532 1545 560 1600 Si
583 1547 803 1616 consurrexistis,
826 1557 853 1603 et
876 1563 940 1604 coa·

142 1626 281 1697 scendite;
308 1627 330 1681 si
353 1627 504 1697 convivitis,
527 1638 555 1686 et
575 1643 752 1706 conregnate.
779 1635 938 1707 Sequemur,

140 1713 247 1782 iratres,
265 1731 410 1788 sequamur
424 1719 534 1792 Agrium
552 1736 714 1793 quocunque
738 1721 814 1791 ierit;
837 1739 939 1794 sequa-

141 1819 202 1856 mur
215 1803 375 1874 patientem,
401 1820 547 1877 sequamur
564 1815 593 1864 et
614 1817 814 1880 resurgentem,
837 1825 940 1883 sequa-

995 677 1157 731 naumann
1171 661 1253 718 modo
1272 661 1377 717 scilicet
1391 675 1446 716 non
1469 661 1549 718 dirisi
1572 679 1600 718 m
1620 664 1790 736 semetipsis.

995 751 1043 809 sed
1058 767 1109 807 nec
1122 751 1195 806 iuter
1208 750 1323 821 seipsos.
1341 749 1409 805 Ecce
1426 748 1499 805 euim
1513 757 1544 805 ut
1564 759 1692 824 tanquam
1714 756 1791 826 prr'n·

995 839 1093 912 cipalis
1106 837 1195 896 cordis
1209 838 1294 910 ipsius
1310 837 1434 893 membra
1448 835 1621 910 distinguam,
1642 849 1684 896 est
1706 843 1790 900 intel-

995 930 1081 985 lectus
1095 926 1122 982 in
1136 927 1225 993 nobis,
1243 934 1285 982 est
1299 935 1327 983 et
1341 925 1472 994 allectum
1488 931 1515 981 et
1530 925 1557 980 hi
1573 941 1682 998 quoque
1693 931 1792 1002 saepius

996 1017 1048 1073 sibi
1069 1016 1185 1074 invicem
1206 1016 1392 1082 adversantes,
1416 1019 1446 1070 ut
1468 1013 1537 1070 alter
1557 1029 1661 1069 summa
1684 1025 1789 1086 petere,

996 1105 1065 1160 alter
1078 1111 1208 1177 appetere
1222 1105 1314 1160 intima
1324 1103 1456 1158 videatur.
1466 1102 1588 1172 Quantus
1602 1117 1667 1158 vero
1678 1103 1701 1157 is
1715 1103 1791 1161 dolor

996 1209 1078 1264 quam
1090 1193 1181 1266 gravis
1203 1193 1299 1247 animae
1321 1191 1465 1256 cruciatus,
1480 1189 1544 1246 dum
1560 1191 1598 1246 sic
1620 1189 1789 1258 distrahitur,

996 1283 1036 1338 sio
1048 1281 1222 1346 dilaceratur,
1237 1279 1276 1336 sic
1289 1279 1459 1350 abrumpitur
1474 1295 1488 1334 a
1510 1277 1610 1350 seipsa,
1632 1279 1675 1334 vol
1701 1295 1735 1334 ex
1759 1295 1792 1335 ea

997 1371 1103 1440 saltem,
1119 1383 1199 1440 quam
1213 1367 1339 1423 omnibus
1354 1365 1471 1436 experiri
1485 1364 1514 1420 in
1529 1373 1655 1438 promptu
1670 1371 1793 1431 est,cor-

997 1458 1070 1529 poris
1085 1457 1215 1513 scissione
1229 1455 1367 1526 conjiciat,
1381 1455 1404 1510 si
1421 1453 1483 1525 quis
1506 1455 1534 1510 in
1548 1469 1597 1510 suo
1611 1454 1708 1526 spiritu
1731 1455 1790 1510 ani·

997 1547 1167 1602 madvertere
1182 1544 1336 1616 perniciosa
1356 1551 1384 1600 et
1408 1543 1561 1615 periculosa
1585 1541 1791 1600 insensibilitate

996 1647 1050 1689 non
1074 1631 1237 1703 neglexerit.
1261 1631 1454 1686 Distrahuntur
1486 1630 1625 1687 hominum
1652 1645 1740 1698 crura,
1764 1639 1792 1687 et

994 1720 1123 1792 longioris
1138 1718 1217 1776 obice
1232 1719 1298 1792 ligni
1314 1727 1488 1776 removentur
1503 1720 1537 1774 ah
1554 1719 1670 1774 invicem
1686 1719 1789 1790 pedes;

995 1819 1021 1867 et
1042 1810 1105 1864 dum
1121 1809 1208 1864 adhuc
1221 1808 1289 1864 cutia
1302 1807 1408 1878 integra
1427 1814 1529 1873 manet,
1550 1805 1610 1878 quis
1636 1815 1726 1864 tamea
1745 1806 1790 1863 ille

139 1905 200 1945 mur
213 1891 298 1947 multo
312 1891 441 1949 libentius
455 1895 659 1956 ascendentem.
672 1897 852 1970 Crucifigatur
861 1906 939 1954 vetus
956 1888 978 1964 Β
994 1906 1035 1954 est
1049 1897 1206 1953 cruciatus?

139 1977 221 2035 homo
236 1987 331 2036 noster
355 1980 433 2036 simul
455 1999 514 2037 cum
536 1983 593 2049 illo,
618 1996 647 2040 ut
667 1985 694 2038 dr
704 1993 823 2042 struatur
841 2001 939 2058 corpus
1029 1991 1056 2042 6.
1071 1986 1125 2056 Sic,
1141 1984 1180 2041 sic
1193 1983 1278 2056 afiligi
1300 1983 1452 2057 plangimus
1477 1982 1601 2048 miseros,
1622 1983 1668 2053 qui
1689 1997 1787 2054 corpo·

138 2067 259 2140 peccati;
275 2075 304 2124 ut
314 2068 383 2124 ultra
393 2085 447 2126 non
464 2071 615 2127 serviamus
626 2081 748 2144 peccato,
770 2073 939 2130 mortificatis
994 2076 1086 2131 raliter
1101 2075 1172 2130 inter
1189 2089 1239 2129 nos
1253 2084 1457 2136 conversantes,
1473 2071 1615 2127 illuminati
1634 2071 1703 2127 torte
1719 2071 1791 2127 simi-

139 2159 265 2214 nimirum
278 2160 408 2216 membris
422 2161 531 2228 nostris,
554 2179 616 2234 quae
639 2174 702 2220 sunt
720 2181 803 2237 super
825 2173 936 2222 terram.
993 2162 1065 2232 liter,
1078 2163 1127 2220 sed
1143 2161 1310 2218 dissimiliter
1323 2160 1498 2216 inveniuntur
1511 2158 1612 2215 allecti.
1633 2158 1790 2230 Intelligunt

136 2247 193 2303 Sed
207 2256 236 2303 et
249 2251 387 2320 quomodo
402 2253 461 2322 ipse
485 2253 635 2308 resurrexit
649 2270 665 2307 a
685 2255 800 2310 mortuis
812 2271 864 2326 per
878 2256 938 2328 glo·
993 2252 1094 2323 pariter
1108 2251 1179 2306 bona
1194 2266 1255 2322 quse
1269 2249 1378 2314 iaciant,
1404 2250 1454 2304 sed
1475 2263 1531 2304 non
1549 2247 1652 2319 pariter
1672 2247 1791 2320 diligunt

137 2336 207 2391 riam
222 2337 318 2405 Patris,
333 2337 370 2394 ita
384 2348 412 2394 et
426 2354 477 2395 uos
492 2339 519 2394 in
534 2341 654 2397 novitate
674 2343 736 2398 vitae
756 2344 936 2400 ambulemus.
993 2339 1138 2396 intellecta.
1154 2341 1223 2394 Nam
1238 2338 1273 2393 dc
1287 2337 1453 2412 ignorantia,
1467 2337 1576 2402 iratres,
1599 2351 1725 2408 quaenam
1740 2351 1789 2392 ex·

136 2427 170 2484 ln
184 2426 236 2482 hoc
251 2425 323 2481 enim
340 2434 462 2482 mortuus
485 2435 569 2484 estet
593 2431 750 2500 resurrexit,
774 2439 803 2486 ut
820 2431 938 2502 peccatis
992 2429 1095 2485 cusatio
1118 2428 1209 2494 nobis,
1231 2427 1328 2498 quibus
1351 2440 1489 2497 nunquam
1513 2425 1636 2482 doctriua
1658 2425 1789 2492 coelestis,

136 2513 248 2584 mortni,
263 2515 376 2585 justitiae
391 2515 523 2573 vivamus.
992 2532 1130 2588 nunquam
1146 2515 1236 2572 divim
1251 2515 1342 2580 lectio,
1357 2529 1494 2586 utinquam
1509 2513 1656 2585 spiritualis
1671 2512 1788 2569 eruditio

174 2603 200 2656 l.
217 2601 500 2673 Ceterum-quoniam
523 2603 585 2660 vitae
607 2603 714 2660 novitas
737 2604 825 2662 locum
853 2605 936 2678 exigit
992 2605 1088 2660 deest?
1103 2604 1277 2677 Quaecunque
1299 2617 1364 2659 vara
1385 2608 1458 2670 sunt,
1485 2617 1655 2673 quaecunque
1680 2600 1788 2673 pudica,

137 2688 278 2754 tutiorem,
295 2696 323 2744 et
336 2690 544 2747 resurrectionis
559 2692 677 2765 dignitas
691 2692 814 2749 altiorem
835 2695 938 2765 expetit
992 2707 1161 2765 mesenque
1169 2692 1252 2762 justa,
1272 2703 1442 2762 quecunque
1454 2688 1589 2754 amabilia,
1611 2702 1782 2760 quecunque

137 2774 271 2846 gradum:
288 2791 435 2848 sequamur
448 2778 530 2835 etiam
546 2779 749 2846 ascendentem,
761 2797 887 2853 quaerere
896 2782 937 2837 vi·
992 2781 1072 2836 honae
1087 2780 1182 2846 lamae3
1196 2779 1218 2834 si
1234 2779 1394 2851 querimus,
1420 2777 1443 2832 si
1466 2791 1519 2847 qua
1543 2777 1602 2831 laus
1624 2775 1786 2846 disciplinae,

136 2863 237 2918 delicet
250 2874 278 2919 et
293 2879 391 2934 sapere
411 2881 472 2937 quse
487 2881 594 2922 sursum
615 2877 678 2923 sunt
692 2867 729 2923 ibi
743 2868 788 2923 ille
808 2877 861 2936 est,
883 2884 937 2925 non
991 2868 1050 2924 haec
1059 2865 1162 2923 discitis
1171 2871 1199 2922 et
1209 2864 1338 2936 accipitis,
1348 2866 1407 2920 haec
1414 2862 1512 2919 auditis
1525 2862 1628 2933 pariter
1639 2869 1668 2918 et
1678 2862 1786 2930 videtis,

135 2967 199 3021 quae
213 2967 298 3021 super
312 2959 421 3007 terrem.
442 2952 540 3020 Queris
554 2953 615 3026 quis
633 2955 677 3010 illa
692 2955 726 3011 sit
740 2954 838 3012 locus?
860 2961 935 3029 Apo·
991 2957 1019 3011 in
1034 2955 1164 3026 exemplis
1178 2953 1306 3010 videlicet
1319 2959 1347 3008 et
1360 2950 1450 3008 verbis
1463 2965 1558 3007 eorum
1571 2950 1619 3023 qui
1642 2949 1715 3006 inter
1736 2965 1786 3008 vos

136 3039 235 3094 stolum
250 3038 331 3096 audi:
355 3042 421 3109 roe
443 3059 558 3099 sursum
582 3047 634 3112 est,
658 3043 755 3115 inquit,
780 3047 937 3102 Jerusalem
992 3052 1055 3100 sunt
1069 3041 1193 3116 perlecti,
1209 3057 1325 3113 quonum
1338 3047 1366 3097 et
1390 3037 1551 3105 exhortatio,
1568 3045 1596 3094 et
1615 3038 1788 3096 conversatio

137 3127 224 3185 libero
238 3131 290 3198 est,
307 3133 422 3200 quaeest
437 3131 938 3204 meterneslre(Gclul.1v,26).Vis
993 3131 1099 3203 plenius
1113 3131 1203 3188 erudit
1216 3131 1367 3189 universos.
1384 3128 1491 3184 Utinam
1504 3135 1596 3183 autem
1611 3127 1679 3193 haec,
1696 3135 1723 3182 ut
1748 3126 1788 3182 in·

135 3215 206 3271 scire
221 3231 346 3287 quasnam
360 3217 486 3272 ibisintl
504 3219 936 3292 Visiopacisest.buudo,leru-
953 3190 975 3268 c
993 3219 1128 3277 tellectum
1148 3221 1298 3276 admonent
1319 3223 1446 3274 moveant
1475 3221 1504 3270 et
1520 3212 1665 3271 affectuosi
1695 3231 1731 3271 ne
1753 3215 1788 3272 sit

134 3304 937 3383 sutem,1tomtnnm;tundaoeumtuum,ston:quiporntt
992 3309 1064 3364 intus
1079 3305 1246 3364 amarissima
1261 3304 1451 3370 contradictio,
1467 3312 1495 3359 et
1514 3302 1609 3359 divisio
1631 3302 1790 3360 molestissi-

135 3393 206 3462 fines
222 3395 288 3449 tuos
300 3409 399 3466 pacem
417 3395 504 3464 (Paul.
520 3411 624 3465 exuvu,
637 3399 681 3464 ιι,
700 3399 758 3468 ιι).
776 3397 798 3450 O
813 3413 863 3468 pax
876 3415 938 3470 quae
992 3411 1046 3461 ma,
1062 3397 1126 3453 dum
1139 3395 1203 3451 hine
1216 3395 1326 3468 quidem
1341 3405 1449 3448 sursum
1465 3390 1605 3457 trahimur,
1616 3391 1666 3446 sed
1677 3390 1789 3447 retrahi·

137 3495 288 3552 exsuperas
297 3495 407 3537 omnem
418 3485 541 3538 sensum!
555 3499 633 3555 opax
645 3486 815 3556 etiamsuper
825 3489 935 3556 pacem!
991 3501 1052 3540 mur
1066 3484 1130 3540 inde
1144 3483 1285 3540 deorsum.

134 3583 151 3624 o
165 3583 294 3624 mensura
308 3585 391 3640 super
405 3586 573 3638 mensuram,
596 3571 731 3637 conserta,
748 3581 776 3628 et
791 3575 936 3645 coagitata,
1027 3576 1054 3628 t.
1071 3570 1202 3627 Nimirum
1217 3571 1362 3628 advertere
1376 3576 1455 3640 potes
1468 3567 1496 3622 in
1510 3565 1636 3623 omnibus
1651 3565 1709 3622 iere
1724 3565 1787 3622 reli-

135 3665 163 3711 et
176 3654 264 3712 024
286 3649 499 3726 supereffluensl
524 3659 689 3730 compatere
713 3659 796 3733 igitur
818 3661 936 3734 Christo,
990 3661 1074 3734 glosis
1097 3659 1354 3732 congregationibus
1368 3657 1440 3716 viros
1458 3655 1579 3728 repletos
1592 3655 1787 3724 consolatione,

136 3745 225 3799 anima
236 3743 407 3800 Christiana:
419 3761 598 3819 conresurge,
609 3749 776 3804 coascende:
789 3749 862 3819 quod
878 3757 935 3805 est:
991 3744 1246 3821 superabundantes
1260 3747 1368 3819 gaudio,
1392 3745 1526 3817 jucundos
1549 3761 1657 3816 semper
1678 3752 1706 3800 et
1724 3743 1789 3799 bila·

133 3832 374 3896 Declinoomolo,
385 3836 466 3905 elsae
476 3835 590 3901 ιοιιιιιιι,
600 3837 714 3908 inquire
720 3853 830 3909 pacem,
841 3842 938 3909 etper·
991 3853 1045 3906 res,
1060 3837 1199 3895 ferventes
1220 3837 1327 3908 spiritu,
1351 3835 1396 3892 dis
1419 3851 1451 3890 ac
1473 3839 1554 3891 nocte
1575 3831 1738 3891 meditantes
1758 3833 1788 3888 in

134 3934 324 3992 requei-ceum
341 3921 427 3988 (l’scl.
450 3936 550 3989 nxxrn,
569 3925 625 3992 ιιι).
640 3923 685 3979 Sic
699 3925 824 3981 nimirum
841 3925 937 3982 Paulus
990 3927 1053 4000 lege
1076 3927 1136 3998 Dei,
1161 3926 1258 3984 crebro
1281 3924 1461 3998 suspicientes
1483 3923 1510 3978 in
1524 3921 1634 3989 caelum,
1654 3931 1683 3977 et
1706 3937 1788 3993 puras

135 4005 162 4061 in
184 4006 298 4062 hcdbus
321 4007 508 4078 apostolorum
524 4011 558 4065 de
572 4011 747 4085 continentia,
774 4019 802 4070 et
821 4015 935 4086 justitia,
991 4031 1088 4072 manus
1101 4015 1130 4072 in
1143 4017 1266 4075 oratione
1283 4017 1417 4085 levantes,
1442 4010 1573 4070 sollicitos
1595 4011 1787 4066 observatores

136 4103 163 4152 et
176 4111 225 4166 spe
246 4095 310 4152 vitae
326 4107 437 4154 aeterne
451 4107 619 4156 memoratur
641 4101 765 4158 docuisse
790 4089 936 4176 discipulos
990 4105 1173 4172 conscicntia,
1189 4111 1217 4161 et
1225 4105 1337 4160 devotos
1350 4107 1500 4158 sectatores
1509 4099 1643 4155 honorum
1656 4113 1785 4170 operum:

136 4185 209 4251 (Act.
226 4199 308 4250 xxiv,
324 4185 380 4257 25).
397 4185 441 4242 Sic
455 4187 556 4244 veritas
569 4187 629 4258 ipsa
644 4197 736 4244 monet
745 4189 773 4244 in
787 4191 936 4266 Evangelio
990 4192 1089 4263 quihus
1107 4191 1228 4249 amabilis
1242 4189 1395 4262 disciplina,
1408 4187 1488 4245 dulce
1510 4185 1656 4257 jejunium,
1683 4183 1787 4258 vigilie

136 4273 302 4344 praecingere
317 4274 433 4344 lumbos,
450 4277 577 4333 lucernas
588 4277 754 4345 accendere,
766 4285 794 4335 et
804 4281 936 4353 deinceps
989 4280 1098 4348 breves,
1115 4279 1191 4336 labor
1205 4293 1334 4336 manuum
1346 4275 1526 4348 delectabilis,
1551 4282 1579 4330 et
1593 4273 1720 4331 universa
1734 4274 1785 4330 de·

135 4361 290 4417 hominibus
312 4364 532 4436 exspectantibus
556 4366 702 4422 Dominum
732 4383 810 4423 suum
834 4369 935 4426 similes
989 4367 1072 4440 nique
1096 4367 1310 4425 conversationis
1332 4368 1413 4438 hujus
1434 4363 1578 4421 austeritas
1612 4361 1785 4434 refrigerium

135 4449 250 4506 inveniri
264 4453 342 4520 (Luc.
359 4467 409 4517 xu,
426 4457 471 4519 ³5,
488 4457 533 4510 36.
989 4458 1123 4516 videatur.
1138 4458 1239 4514 Contra
1249 4471 1315 4513 sane
1324 4456 1447 4513 iuvenire
1460 4452 1635 4511 esthomines
1648 4450 1787 4521 pusillani-

171 4543 196 4594 5.
211 4540 320 4596 Caetera
334 4542 444 4612 gemina
459 4542 597 4614 quedam,
622 4544 646 4598 si
671 4545 743 4600 bene
766 4545 933 4614 advertistis,

135 4627 261 4684 ascensio
276 4629 355 4684 nohis
370 4631 404 4685 ab
412 4630 545 4702 apostolo
553 4631 769 4699 commendatur,
779 4633 807 4688 in
817 4649 851 4691 eo
861 4636 933 4707 quod

136 4725 163 4771 et
177 4731 312 4787 quaerere,
330 4723 357 4772 et
372 4733 469 4790 sapere
483 4719 597 4792 monuit,
614 4736 668 4776 non
684 4720 786 4789 infima,
811 4723 860 4779 sed
884 4741 933 4780 su·

137 4817 233 4873 perna.
250 4801 339 4870 Quam
354 4805 468 4862 tortasse
483 4807 684 4866 distinctionem
694 4825 746 4866 uec
755 4810 814 4882 ipse
827 4827 936 4886 quoque

139 4891 275 4962 Propheta
288 4893 454 4961 praeteriisse
470 4895 580 4953 omuino
600 4898 745 4969 videbitur,
762 4899 870 4958 dicens:
887 4903 936 4959 ln·

139 4981 219 5054 quire
232 4995 343 5052 pacem,
361 4986 390 5037 et
408 4999 572 5056 persequere
587 5004 661 5059 eom,
676 4996 706 5043 nt
721 4989 774 5046 hoc
787 4989 826 5045 sic
839 5007 935 5064 pacem

139 5070 306 5141 sequendam
321 5083 458 5140 querere,
476 5075 605 5145 persequi
618 5075 785 5148 inquisitam,
801 5080 873 5150 quod
894 5089 937 5136 est

85 5223 89 5228 Ι
139 5158 268 5229 sapienda
279 5173 414 5229 quaerere,
427 5159 541 5230 quaesita
550 5177 659 5235 sapere,
671 5181 733 5238 quae
742 5183 848 5224 sursum
858 5176 933 5235 suut,

138 5263 191 5302 non
205 5263 268 5320 quae
282 5263 365 5320 super
380 5255 492 5304 terram.
516 5250 648 5308 Nimirum
662 5253 751 5311 donec
766 5256 850 5314 divisa
873 5269 937 5316 sunt

138 5337 220 5390 corda
234 5344 338 5403 nostra,
356 5345 383 5394 et
406 5336 508 5394 multos
529 5339 638 5396 interim
664 5341 740 5398 sinus
763 5345 937 5405 inveniuntur

143 5425 252 5494 hahere,
278 5441 330 5482 nec
351 5418 406 5482 subi
430 5427 540 5484 omniuo
561 5431 701 5487 rohaererc
724 5432 868 5504 videntur;
893 5437 936 5492 vel

143 5513 316 5583 particulatim
332 5531 364 5572 ea
379 5523 408 5571 et
420 5517 591 5574 membratim
613 5520 734 5593 quodam
748 5523 831 5580 modo
845 5524 935 5584 levare

143 5615 255 5657 necesse
270 5609 321 5666 est,
337 5611 366 5658 nt
380 5602 408 5658 in
423 5599 541 5675 superna
551 5606 754 5665 illatenusalem
764 5611 933 5687 colligantur,

144 5692 219 5761 cujus
232 5689 405 5763 participatio
415 5693 475 5763 ejus
494 5695 520 5750 in
544 5695 678 5769 idipsum:
695 5699 741 5756 uhi
752 5715 807 5757 nou
829 5709 933 5760 tantum

989 4563 1048 4604 mes
1068 4556 1097 4604 et
1119 4547 1261 4615 remissos3
1287 4546 1445 4602 deficientes
1468 4543 1518 4600 aab
1541 4538 1736 4611 onere„virga
1758 4548 1787 4596 et

988 4635 1139 4693 calcaribus
1152 4635 1321 4712 indigentes:
1337 4646 1454 4705 quorum
1479 4629 1593 4687 remissa
1610 4627 1716 4694 laetitia,
1731 4643 1784 4696 pu-

989 4723 1128 4780 sillanimis
1141 4723 1248 4779 tristitia
1268 4729 1324 4780 est:
1345 4735 1461 4794 quorum
1476 4717 1567 4777 brevia
1580 4725 1606 4772 et
1626 4731 1687 4772 rara
1707 4731 1786 4772 com·

990 4813 1109 4884 punctio,
1143 4810 1265 4868 animalis
1297 4809 1435 4882 cogitatio,
1469 4806 1560 4878 tepida
1592 4803 1785 4861 conversatio:

990 4915 1105 4972 quorum
1121 4899 1275 4957 ohedientia
1289 4899 1349 4956 sine
1363 4896 1520 4967 devotione,
1536 4909 1626 4951 sermo
1649 4893 1708 4950 sina
1731 4892 1784 4950 cir-

990 4990 1203 5062 cumspectione,
1218 4989 1305 5047 oratio
1326 4990 1386 5045 sine
1406 4986 1498 5045 cordis
1519 4983 1682 5048 intentione,
1705 4982 1786 5039 lectio

990 5081 1048 5136 sine
1068 5078 1263 5137 nedficauone:
1285 5094 1354 5151 quos
1378 5076 1508 5148 denique,
1534 5081 1563 5130 ut
1585 5073 1720 5137 videmus,
1742 5069 1785 5127 vix

991 5171 1126 5244 gehennae
1140 5175 1229 5224 metus
1235 5168 1348 5238 inhibet,
1360 5167 1404 5224 vix
1414 5165 1504 5238 pudor
1513 5163 1632 5226 cohibet,
1644 5159 1687 5216 vix
1697 5157 1786 5214 iranat

991 5258 1069 5329 ratio,
1084 5258 1128 5315 vix
1141 5257 1286 5328 disciplina
1300 5264 1420 5314 coercet.
1435 5254 1533 5310 Nonne
1549 5249 1598 5306 tibi
1611 5249 1709 5304 horum
1732 5247 1787 5304 vita

990 5347 1097 5404 inferno
1112 5347 1221 5420 penitus
1235 5346 1454 5418 appropinquare
1472 5341 1588 5407 videtur,
1617 5338 1682 5394 dum
1704 5335 1786 5392 intel·

990 5429 1788 5502 lectualiectui‚stallectuintellectuirepugnante‚necease

991 5528 1092 5583 babent
1107 5527 1214 5582 mittere
1230 5539 1338 5580 manum
1352 5519 1440 5579 Μ
1455 5519 1490 5575 ad
1503 5533 1588 5590 opera
1602 5516 1720 5584 lortium,
1741 5517 1789 5588 qui

990 5614 1052 5672 cibo
1066 5615 1174 5672 tortium
1190 5615 1300 5672 minime
1313 5615 1511 5676 sustentantur,
1526 5607 1593 5664 socii
1607 5606 1687 5678 plane
1702 5605 1788 5662 tribu-

989 5701 1106 5773 lationis,
1122 5705 1171 5762 sed
1187 5719 1240 5762 non
1253 5697 1471 5760 consolationisi
1485 5697 1683 5768 Exsurgarnuv,
1699 5695 1783 5752 obse-
