4118 6346
176 426 225 482 eoi

671 411 716 471 DE
735 413 984 471 CONVERSIONE
1007 412 1035 470 S.
1055 407 1155 470 PAULl
1175 407 1295 472 SEflth
1314 418 1336 474 f.

1762 419 1814 477 362

170 546 217 618 qui
228 546 283 616 jain
298 541 424 615 poenitet,
439 539 568 614 perfecie
590 538 778 595 conversionis
795 537 893 608 accipit
907 536 966 592 for·
984 553 1008 630 q
1025 537 1092 602 lieu,
1104 538 1174 593 neni
1195 538 1310 596 Domine
1323 538 1406 604 Deus,
1422 541 1485 611 quia
1500 539 1552 612 ips'i
1566 549 1630 598 sunt
1644 543 1671 598 in
1688 543 1817 615 persecu-

169 649 252 690 main.
269 631 338 702 Quis
352 631 481 702 desperet
502 629 572 685 ultra
586 643 636 700 pro
661 625 847 700 magnitudine
862 626 969 696 cuiusli-

169 725 217 780 bet
238 722 370 791 criminis,
399 719 617 793 quandoquidem
633 718 741 775 Senium
767 716 860 772 audiat
881 718 970 771 adhuc

170 813 322 883 spirantem
337 812 470 866 minarum
486 817 514 864 et
541 807 623 864 caedis
642 808 668 862 iii
683 807 829 879 discipulos
851 805 967 871 Domini,

170 901 262 956 subito
276 900 376 956 facturn
390 913 438 953 vas
453 897 612 953 electionis?
637 895 704 965 Quis
727 896 799 951 dicat
822 893 970 966 iniquitatis

170 991 294 1061 pondere
322 1001 447 1059 pressus:
465 988 617 1056 insurgere
630 987 686 1054 jam
700 985 735 1040 ad
749 983 837 1040 studia
857 982 970 1038 meliora

175 1093 231 1133 non
245 1077 334 1144 vileo;
350 1075 458 1147 quando
473 1073 499 1128 in
514 1073 573 1147 ipso
597 1073 704 1136 itinere,
733 1089 787 1146 quo
810 1071 969 1144 sanguinem

175 1167 268 1222 sitieris
282 1163 474 1233 Christianum,
493 1162 578 1218 dirum
595 1169 651 1218 toto
676 1170 786 1234 pectore
805 1162 880 1216 virus
897 1161 971 1215 eilia·

176 1255 231 1318 bat,
256 1259 417 1323 persecutor
440 1250 643 1306 crudelissimus
664 1249 692 1304 in
716 1248 899 1304 fidelissimum
924 1261 969 1302 re·

173 1349 256 1412 pente
266 1347 385 1396 mutatus
395 1337 672 1410 estpraerlieatoromi
687 1336 826 1411 Magnifice
836 1335 970 1408 siquidem

173 1429 200 1483 in
217 1429 266 1484 hec
280 1443 334 1484 una
348 1427 526 1485 conversione
540 1435 568 1481 et
585 1425 779 1480 misericordiae
802 1423 969 1494 magnitudo,

174 1523 202 1572 et
216 1516 338 1572 efficacia
351 1515 447 1586 gratiae
459 1514 676 1570 commendatur.

210 1643 236 1696 Ξ.
247 1639 353 1708 Subito,
365 1637 402 1693 ait
412 1637 506 1708 Lucas,
519 1639 710 1710 circumfulsit
720 1655 783 1696 corn
797 1638 849 1694 liic
863 1638 896 1694 de
905 1637 972 1695 cc’lo

177 1730 250 1798 [fot.
267 1744 307 1798 iii,
323 1728 391 1800 i-8).
408 1728 430 1786 Ο
445 1743 509 1784 vere
525 1726 720 1783 inaestimabilis
735 1725 835 1784 dirime
851 1725 973 1797 dignatio

177 1817 300 1890 pietatisl
315 1816 431 1873 illustrat
454 1815 557 1872 ooelesti
583 1815 687 1888 fulgore
710 1814 754 1872 vel
778 1813 882 1880 aforis,
902 1814 973 1868 intus

176 1906 266 1964 adhuc
279 1904 388 1961 luminis
402 1903 571 1978 incapacem:
596 1904 641 1978 qui
661 1905 779 1960 necdum
801 1902 906 1960 infundi
921 1918 973 1976 po-

177 2001 257 2063 terat,
270 1993 360 2052 divina
375 1995 470 2050 saltem
496 1992 719 2050 circumfunditur
733 1993 864 2049 claritate.
876 1995 909 2048 Et
921 2009 974 2049 uox

177 2087 255 2158 scoto
268 2089 319 2141 cst.
342 2082 422 2140 Lucis
440 2089 468 2139 et
485 2081 560 2139 vocis
578 2081 730 2138 testimonia
751 2080 891 2138 credibilia
905 2079 975 2136 facta

177 2179 243 2230 sunt
257 2172 542 2242 nimis,necdubitare
559 2179 600 2227 est
624 2171 658 2228 de
682 2171 806 2237 veritate,
830 2187 891 2243 quie
913 2185 975 2226 sese

176 2261 276 2334 ingerit
302 2277 352 2335 per
379 2259 658 2334 utrasque,oculorum
686 2259 789 2316 scilicet
817 2257 976 2331 auriumque

177 2353 320 2407 fenestras.
341 2350 386 2410 Sic
401 2350 538 2416 nimirum,
555 2350 593 2406 sio
608 2348 763 2405 intordaue
774 2363 883 2422 quoquc
894 2363 976 2419 supra

177 2449 257 2514 caput
280 2441 388 2500 Domini
415 2448 443 2497 et
464 2441 588 2497 columba
618 2438 752 2512 apparuit,
773 2445 801 2494 et
823 2454 874 2495 vox
887 2437 976 2494 sonuit

177 2533 285 2603 (ffatth.
304 2548 345 2594 iii.
362 2535 405 2599 io,
421 2531 482 2603 ¹7l²
499 2529 539 2586 sio
553 2535 581 2584 et
599 2527 625 2582 iii
640 2535 742 2596 moute,
762 2526 871 2599 quando
887 2533 974 2579 trans·

177 2621 309 2695 figuratus
324 2629 365 2678 est
379 2636 472 2677 coram
487 2617 638 2690 discipulis,
661 2624 689 2672 ct
711 2617 819 2672 claritas
843 2615 899 2669 visa
923 2621 974 2683 est,

178 2718 205 2766 et
219 2726 270 2768 inii
285 2709 460 2766 nihilominus
475 2706 558 2762 Patris
572 2705 664 2761 audita
679 2705 786 2776 (naith.
804 2719 874 2768 xvii,
889 2707 915 2768 ι,
932 2703 973 2772 5):

177 2797 374 2866 Scotusaeis,
383 2791 977 2870 quidmeperscqucrisfveredeprehonsus

177 2895 220 2947 est
243 2887 352 2943 Saulus:
380 2900 434 2940 non
464 2891 505 2938 est
533 2880 720 2937 dissimulandi
748 2878 832 2946 locus,
855 2894 911 2933 non
935 2884 977 2934 εει

177 2977 292 3035 facultas
305 2974 359 3030 ulla
368 2973 498 3048 negandi.
516 2973 545 3026 hi
561 2971 685 3026 manibus
699 2977 762 3025 suut
777 2968 898 3041 episto'ae
910 2985 974 3022 cru·

178 3065 323 3122 dclissimae
337 3060 491 3135 legationis,
506 3059 672 3116 auctoritatis
691 3057 875 3122 exsecrandae,
896 3064 977 3127 pote-

1024 625 1096 680 tione
1111 632 1156 680 tua
1171 626 1250 696 primi
1266 626 1312 698 qui
1330 627 1457 682 videntur
1475 629 1503 682 in
1521 629 1643 688 Ecclesia
1657 640 1703 689 tua
1721 634 1819 705 prima·

1023 721 1079 768 tum
1098 713 1221 785 diligere,
1235 731 1334 786 gerere
1344 716 1539 787 principatum!
1556 721 1652 776 Arcani
1663 721 1818 780 Sionoccu·

1024 810 1164 873 piaverunt,
1176 803 1435 874 apprenhendcrunt
1446 805 1617 870 munitiones.
1629 817 1656 864 et
1666 813 1819 868 universam

1023 888 1152 960 deinceps
1166 890 1251 946 iibere
1265 892 1458 961 etpotostativo
1480 892 1587 946 tradunt
1606 894 1732 955 incendio
1750 900 1818 956 ciii·

1023 985 1116 1034 tatem.
1132 979 1230 1034 Misera
1249 995 1343 1036 eorum
1362 980 1542 1042 conversatio.
1561 979 1648 1052 plebis
1667 991 1720 1040 tuae
1738 988 1820 1042 mise·

1024 1065 1116 1121 rabilis
1138 1067 1279 1122 subversio
1298 1076 1349 1122 est.
1370 1069 1458 1136 Atque
1478 1067 1580 1122 utinam
1599 1068 1655 1122 sola
1678 1071 1728 1127 hac
1743 1083 1820 1143 perte

1025 1157 1168 1210 nocerent!
1189 1155 1269 1210 Esset
1288 1155 1357 1210 forte
1378 1155 1425 1227 qui
1440 1155 1578 1211 Dominioa
1598 1159 1774 1227 premonitus
1793 1172 1821 1218 et

1023 1243 1200 1313 praemunitus
1226 1243 1423 1308 eriiortatione‚
1453 1244 1529 1298 daret
1555 1259 1668 1316 operam
1700 1246 1820 1318 ipsorum

1023 1345 1079 1384 noii
1095 1334 1218 1403 exempla
1232 1331 1340 1400 imitari,
1355 1333 1404 1386 sed
1424 1333 1569 1389 observare
1587 1343 1731 1405 praecepta,
1746 1337 1821 1406 juxta

1024 1419 1103 1476 illud:
1123 1423 1188 1488 Quae
1206 1421 1307 1476 dicunt
1319 1421 1506 1491 faciterium
1520 1437 1605 1492 opero
1620 1439 1719 1479 corum
1733 1426 1822 1482 notite

1024 1510 1163 1580 respicere
1177 1509 1289 1579 (uuiti.
1306 1524 1385 1574 xxiii,
1401 1511 1440 1578 3).
1465 1509 1543 1566 Nunc
1565 1518 1654 1567 autem
1680 1511 1735 1568 dati
1758 1521 1821 1569 sunt

1026 1596 1095 1652 sacri
1111 1597 1212 1671 gradus
1226 1597 1253 1651 in
1269 1597 1443 1653 occasionem
1459 1599 1545 1669 turpis
1555 1597 1633 1660 lucri,
1648 1607 1675 1656 ει
1687 1609 1822 1673 quaestum

1026 1683 1161 1738 aestimant
1189 1684 1327 1754 pietatem.
1351 1685 1551 1755 Copiosissimae
1565 1687 1698 1760 siquidem
1713 1690 1821 1760 pietatis

1027 1770 1201 1827 inveniuntur
1218 1772 1244 1824 in
1265 1771 1448 1843 suscipiende,
1467 1773 1522 1829 imo
1545 1775 1714 1846 accipiendo,
1737 1779 1823 1854 magis

990 1847 1012 1926 Β
1027 1858 1179 1913 animarum
1193 1873 1272 1914 cura:
1289 1859 1336 1914 sed
1357 1859 1416 1916 haec
1434 1860 1508 1930 apud
1529 1877 1577 1917 eos
1595 1878 1659 1918 cura
1679 1865 1776 1934 minor,
1796 1875 1823 1923 et

1028 1949 1063 2002 de
1076 1945 1226 2001 animarum
1241 1945 1327 2001 salute
1341 1947 1486 2002 novissima
1496 1949 1624 2018 cogitatio
1636 1959 1688 2006 est.
1703 1955 1744 2008 An
1759 1969 1824 2010 vero

1028 2035 1159 2092 Salvatori
1174 2035 1323 2090 animarum
1338 2035 1447 2108 gravior
1462 2035 1515 2092 ulla
1529 2052 1591 2092 esse
1607 2047 1713 2108 poterat
1727 2058 1823 2114 perse·

1029 2123 1120 2179 cutioil
1132 2122 1226 2194 inique
1240 2130 1326 2196 agunt
1341 2131 1368 2178 et
1381 2123 1473 2180 caeteri
1487 2131 1580 2178 contra
1594 2125 1742 2196 Christum,
1757 2129 1825 2186 mul·

1031 2203 1102 2274 tique
1125 2209 1188 2258 sunt
1216 2202 1314 2257 nostris
1342 2203 1511 2274 temporibus
1539 2204 1697 2265 antichristi.
1728 2210 1824 2265 Merite

1029 2299 1120 2346 tamen
1135 2297 1162 2346 et
1176 2289 1355 2345 crudeliorem
1365 2305 1427 2345 eani
1441 2302 1534 2346 censet
1549 2294 1765 2362 persecutionem
1775 2312 1826 2370 pio

1029 2378 1148 2448 acceptis
1161 2376 1314 2450 beneficiis,
1330 2385 1358 2435 et
1366 2377 1519 2450 graviorem
1529 2380 1612 2435 sentit
1621 2397 1669 2452 pro
1677 2391 1824 2455 potestate,

1029 2481 1110 2539 quain
1125 2466 1242 2539 propriis
1260 2466 1404 2522 sustinete
1423 2467 1565 2534 ministris;
1581 2468 1645 2525 iicet
1658 2470 1703 2526 alii
1717 2489 1826 2545 quoque

1030 2553 1214 2610 multicontra
1237 2554 1423 2625 proximorum
1447 2556 1558 2611 salutem
1583 2559 1738 2630 multifarie,
1758 2561 1827 2617 mul·

1030 2643 1118 2715 lisque
1132 2641 1220 2696 modis
1234 2649 1262 2697 et
1276 2640 1356 2698 variis
1371 2641 1558 2699 occasionibus
1571 2659 1654 2718 agere
1673 2647 1826 2707 videantur.

1029 2733 1093 2786 Haec
1109 2729 1182 2786 videt
1201 2729 1333 2795 Christus,
1358 2737 1385 2784 et
1403 2729 1477 2800 silet;
1495 2731 1552 2786 haec
1570 2733 1693 2790 Salvator
1716 2737 1826 2808 petitur,

1030 2829 1058 2878 et
1072 2818 1230 2876 dissimulet.
1247 2819 1395 2889 Propterea
1408 2817 1608 2876 dissimulemus
1622 2831 1649 2877 et
1660 2839 1709 2879 nos
1719 2839 1828 2898 quoque

1031 2923 1144 2964 necesse
1167 2913 1219 2972 est,
1245 2911 1272 2961 et
1295 2905 1422 2960 sileamus
1450 2906 1568 2976 iuterim,
1597 2910 1768 2985 maximeque
1798 2914 1832 2971 de

1032 2997 1149 3069 praelatis
1165 2994 1276 3059 uostris,
1291 2993 1426 3065 magistris
1441 2995 1625 3052 ecclesiarum.
1637 2998 1682 3055 Sic
1692 3001 1829 3070 nimirum,

1031 3087 1070 3142 sic
1085 3087 1172 3157 placet
1187 3093 1214 3138 et
1227 3081 1293 3154 ipsis
1307 3091 1336 3137 ut
1346 3082 1462 3138 evadant
1477 3100 1549 3140 nnnc
1564 3089 1699 3140 liumauna
1714 3088 1828 3157 judicia,

178 3153 255 3210 ⁵¹³²ss
269 3151 380 3225 isslqlloe·
404 3150 476 3249 (W
491 3166 536 3206 ’Μ
554 3146 751 3248 filiique&
765 3145 862 3218 inqffit·
879 3145 978 3246 Amin
993 3147 1014 3226 Β
1031 3174 1177 3246 veniatque
1191 3172 1275 3228 semel
1288 3172 1419 3240 iudicium
1433 3188 1517 3243 grave
1537 3173 1578 3228 his
1593 3174 1639 3245 qui
1654 3185 1784 3246 praesuut,
1801 3187 1829 3235 et

177 3241 395 3316 persequebatur
409 3239 556 3309 Christum,
577 3254 623 3310 qui
643 3237 742 3292 Christi
756 3237 879 3291 membra
894 3242 977 3290 truci·
1032 3269 1158 3335 potentes
1172 3261 1308 3332 patiantur
1321 3267 1455 3315 tormenta
1469 3268 1606 3331 potenter·

178 3331 260 3388 dabat
277 3331 305 3384 iri
324 3327 422 3384 terris?
440 3329 482 3382 hu
501 3341 568 3382 vero
594 3325 731 3398 persecuti
754 3332 817 3380 sunt
831 3323 977 3395 Christum,
1069 3354 1095 3408 4·
1113 3350 1221 3415 vereor,
1236 3347 1415 3417 dqecqssjfflj,
1432 3363 1466 3403 ne
1481 3348 1542 3422 quis
1557 3347 1626 3404 forge
1640 3350 1674 3405 ,ἢ
1693 3358 1722 3407 eq
1735 3351 1763 3408 jn
1777 3368 1829 3410 no,

178 3420 226 3495 qui
241 3417 450 3476 ”crimmum
463 3415 529 3472 Μ
550 3429 649 3487 ⁰⁰fP¹¹⁵
663 3431 752 3512 ΜΨ
773 3411 886 3470 affixere
907 3413 979 3485 pati·
1033 3440 1076 3497 bis
1089 3438 1196 3496 Domini
1209 3448 1375 3509 persecutor,
1397 3436 1460 3510 quia
1478 3436 1620 3494 manifesta
1640 3439 1731 3496 dooidt
1750 3441 1829 3512 ratio,

178 3510 254 3575 bulo,
267 3515 294 3566 et
309 3522 364 3562 non
374 3505 592 3577 persequebatur
607 3518 669 3600 eum
680 3517 726 3574 qui
741 3501 980 3599 adversuscorpus
1033 3529 1166 3600 impedire
1190 3529 1376 3594 mmmmm
1404 3526 1532 3599 persequi
1558 3526 1733 3584 galvaqofflm·
1757 3529 1833 3600 Qu„

177 3599 250 3668 elffii
266 3597 338 3695 (1⁰⁰4
353 3602 394 3650 0⁸¹
408 3592 600 3690 E⁰⁰¹⁰³l⁸i⁸⁵t
614 3606 688 3645 emm
703 3592 882 3688 ΫΟῙῬΠΒἙῙΠΒ
898 3597 980 3689 Qm
1034 3632 1086 3690 ego
1096 3617 1131 3671 de
1149 3615 1236 3670 salute
1256 3614 1353 3670 animae
1375 3631 1444 3670 meai
1466 3615 1542 3669 fratri
1563 3614 1601 3668 illi
1623 3615 1725 3688 gratias
1747 3633 1831 3690 agere

177 3687 259 3760 ipsa),
288 3688 351 3742 ⁰⁶¹⁰
380 3683 488 3782 fil-‘Q‘
513 3678 625 3780 ¹¹¹¹fl¹¹⁰²
648 3679 772 3776 ΜΨ
787 3695 816 3777 ,31
839 3695 979 3778 Pf⁰Ps¹¹¹¹¹¹
1034 3723 1154 3777 posenni,
1169 3705 1215 3776 qui
1228 3704 1293 3758 mihi
1307 3703 1434 3777 propinat
1448 3703 1623 3760 detractionis
1635 3706 1762 3764 fratemae
1776 3723 1830 3766 vc·

177 3776 341 3850 siiuguinem
355 3773 430 3828 dedit
444 3788 472 3824 in
483 3777 600 3841 pretium
615 3766 808 3838 redemptionis
819 3782 978 3833 animarum,
1034 3795 1153 3850 uenum?
1167 3793 1263 3848 Merito
1276 3793 1445 3848 detractores
1463 3794 1521 3850 000
1539 3793 1655 3850 odibiles
1669 3795 1831 3853 describun,

177 3882 233 3923 uon
254 3862 302 3918 tibi
324 3862 431 3919 videtur
444 3857 596 3933 graviorem
611 3856 646 3911 ab
673 3871 705 3911 ro
724 3855 857 3910 sustinere
887 3870 980 3926 perse·
1035 3891 1078 3938 m,
1091 3885 1179 3954 [Rom.
1195 3897 1214 3950 1,
1231 3885 1287 3950 30),
1311 3887 1439 3952 tanquam
1456 3889 1656 3952 persecutores,
1676 3883 1746 3952 Quid
1767 3885 1832 3941 egis

178 3953 326 4022 culmem,
342 3948 388 4023 qui
403 3945 577 4044 sflssie‘fliffle
593 3944 719 4043 mafissnar
749 3943 874 4042 ⁰¹⁰mP¹⁰
890 3942 980 4015 perui·
1034 3972 1081 4044 qui
1096 3969 1220 4042 exemplo
1234 3985 1283 4026 suo
1295 3969 1329 4024 ad
1346 3967 1484 4024 remissius
1498 3970 1635 4040 agendum
1644 3977 1758 4028 caeteros
1773 3989 1833 4043 pro·

177 4045 263 4115 ⁰5⁰³⁰i
282 4035 402 4096 Wlfflin
414 4050 568 4105 ⁰⁰⁰³‘1000i
586 4040 683 4132 {ferm
697 4034 732 4132 {b
746 4047 781 4088 ⁰⁰
798 4049 902 4131 immas
913 4048 980 4131 (ΙΨ
1034 4065 1121 4129 vocat,
1144 4064 1190 4114 aut
1209 4057 1394 4132 singularitate
1412 4058 1511 4122 turbat,
1530 4064 1577 4112 sut
1595 4056 1727 4128 inquietat
1744 4059 1834 4118 curio·

176 4131 302 4201 redamus
323 4143 406 4200 <1¹¹¹m
422 4142 438 4180 ὃ
454 4124 549 4180 JUdae⁰
560 4139 606 4195 (1¹¹¹
620 4137 783 4194 ⁵³⁰8¹¹¹¹¹⁰¹¹¹
797 4121 869 4176 ¹¹¹¹¹¹¹¹
890 4119 982 4177 sudu?
1035 4149 1179 4216 sitate,ant
1189 4146 1356 4218 impatientia
1367 4160 1416 4200 sua
1430 4154 1458 4201 et
1469 4146 1682 4203 murmuratione
1695 4147 1830 4219 molestat;

216 4243 242 4298 a.
258 4233 417 4309 ignoscite,
429 4229 606 4298 dilectissimi,
620 4237 648 4286 ει
658 4230 830 4300 expavescite
845 4227 981 4286 consortia
1034 4244 1082 4292 aut
1099 4250 1260 4308 quocunque
1278 4234 1359 4290 inodo
1373 4234 1513 4290 contristet
1531 4234 1661 4306 Spiritum
1678 4236 1729 4294 Dei
1742 4237 1790 4310 qui
1804 4237 1832 4294 iu

178 4343 273 4384 eorum
292 4325 338 4400 qni
361 4323 475 4380 salutem
499 4319 650 4392 impediunt
672 4319 834 4376 auiinarnm.
859 4319 980 4374 Horren·
1035 4326 1075 4382 eis
1087 4333 1138 4388 est,
1154 4323 1340 4379 scandalizaris
1361 4339 1442 4379 uuum
1458 4323 1493 4379 de
1506 4322 1625 4379 minimis
1645 4325 1703 4381 istis
1718 4325 1833 4383 creden·

178 4418 248 4473 dum
267 4414 374 4487 penitus
391 4410 576 4483 sacrilegium,
597 4409 669 4482 quod
687 4417 715 4466 et
733 4409 857 4480 ipsorum
872 4407 981 4464 videtur
996 4448 1019 4528 u
1036 4415 1108 4470 tibus
1121 4414 1149 4469 iii
1167 4411 1249 4469 eum?
1275 4429 1366 4470 noune
1382 4422 1410 4468 et
1433 4412 1476 4468 bic
1500 4412 1642 4469 manifeste
1662 4415 1834 4487 persequitur

178 4504 314 4562 excedere
339 4501 453 4568 facinus,
484 4499 532 4573 qui
563 4499 679 4555 Domino
706 4496 854 4568 majestatis
884 4512 981 4555 manus
1035 4502 1192 4559 Christum?
1207 4503 1241 4558 Dt
1255 4518 1321 4576 ergo
1341 4509 1546 4573 pei-secutorum
1564 4510 1592 4558 et
1608 4517 1719 4568 nornen,
1737 4511 1764 4557 et
1778 4504 1835 4559 cri·

178 4590 326 4664 sacrilegas
339 4589 502 4661 injecerunt.
525 4588 672 4644 Videbatur
683 4587 739 4656 jam
750 4602 871 4654 cessasse
886 4602 979 4657 perse-
1034 4607 1097 4647 men
1107 4591 1188 4662 louge
1202 4590 1237 4645 sit
1247 4606 1356 4662 semper
1366 4607 1382 4645 a
1392 4591 1480 4656 nobis,
1494 4591 1609 4646 obsecro
1626 4605 1685 4658 vos,
1713 4590 1832 4647 dilectis-

179 4679 297 4738 ciitionis
323 4675 414 4737 W}
442 4685 562 4749 tempus;
579 4677 638 4744 sed,
667 4683 697 4730 ut
710 4675 911 4748 palamfactum
925 4682 978 4742 est,
1033 4679 1105 4748 simi,
1129 4679 1264 4751 benignos
1284 4695 1394 4748 semper
1418 4687 1445 4733 et
1466 4677 1545 4733 mites
1569 4677 1746 4734 exhibeamus
1769 4695 1830 4752 noa,

177 4783 320 4842 nunquam
335 4768 413 4824 deest
435 4764 589 4838 persecutio
615 4763 777 4832 Christiano,
810 4767 859 4819 sed
887 4779 977 4836 neque
1033 4768 1148 4824 invicem
1170 4774 1364 4836 supportantes
1388 4766 1512 4821 inomni
1535 4766 1671 4838 patientia,
1696 4775 1723 4824 et
1746 4769 1781 4823 ad
1804 4769 1833 4825 id

177 4857 296 4916 Christo.
312 4857 348 4912 Et
370 4870 452 4922 nunc,
475 4851 667 4927 quodgravius
690 4859 743 4921 est,
766 4851 818 4924 ipsi
842 4851 979 4907 Christum
1032 4855 1107 4928 quod
1129 4854 1225 4910 meiius
1249 4861 1276 4910 et
1302 4854 1449 4926 perfectius
1474 4861 1524 4921 est,
1550 4855 1709 4912 alterutrum
1733 4872 1831 4928 provo·

176 4952 391 5020 persequuntur,
407 4943 453 5016 qui
466 4943 502 4998 ab
516 4958 550 4999 eo
564 4942 657 5015 utique
677 4940 820 4997 Christiani
839 4940 976 4997 dicuntur.
1032 4953 1134 5002 cantes.
1159 4943 1225 5014 Quis
1248 4943 1321 4998 euim
1343 4958 1438 4999 sei-vus
1459 4941 1584 5000 sufficere
1606 4944 1657 5001 sibi
1677 4953 1754 5018 putat
1777 4961 1832 5003 non

175 5034 265 5094 Amici
278 5034 328 5104 tui,
342 5033 425 5102 Dens,
441 5038 468 5088 et
486 5031 603 5104 proximi
622 5032 765 5088 adversum
785 5037 812 5086 te
827 5030 977 5102 appropin-
1032 5033 1161 5106 persequi
1175 5033 1330 5100 Dominum,
1340 5033 1388 5090 scd
1403 5048 1455 5088 nec
1464 5033 1579 5104 obsequi
1589 5033 1725 5090 Domino?
1744 5033 1831 5104 Quam

176 5130 331 5198 quavecunt
349 5128 378 5178 et
398 5126 541 5178 steterunt.
566 5120 730 5190 Coniurasse
750 5118 858 5175 videtur
882 5127 977 5174 contra
1032 5123 1171 5179 habiturus
1186 5130 1227 5178 est
1241 5123 1366 5195 gratiam,
1384 5122 1407 5176 si
1421 5129 1450 5177 ut
1464 5138 1518 5178 uon
1540 5121 1651 5192 resistit,
1668 5123 1707 5178 sic
1722 5138 1774 5178 nee
1785 5137 1832 5176 as-

178 5220 207 5268 te
220 5210 384 5268 universitas
404 5207 497 5282 populi
511 5207 657 5264 Christiani
671 5223 688 5262 a
708 5207 819 5263 minimo
838 5222 924 5278 usque
942 5206 976 5261 ad
1031 5211 1238 5286 sistitquideml
1254 5212 1376 5284 Denique
1390 5210 1413 5265 si
1428 5210 1488 5282 quis
1506 5210 1575 5266 adeo
1589 5209 1767 5282 pusillanimis
1776 5226 1830 5279 osi,

177 5301 340 5358 maximum:
361 5317 377 5356 a
399 5298 492 5372 planta
511 5296 592 5370 pedis
615 5296 748 5368 usquead
770 5295 897 5352 verticem
921 5312 977 5352 non
1030 5308 1060 5358 ut
1083 5302 1149 5356 setis
1172 5301 1225 5356 sibi
1248 5309 1357 5370 reputet
1379 5315 1430 5356 neo
1452 5305 1659 5372 persecutorem
1682 5315 1754 5364 esse,
1778 5313 1830 5356 nec
1916 5363 1919 5370 ,

177 5397 222 5448 est
241 5393 342 5446 sanitas
360 5388 426 5446 ulla:
448 5401 561 5463 egressa
579 5393 622 5442 est
638 5383 766 5457 iniquitas
783 5403 799 5470 g
823 5383 978 5443 senioribus
1031 5391 1218 5460 coadjutorem
1231 5386 1317 5446 957
1333 5388 1395 5458 Dei,
1415 5387 1507 5444 audiat
1525 5388 1591 5462 quid
1609 5388 1669 5460 ipsc
1688 5389 1828 5460 loquatur,

173 5479 325 5551 judicibus,
345 5468 452 5536 vicariis
465 5475 530 5548 tuis,
545 5474 590 5548 qui
605 5474 731 5533 videntur
741 5491 837 5547 regere
848 5478 978 5550 populum
1035 5481 1088 5552 Qui
1099 5481 1204 5536 nonest
1212 5495 1331 5548 mecum,
1338 5481 1437 5534 contro
1445 5493 1491 5534 me
1500 5481 1555 5544 εει,Ι
1567 5477 1651 5550 etqui
1660 5478 1832 5552 concolliget

177 5581 267 5628 tuum.
281 5571 341 5626 Non
355 5567 465 5638 estjam
479 5565 582 5636 dicere,
592 5567 622 5624 lit
636 5566 771 5639 Populus,
789 5567 830 5624 sic
850 5568 979 5628 sacerdos
1031 5586 1153 5635 mecum
1169 5568 1303 5641 dispergit
1313 5567 1425 5640 (riarrt.
1441 5581 1491 5634 xii,
1507 5567 1564 5640 30).

177 5661 260 5738 itaci.
275 5671 376 5728 xxxiv,
392 5657 434 5730 D);
450 5654 516 5729 quia
529 5671 580 5713 neo
595 5655 618 5712 si
636 5655 764 5732 populus,
782 5663 811 5713 ut
832 5658 971 5718 mcerdos.
1068 5663 1096 5721 5.
1111 5659 1206 5731 muto,
1229 5658 1333 5727 Scire,
1347 5655 1415 5734 quid
1436 5673 1482 5714 rna
1506 5653 1701 5732 persequeris?
1720 5655 1754 5713 iit
1768 5651 1829 5721 illei

263 5758 388 5824 Parnoi.
410 5753 596 5821 CLXXXHf.
1702 5755 1750 5822 'li
