3950 6350
283 455 336 518 ili

745 461 775 517 a.
794 459 970 518 naxnnaor
987 431 1131 520 rasuris
1144 463 1470 524 maamvxuuaxsrs

1898 461 1940 518 ill

283 580 471 643 conculcemus
495 593 604 654 quoque
619 579 726 638 leonem
742 583 844 653 pariter
862 592 890 640 et
913 585 1076 642 draconem:
1094 611 1116 690 Α
1134 602 1203 644 onus
1216 581 1417 645 beneficiorum.
1434 587 1516 644 Dulce
1532 601 1610 654 onus,
1626 586 1675 642 sed
1693 583 1719 643 ei
1732 583 1782 656 qui
1802 583 1936 647 seutiae

282 680 310 731 ut
323 685 414 744 neque
427 669 498 726 illius
508 667 612 743 rugitus
622 677 733 739 torreat,
743 687 795 729 nec
806 671 883 728 istius
897 672 976 730 ilatus
991 673 1077 732 870

281 758 392 817 inficiat.
408 759 540 817 Videntur
553 760 614 816 naec
623 766 740 833 quatuor
750 767 871 818 monstra
886 762 1077 820 allectionibus

280 865 358 924 aeque
372 855 498 923 quatuor,
518 847 624 921 singula
642 847 757 923 simpatia
779 850 918 909 incubare.
938 851 988 908 (lui
1011 867 1078 924 ergo

280 938 451 1013 potissimum
469 937 551 994 draco
564 935 723 994 insidiatum?
747 937 864 997 AEstimo
884 941 950 1013 qnia
971 941 1079 1014 capidi-

281 1027 341 1097 tati,
355 1026 431 1100 quod
443 1028 515 1083 hauc
533 1024 639 1083 noverit
653 1041 713 1082 esse
727 1027 847 1085 radicem
867 1030 998 1087 malorum
1017 1043 1079 1086 cm-

284 1117 369 1183 uium‚
384 1124 414 1173 et
439 1131 499 1189 quae
523 1114 644 1186 proxime
665 1130 713 1171 cor
736 1117 885 1173 subvertat.
912 1118 979 1174 Inde
1006 1119 1079 1175 enim

283 1207 365 1263 etiam
379 1204 456 1278 quasi
473 1203 618 1262 cousulens
631 1203 718 1259 dixit:
735 1207 798 1262 Hoec
820 1207 918 1264 omnia
939 1209 987 1265 tibi
1000 1208 1078 1266 dabo.

282 1295 349 1356 Nam
363 1294 399 1350 de
412 1294 491 1350 leone
506 1292 616 1366 quidem
630 1292 802 1350 manifestum
813 1301 866 1362 est,
881 1295 954 1368 quod
970 1296 1080 1352 nonnisi

283 1383 317 1440 ad
331 1383 443 1454 januam
457 1381 561 1438 timoris
584 1380 716 1439 terrificos
734 1382 781 1439 det
795 1383 909 1456 rugitus.
932 1385 1015 1442 Porro
1030 1385 1079 1441 tri-

284 1471 363 1530 stitioe
377 1469 451 1527 iores
465 1471 538 1544 aspis
551 1472 688 1536 observat,
704 1473 777 1544 quod
793 1487 840 1528 eas
853 1472 970 1530 maxime
981 1474 1079 1531 morsi-

284 1560 333 1615 bus
352 1558 409 1616 suia
428 1560 535 1632 pervias
563 1559 722 1618 arbitretur.
751 1562 829 1618 Unde
843 1568 871 1618 et
887 1562 922 1617 ad
945 1562 1081 1620 Christum

283 1647 437 1715 Dondnum,
453 1648 542 1706 donec
554 1649 609 1719 iam
623 1649 790 1707 esurientem
805 1659 941 1721 cameret,
965 1667 1020 1709 nou
1033 1667 1080 1708 ac·

283 1737 373 1794 cessit.
390 1739 509 1794 llcoutra
523 1753 590 1794 sane
604 1746 700 1795 caveat
715 1755 828 1796 necesse
850 1747 892 1797 est
911 1741 1003 1797 laetitia
1028 1741 1078 1796 ba-

284 1824 411 1893 siliscum,
431 1826 547 1898 quodec
560 1826 730 1899 potissimum
745 1828 819 1885 aditu
836 1838 987 1887 venenatos
999 1828 1080 1902 inge-

1134 693 1180 747 qux
1195 677 1342 749 experitur.
1356 676 1481 748 Alioquin
1495 675 1582 732 sinon
1603 673 1735 742 invenias,
1751 673 1778 729 si
1805 687 1871 728 uon
1893 673 1936 726 ad-

1134 770 1234 833 vertas,
1253 781 1336 841 grave
1364 765 1475 822 omniuo
1497 770 1525 820 et
1547 761 1736 840 periculosum.
1751 759 1933 820 Oneriieruu

1134 853 1233 909 animal
1253 854 1334 912 bomo
1355 861 1477 926 tempore
1499 867 1556 909 suaa
1574 850 1754 910 mortalitatis.
1790 849 1823 906 si
1849 849 1930 906 min

1133 949 1224 1013 portat
1241 951 1352 1014 peccate
1367 958 1426 1011 sua,
1446 955 1516 998 onus
1529 947 1570 997 est
1600 955 1699 1012 grave:
1724 940 1750 996 si
1774 941 1838 1010 jam
1871 937 1930 994 ione

1134 1038 1298 1089 exoneratus
1311 1039 1352 1088 est
1362 1048 1378 1087 a
1388 1030 1515 1103 peccatis,
1530 1031 1621 1086 miuus
1634 1029 1745 1102 quidem
1758 1041 1868 1102 grave:
1881 1029 1929 1082 ssd.

1134 1119 1157 1175 si
1170 1136 1265 1176 sanum
1280 1121 1376 1194 sapiat,
1391 1135 1447 1176 nou
1472 1119 1561 1176 minus
1588 1118 1693 1194 qraude
1712 1133 1787 1174 onus
1816 1115 1929 1172 invenie

1133 1209 1204 1265 hanc
1217 1208 1313 1280 ipsam,
1337 1226 1419 1282 qnam
1437 1209 1564 1279 diximus,
1579 1206 1817 1265 exonerationem.
1836 1205 1928 1262 Onerat

1134 1313 1185 1354 nos
1198 1314 1259 1354 cum
1274 1304 1404 1355 exonerat
1420 1299 1506 1355 Deus:
1523 1305 1619 1354 onerat
1632 1293 1768 1351 beneficio
1794 1309 1879 1360 ‚cum
1892 1309 1928 1348 ex-

1135 1395 1230 1443 onerat
1243 1395 1391 1458 apeccato.
1402 1387 1460 1444 Vox
1474 1385 1580 1444 onerati
1594 1402 1600 1442 :
1620 1385 1691 1454 Quid
1705 1385 1873 1442 retribuum
1885 1386 1927 1438 lb-

1135 1478 1212 1535 mino
1223 1493 1276 1550 pro
1285 1476 1416 1534 omnibus
1429 1492 1491 1548 qaue
1499 1475 1632 1534 retribuit
1642 1472 1716 1530 milri
1721 1472 1737 1526 ‚⁹
1759 1473 1855 1544 (Paci.
1872 1487 1925 1532 uxr,

1135 1565 1189 1638 ta).
1209 1566 1269 1622 Vox
1282 1565 1407 1622 onerati:
1423 1566 1509 1623 Eoiu
1532 1579 1576 1620 me
1602 1564 1671 1635 quic
1699 1561 1782 1619 bocco
1802 1564 1926 1633 peccatu

1135 1671 1205 1723 som,
1229 1655 1348 1711 bonine
1369 1653 1446 1724 (Luc.
1461 1668 1489 1722 v,
1515 1653 1554 1726 8).
1584 1651 1646 1708 Vox
1675 1648 1806 1707 onerati:
1824 1650 1925 1719 Semper

1135 1745 1210 1799 enim
1225 1744 1305 1814 quusi
1314 1747 1455 1800 tumentes
1468 1758 1550 1814 super
1564 1757 1609 1798 me
1622 1741 1724 1810 linctus
1740 1738 1835 1794 timui
1849 1739 1924 1792 Deae.

1135 1833 1193 1903 (iob
1211 1845 1292 1899 xxxx,
1309 1834 1365 1903 23).
1382 1831 1504 1901 Semper,
1530 1828 1626 1902 inquit,
1655 1826 1751 1883 dmui:
1767 1825 1843 1882 sicut
1863 1833 1924 1880 auu.

284 1929 345 1971 rere
355 1915 442 1972 soleat
451 1914 542 1971 radios
551 1914 703 1990 oculorum3
721 1933 771 1974 nec
786 1933 856 1975 vana
878 1917 965 1992 gloria
979 1918 1030 1975 uisi
1044 1919 1079 1975 ob
1097 1916 1118 1993 Β
1135 1920 1173 1976 sic
1192 1929 1253 1991 post
1266 1925 1405 1990 acceptam
1418 1917 1613 1989 indulgentiam
1624 1921 1814 1989 peccatorum.
1839 1915 1926 1969 beatus

283 2001 661 2064 laeduaenoceatvanitatem.
861 2071 864 2078 Δ
1135 2011 1218 2065 homo
1240 2007 1286 2081 qui
1300 2007 1337 2063 ita
1350 2023 1461 2080 semper
1475 2013 1516 2063 est
1535 2005 1657 2078 pauidus,
1672 2019 1724 2060 uec
1737 2002 1842 2059 ndncri
1865 2003 1929 2072 aup-

320 2093 364 2146 tt.
384 2089 453 2147 Illud
466 2107 574 2164 quoque
589 2093 741 2162 considera,
758 2111 794 2151 au
809 2093 1001 2154 iortevirtutes
1016 2111 1081 2167 qua-
1135 2105 1178 2152 tur
1209 2094 1400 2163 sollicitudine,
1427 2110 1461 2152 ne
1490 2093 1560 2151 forte
1582 2094 1713 2150 obruatur
1726 2097 1784 2147 tam
1799 2091 1929 2147 beneficas

283 2186 344 2236 tuor
357 2186 475 2252 quatuor
489 2179 532 2236 his
546 2181 740 2240 tentationibus
762 2198 904 2256 opponere
931 2185 1078 2242 valeamus.
1093 2208 1096 2214 ·
1135 2200 1215 2258 quam
1227 2183 1358 2256 peccatis.

283 2267 339 2325 Leo
353 2267 452 2341 rugiet,
467 2269 527 2340 quis
552 2284 609 2326 nou
636 2269 762 2328 timebit?
777 2272 806 2328 Si
833 2273 893 2344 quis
920 2273 964 2329 ille
989 2272 1080 2344 fuerit,
1169 2273 1251 2329 add
1265 2269 1658 2344 hocsiquidemdivinanobis
1672 2275 1727 2324 tam
1751 2267 1851 2325 sedula
1874 2283 1926 2339 erga

283 2355 446 2426 iortiserit.
476 2357 530 2414 Sed
554 2357 683 2416 trustrato
696 2361 788 2426 leone,
803 2361 884 2418 draco
907 2361 1082 2418 absconditur
1135 2377 1194 2428 uos,
1211 2369 1240 2416 et
1261 2369 1316 2416 tam
1334 2357 1446 2432 profusa
1460 2357 1642 2415 beneficentia
1665 2357 1886 2420 commendatur,
1904 2368 1927 2410 at

282 2444 311 2501 in
326 2459 418 2514 arena,
434 2453 465 2502 ut
477 2445 618 2504 virulemis
631 2447 740 2504 ilatibus
760 2450 876 2506 attrahat
896 2450 1023 2516 animam,
1040 2448 1082 2504 in·
1135 2449 1310 2506 sollicitemur
1332 2449 1367 2503 ad
1389 2447 1512 2522 gratiam,
1532 2447 1677 2503 invitemur
1690 2447 1724 2502 ad
1748 2445 1925 2502 dilectionem

282 2533 393 2592 sufflans
406 2534 433 2592 ei
452 2535 653 2608 quodammodo
675 2537 924 2609 concupiscentiam
952 2548 1080 2596 terreno·
1105 2567 1108 2574 ·
1136 2537 1215 2597 811
1228 2536 1642 2611 inpetisscismccdavitciete,
1655 2536 1925 2593 nicostodiontnn

282 2641 352 2681 rum.
364 2623 441 2694 Ouia,
456 2633 547 2696 putas,
560 2625 631 2682 illus
644 2626 841 2697 praetervitabit
854 2625 1082 2684 insidiasiNemo
1136 2627 1266 2685 omnbus
1277 2627 1331 2684 viis
1346 2627 1413 2682 tuis.
1429 2623 1499 2692 Quid
1521 2623 1591 2681 ultra
1609 2623 1696 2696 potuit
1719 2623 1769 2680 tibi
1796 2623 1926 2688 iacereet

282 2711 577 2786 utiquenisiprudeus.
590 2712 781 2770 dtiortedum
796 2714 893 2770 adista
912 2715 1081 2772 descendere
1136 2731 1191 2773 uon
1215 2713 1298 2771 iecit?
1322 2714 1390 2771 Novi
1408 2714 1473 2785 quid
1501 2713 1615 2786 cogites,
1640 2712 1760 2786 ingenua
1790 2713 1923 2768 creatura?

284 2818 376 2872 cares,
390 2809 470 2873 urget
484 2801 545 2872 quis
558 2800 701 2857 molestia:
717 2809 745 2859 et
777 2816 842 2858 ecce
858 2805 984 2876 protinus
1011 2803 1083 2875 aspis
1136 2805 1226 2860 Habes
1239 2801 1353 2878 gratiam
1367 2803 1471 2875 angelis
1487 2801 1603 2870 Domini,
1619 2800 1668 2858 scd
1685 2802 1719 2857 ad
1737 2801 1833 2872 ipsum
1853 2801 1924 2856 ambis

284 2891 362 2946 adest
373 2908 380 2944 a
390 2904 454 2944 nam
472 2896 654 2962 opportunum
669 2897 779 2962 tempus
793 2891 844 2946 sibi
858 2891 995 2948 invenisse
1008 2891 1083 2951 vidc-
1136 2893 1280 2950 Dominum
1295 2891 1463 2964 angelorum.
1484 2889 1553 2947 0ras
1568 2897 1596 2947 et
1611 2897 1697 2961 optas,
1714 2895 1744 2945 ut
1758 2889 1867 2945 nunus
1883 2905 1924 2945 uox

286 2987 339 3036 tur.
356 2977 425 3046 Quis
438 2992 493 3033 non
508 2978 716 3050 exasperabitur
729 2980 765 3035 ab
776 2978 870 3050 aspide
894 2980 965 3037 ista?
980 2983 1083 3052 Nempe
1137 2987 1290 3048 contentus,
1310 2979 1369 3050 ipse
1388 2995 1496 3054 quoqne
1520 2979 1565 3051 qni
1585 2979 1755 3051 loquebatur,
1779 2979 1873 3034 adsit:
1888 2994 1925 3033 ner

286 3065 328 3125 vir
342 3071 499 3137 temperans
513 3073 542 3121 et
554 3065 703 3132 modestus,
737 3067 783 3139 qui
802 3067 866 3125 sciat
894 3069 1033 3126 abundare
1056 3079 1084 3126 et
1138 3081 1165 3128 tc
1180 3069 1257 3142 quasi
1270 3085 1320 3140 per
1333 3068 1462 3138 medinm,
1478 3069 1527 3124 sed
1541 3068 1583 3123 sni
1601 3068 1656 3124 oris
1679 3067 1774 3123 osculo
1791 3068 1927 3124 osculetur.

286 3152 428 3228 penuriam
443 3154 509 3225 pati.
524 3155 592 3212 Puto
606 3171 639 3213 ex
654 3155 705 3213 hac
728 3156 871 3214 occasione
894 3157 1028 3214 fascinare
1057 3166 1084 3214 te
1137 3158 1242 3216 Audisti
1256 3173 1339 3228 super
1352 3157 1473 3228 aspidem
1489 3165 1517 3214 et
1531 3156 1692 3223 basiliscum,
1708 3156 1824 3213 leonem
1840 3157 1928 3228 pariter

285 3243 359 3303 volet
373 3243 443 3299 male
453 3242 596 3300 blandiens
617 3243 712 3301 oculus
734 3259 862 3318 nequam.
880 3246 947 3316 Quis
979 3252 1083 3304 evertet
1100 3215 1122 3293 Β
1140 3253 1167 3304 et
1180 3247 1327 3303 draconem
1341 3245 1389 3302 tibi
1403 3245 1595 3302 ambulandum
1616 3245 1686 3311 fore,
1707 3259 1761 3300 nec
1775 3259 1862 3314 super
1882 3246 1929 3298 dra

285 3331 383 3390 taciem
397 3331 497 3388 suam?
512 3331 636 3390 Proiecto
649 3334 745 3405 justus,
759 3333 806 3405 qui
830 3349 885 3391 non
916 3335 998 3392 modo
1030 3352 1084 3393 uon
1139 3351 1208 3393 cone
1226 3335 1286 3407 ipso
1310 3333 1448 3391 victoriam
1477 3333 1614 3390 Michaelis
1637 3341 1664 3389 et
1686 3332 1854 3404 angelorum
1882 3333 1928 3401 ejus

284 3421 344 3496 ipsa
358 3420 410 3478 sibi
421 3421 546 3494 accipere
560 3421 675 3497 gloriam
695 3438 757 3494 quae
770 3423 822 3479 Dei
843 3430 896 3490 cst,
920 3423 970 3480 sed
992 3439 1028 3480 ne
1050 3425 1085 3480 ab
1139 3424 1258 3496 ignoras.
1274 3427 1465 3480 Verumtamen
1479 3437 1534 3478 non
1550 3421 1680 3488 blichaeli,
1696 3421 1747 3476 sed
1761 3421 1928 3477 Dominoda·

287 3510 340 3570 alic
355 3507 465 3582 quidem
480 3509 602 3583 recipere
618 3509 682 3568 velit
694 3509 813 3567 oblatam
824 3511 863 3567 :si
878 3519 969 3568 tamen
984 3511 1028 3569 ille
1051 3513 1086 3569 sit
1140 3521 1216 3568 mant
1228 3510 1363 3568 desideria
1374 3517 1418 3566 tua
1429 3527 1436 3566 ε
1448 3510 1545 3568 libero
1555 3511 1882 3582 meetponemcjoetc
1900 3515 1929 3569 te:

287 3601 385 3670 justus,
401 3599 448 3669 qui
460 3599 532 3669 juste
555 3599 629 3672 quod
655 3599 757 3669 justum
771 3606 815 3656 est
842 3609 1018 3672 exsequatur,
1039 3599 1085 3674 qui
1140 3606 1169 3658 ct
1178 3603 1302 3674 cujusvis
1311 3617 1412 3657 monus
1419 3603 1527 3672 pupnet
1537 3597 1752 3670 coniromcUob
1762 3598 1929 3666 mamilae

287 3685 420 3759 justitiam
433 3702 509 3742 suam
524 3701 580 3742 nou
594 3683 674 3743 iaciat
691 3702 783 3743 coram
794 3671 1017 3761 homiuibussqui
1032 3690 1085 3746 de·
1140 3706 1239 3762 nempe
1249 3695 1291 3746 est
1305 3705 1360 3745 nou
1374 3689 1455 3744 modo
1470 3685 1537 3755 aliis,
1555 3687 1605 3742 sed
1619 3685 1684 3758 ipsis
1703 3701 1820 3758 quoque
1845 3685 1928 3742 altiori-

290 3775 385 3849 nique,
400 3774 452 3830 etsi
468 3775 557 3846 iustus
571 3775 660 3848 inerit,
676 3783 823 3846 caputuou
837 3777 919 3835 levet.
935 3777 998 3834 Haec
1012 3777 1085 3834 enim
1141 3781 1191 3835 bus
1205 3776 1284 3834 aldus
1307 3782 1417 3848 captare
1441 3774 1586 3846 refugium,
1608 3781 1637 3830 ut
1651 3791 1684 3831 ex
1698 3775 1843 3832 sententia
1862 3773 1928 3847 proi-

289 3863 376 3922 virtus
390 3849 546 3936 specialiter
558 3864 586 3920 in
602 3864 750 3922 bumilitate
763 3865 896 3936 consistit,
917 3867 975 3923 haec
993 3867 1086 3924 iuten-
1142 3865 1353 3940 tentiqconium
1372 3869 1403 3922 tu
1427 3879 1465 3930 es,
1489 3865 1616 3931 Domine,
1652 3879 1722 3936 spes,
1746 3881 1828 3930 mea,
1853 3863 1930 3919 meritc

289 3953 392 4010 tionem
405 3961 514 4025 purgat,
529 3953 586 4010 baec
605 3969 714 4026 quoque
728 3954 853 4011 meritum
863 3971 945 4012 omne
960 3971 994 4012 ec
1011 3971 1087 4012 vera·
1142 3954 1356 4028 respondeatur:
1372 3953 1551 4010 ditissimum
1559 3951 1681 4025 posuisti
1692 3953 1845 4024 nesapium
1856 3958 1929 4010 tucn.

290 4042 348 4100 dus
359 4049 387 4099 et
401 4041 538 4100 efficacius
556 4041 670 4109 obtinet,
682 4058 736 4115 quo
750 4043 840 4100 miuus
849 4053 958 4116 arrogat
971 4044 1031 4099 sibi.
1178 4048 1204 4099 3.
1220 4044 1281 4099 Non
1296 4042 1367 4098 euim
1382 4041 1546 4116 dedignatur
1560 4055 1620 4096 esse
1634 4055 1697 4111 spes
1707 4040 1877 4097 miserorum
1895 4039 1931 4093 ni·

589 4147 706 4206 sssppqo
728 4147 786 4207 xv,
1143 4139 1288 4190 seratoret
1302 4129 1454 4186 misericors
1467 4129 1612 4197 Dominus;
1636 4143 1691 4184 uon
1718 4145 1748 4184 se
1765 4129 1860 4200 ipsum
1882 4127 1933 4182 libe

293 4236 882 4309 p,„„„,100,·m09„„„0‚,0„0„2·0m5„
896 4255 940 4296 m,
954 4239 1089 4312 ,peram-p,
1145 4225 1263 4277 retorem
1285 4220 1364 4275 simul
1386 4225 1415 4276 et
1439 4226 1624 4290 protectorem
1651 4215 1679 4272 in
1706 4231 1736 4272 se
1771 4215 1933 4288 sperantibus

331 4307 450 4365 liberabo
459 4311 689 4379 comprobarem
710 4325 785 4375 eom,
800 4311 936 4382 quonium
962 4312 1092 4382 ccpnooit
1145 4303 1933 4378 exhibererecusat.Qrwniumiumeaperooit,inquit,tiie

329 4391 571 4438 ’mmmm'
1147 4395 1932 4472 robosemprotepcmeom,quoniamcoqncoitnma

330 4490 357 4544 t.
386 4485 481 4544 Venite
495 4484 532 4542 ud
550 4500 594 4543 me
607 4501 702 4544 omncs
716 4488 765 4560 qni
776 4485 911 4544 laboratas
938 4492 966 4546 et
981 4490 1093 4546 onerati
1109 4519 1132 4596 n
1147 4505 1245 4544 mecm
1266 4487 1379 4556 Nempe,
1392 4485 1453 4542 Nisi
1467 4484 1601 4543 Dominus
1609 4483 1779 4540 custodierit
1788 4483 1932 4540 amnas

294 4576 373 4641 estis,
389 4578 418 4632 ot
432 4589 479 4648 epo
494 4574 622 4645 reficiam
635 4589 692 4644 oos,
707 4573 917 4632 dicitDomluas.
938 4576 1036 4635 Tollite
1048 4578 1093 4649 ic·
1148 4580 1261 4649 frustra
1270 4575 1431 4648 vipilotqui
1439 4573 1566 4630 custodit
1574 4587 1636 4628 eom
1643 4572 1843 4641 (Pauicxxrr,
1853 4570 1934 4642 t),sirr

294 4679 462 4737 pumiceum
470 4664 940 4740 supervos,eticoociciisroqniem
948 4668 1094 4724 animatos
1149 4667 1194 4723 ille
1209 4667 1299 4732 bomo,
1324 4661 1477 4736 siveetiam
1492 4660 1605 4734 angelus
1618 4668 1700 4717 esset.
1719 4660 1831 4717 bloutes
1848 4662 1879 4715 in
1902 4674 1935 4714 ur·

296 4755 406 4812 υεείνίε.
417 4754 608 4827 luqumecim
616 4758 868 4826 meumsncueest,
880 4759 908 4814 et
922 4771 1095 4814 cananaeum
1149 4755 1221 4812 cuitu
1231 4753 1381 4820 Jerusalem
1395 4771 1401 4806 :
1417 4751 1464 4807 sed
1484 4765 1580 4822 parum
1595 4750 1656 4815 hoc,
1681 4748 1734 4804 imo
1749 4747 1820 4803 nibil
1840 4752 1893 4807 boc
1907 4749 1934 4802 io

299 4843 357 4901 icoc
369 4841 481 4912 (liciti.
495 4856 537 4915 xx,
553 4843 657 4914 taso).
677 4841 846 4900 laborantes
868 4843 903 4899 ad
918 4843 1094 4900 reiectionem

298 4929 405 4997 inritat,
422 4929 456 4986 ad
471 4929 593 5002 requiem
606 4939 737 5002 provocat
750 4939 889 4988 oneratos.
912 4931 975 4988 Nou
1003 4939 1095 4988 tamen

298 5017 408 5077 interim
421 5032 491 5092 onus
505 5013 648 5087 subtrahit,
664 5027 711 5076 aut
724 5020 845 5077 laborem
857 5038 865 5092 ς
890 5021 977 5092 magis
1004 5029 1095 5078 autem

298 5123 384 5166 caere
398 5107 462 5175 alio,
478 5106 529 5164 alic
543 5103 636 5165 labore
660 5117 825 5165 commutat:
846 5108 896 5165 sed
924 5124 1008 5167 onere
1031 5111 1094 5182 tevi,

298 5198 374 5256 suari
387 5199 465 5270 jugo,
475 5195 504 5252 iu
519 5195 617 5270 quibus
630 5197 739 5270 requies
757 5213 789 5254 ac
803 5197 925 5263 reiectio,
940 5197 992 5255 etsi
1007 5198 1096 5254 miuus

299 5295 437 5361 appareat,
457 5293 549 5342 tamen
571 5285 736 5342 inveniatur.
758 5285 847 5343 Grave
867 5302 935 5344 onus
958 5287 1095 5361 iniquitas,

1150 4853 1201 4911 ret,
1220 4843 1243 4898 si
1256 4859 1311 4898 nou
1326 4841 1408 4897 etiarn
1422 4837 1555 4894 Dominus
1568 4837 1596 4892 in
1625 4836 1739 4894 circuitu
1762 4847 1846 4894 osset
1868 4833 1935 4910 popul

1150 4933 1199 4988 sni.
1220 4931 1316 4986 Merito
1330 4929 1456 5002 proindre
1471 4928 1499 4982 iu
1519 4926 1630 4982 Cantico
1652 4939 1753 4997 sponsa
1772 4926 1935 4983 describitur.

1150 5019 1337 5077 iuventislicet
1351 5017 1478 5090 vigilibus
1493 5015 1557 5087 (imo
1582 5015 1615 5070 ab
1641 5014 1680 5069 eis
1707 5014 1796 5085 magis
1821 5015 1936 5071 inventa:

1151 5107 1283 5166 nocedim
1298 5123 1345 5164 eos
1359 5107 1417 5178 ipsa
1441 5103 1602 5178 quaerebat),
1628 5119 1683 5159 non
1707 5101 1938 5167 substitissent

1150 5206 1278 5255 contenta
1292 5195 1374 5252 inisse
1387 5193 1523 5267 vigilibus,
1540 5193 1588 5250 sed
1603 5199 1763 5264 percontata
1777 5191 1906 5248 breviter
1917 5188 1937 5240 de

1150 5288 1258 5354 dilecto,
1275 5285 1407 5356 adipsum
1420 5284 1495 5340 ocius
1511 5280 1666 5354 pervolasse
1676 5281 1804 5352 (Contio
1815 5295 1862 5350 nr,
1877 5285 1899 5344 3,
1915 5281 1938 5332 t·

299 5377 398 5434 sedens
413 5392 495 5448 super
510 5375 642 5431 talentum
652 5375 756 5447 plumbi
768 5377 863 5447 (Zacb.
873 5393 903 5444 v,
918 5379 959 5448 7).
975 5379 1032 5434 Sub
1047 5379 1098 5434 hac
1150 5379 1214 5434 Erat
1228 5375 1301 5432 enim
1319 5389 1366 5430 cor
1379 5375 1439 5444 ejus
1453 5388 1508 5428 non
1528 5371 1555 5426 in
1571 5369 1706 5444 vigilibus,
1725 5369 1775 5426 sed
1791 5371 1822 5425 iu
1838 5369 1939 5427 Domino

299 5465 427 5536 gemebat
445 5465 550 5522 sarcina
564 5464 610 5539 qui
625 5463 735 5522 dicebat
748 5487 754 5520 :
767 5467 935 5538 iniquitates
948 5483 1019 5524 mere
1046 5483 1097 5523 ao·
1152 5465 1276 5522 fiduciam
1288 5463 1406 5530 habens3
1427 5470 1455 5518 ct
1473 5461 1551 5516 aliter
1565 5459 1635 5518 forte
1645 5459 1830 5516 suadentibus
1848 5461 1939 5516 aiebat:

300 5569 448 5628 perpreasoe
466 5559 534 5611 sunt
547 5558 634 5628 capot
648 5570 755 5620 mecm,
781 5559 810 5611 et
831 5557 905 5611 sicui
927 5571 998 5612 onus
1015 5571 1098 5626 prove
1153 5557 1186 5612 ln
1202 5555 1320 5611 Domino
1335 5553 1463 5623 confido:
1478 5550 1613 5625 quomodo
1632 5547 1728 5606 dicitis
1742 5550 1861 5606 unimur
1872 5562 1941 5605 ruere:

299 5646 427 5716 pronote
436 5647 503 5701 aunt
514 5659 600 5715 super
613 5658 660 5700 me
675 5643 883 5714 (Paolxxxvn,
895 5643 932 5712 ὅ).
944 5642 1023 5712 Quod
1033 5659 1099 5720 ergo
1157 5645 1336 5715 Transmipru
1348 5643 1381 5700 in
1389 5645 1514 5702 montem
1524 5641 1600 5696 sicut
1607 5654 1705 5712 passer
1714 5638 1807 5708 (Psoi.
1820 5657 1855 5703 x,
1868 5639 1902 5706 ἲ).
1913 5633 1942 5688 bi*

300 5745 370 5789 onus
384 5729 495 5798 Christi,
510 5731 583 5803 quod
598 5746 668 5789 onus
680 5729 760 5786 leve?
778 5729 810 5785 Ut
824 5729 934 5802 quidem
944 5746 997 5804 ego
1011 5733 1099 5790 sentio
1155 5749 1206 5789 nus
1220 5731 1362 5808 vigilanter
1371 5731 1397 5786 id
1418 5733 1598 5788 observarant
1620 5725 1761 5794 Corinthii,
1784 5743 1856 5783 cum
1874 5723 1940 5782 oden
