3950 6350
265 391 320 464 sis
720 387 1452 465 s.emssnmmmmscusum-vauuusss
1869 409 1927 462 ers

264 528 371 601 plenius
385 528 413 585 o't
426 526 574 601 perlectius
587 527 740 585 illustrante
753 527 868 586 veritate
892 544 1053 603 cognoscem
1071 542 1096 622 Ι
1111 527 1162 586 lico
1177 529 1310 596 tribunali,
1326 537 1358 586 et
1367 529 1497 586 incertam
1514 529 1602 587 adbuc
1611 523 1780 601 'exspectare
1796 528 1854 586 sub
1866 537 1925 582 mm

265 617 399 688 quomodo
413 631 468 674 nou
486 616 580 674 omnia
610 617 793 685 considerare,
823 626 851 674 et
873 618 901 673 in
932 619 1058 676 omnibns
1111 617 1233 675 districto
1258 617 1352 675 iudice
1380 618 1566 676 sententiam?
1589 621 1767 678 llorreodom
1799 623 1859 682 est,
1885 627 1925 671 art

263 706 382 763 ortulum
397 705 598 764 moderatorem
612 707 785 780 magnificare
811 707 929 764 libebit?
943 708 1058 764 Pulchre
1111 706 1265 778 Apostolus,
1278 708 1401 766 incidere
1411 708 1443 763 in
1452 723 1555 764 maora
1567 709 1621 765 Dei
1629 711 1748 766 alveolis
1768 705 1875 776 (llebr.
1892 721 1921 764 x.

262 795 373 850 omnino
388 794 483 850 Petrus
492 794 630 867 apostolus
645 794 730 851 lilium
743 793 906 866 perditionis
919 797 951 853 io
966 797 1058 852 locam
1111 795 1165 866 bl).
1177 795 1333 852 iudicemur
1345 795 1465 864 interim,
1483 795 1591 864 iratres,
1606 805 1635 853 et
1657 795 1813 852 terribilem
1842 793 1921 849 illam

262 899 349 940 mom
362 883 462 939 abiisse
476 889 589 939 testatus
603 889 655 950 est,
666 883 738 955 quod
747 884 776 940 in
786 899 849 940 aere
860 883 996 956 crepuerit
1005 900 1060 940 me·
1111 885 1340 956 exspectationem
1358 885 1486 958 praesenti
1501 882 1588 942 85⁰
1601 884 1759 942 studeamus
1771 881 1920 940 declinare

264 971 325 1027 dius
338 971 411 1044 (Act.
425 987 446 1042 t,
459 975 504 1041 25,
518 972 572 1043 itt),
588 972 722 1029 aeriarum
743 973 849 1048 collega
874 979 1057 1044 potestatum:
1109 972 1221 1044 judicio.
1234 974 1294 1028 Non
1307 972 1438 1043 judicabit
1451 975 1525 1030 Dens
1538 974 1580 1030 bis
1602 974 1630 1030 in
1647 974 1778 1045 idipsum.
1799 974 1880 1031 Saue
1892 983 1920 1026 ut

263 1066 359 1131 utpote
374 1075 454 1130 quem
468 1060 526 1117 veri
541 1060 591 1116 Dei
606 1067 635 1116 et
647 1061 704 1117 reri
715 1061 815 1133 pariter
828 1061 953 1126 bominis,
965 1061 1011 1134 qui
1024 1062 1059 1118 de
1111 1060 1288 1133 quorumdam
1304 1071 1425 1133 peccata,
1441 1062 1481 1119 sic
1494 1071 1520 1118 et
1535 1064 1713 1136 quorumdam
1727 1063 1827 1120 studia
1846 1062 1918 1117 bona

264 1148 333 1204 coelo
356 1149 475 1206 venisset
501 1156 662 1222 operaturos
674 1149 790 1206 salutem
803 1149 830 1204 iu
855 1149 945 1204 medio
968 1158 1057 1220 terras,
1112 1149 1254 1206 manifeste
1268 1158 1341 1218 sunt,
1351 1152 1533 1224 praecedentia
1545 1153 1579 1207 ad
1589 1152 1717 1221 judicium
1732 1159 1783 1207 :ut
1800 1151 1841 1206 illi
1853 1154 1919 1222 qni-

264 1237 356 1306 hujus,
371 1236 490 1308 iuquam,
515 1236 693 1308 proditorem,
714 1253 766 1295 nec
789 1236 887 1294 coelum
913 1237 1058 1310 reciperet,
1112 1237 1175 1294 dem
1197 1252 1251 1293 nou
1278 1247 1467 1310 exspectantes
1490 1241 1663 1309 sententiam,
1678 1240 1796 1314 proprio
1823 1243 1915 1299 mbas

265 1341 317 1382 nec
331 1334 403 1381 terra
417 1325 571 1382 sustineret.
723 1345 726 1350 ·
1111 1327 1234 1399 pondere
1248 1327 1389 1384 criminum
1404 1328 1431 1384 in
1447 1336 1548 1385 tartara
1559 1330 1734 1401 dejiciantur3
1752 1329 1803 1386 isti
1819 1346 1915 1388 reroe

300 1414 1060 1486 relnquescalistaiscoosiderobts,erratrioottoocm
1113 1415 1225 1490 regione
1238 1425 1345 1488 paratas
1358 1416 1410 1472 sibi
1424 1417 1505 1474 sedes
1519 1422 1575 1474 tota
1588 1418 1713 1476 libertate
1728 1419 1916 1490 spiritussinr

261 1505 566 1578 peccatoramoidebis.
578 1503 668 1560 Primo
683 1504 802 1577 quidem,
819 1503 855 1560 ob
866 1512 938 1559 tuam
953 1505 1059 1561 evasio·
1112 1503 1166 1560 nlla
1188 1503 1360 1561 cunctatione
1383 1505 1578 1563 conscendant.
1594 1506 1668 1563 Felix
1687 1517 1849 1579 paupertas
1872 1525 1914 1564 o:-

264 1608 340 1659 nem;
357 1592 489 1659 secundo,
504 1595 539 1649 ob
553 1593 736 1650 omnimodam
763 1592 954 1661 securitatem3
980 1593 1060 1650 tertio
1113 1593 1227 1650 luntarie
1250 1595 1341 1650 omnia
1368 1595 1589 1668 relinquentium,
1617 1603 1646 1652 et
1667 1597 1853 1670 sequentium
1883 1609 1913 1665 te,
1946 1653 1947 1662 ,

264 1697 382 1753 quoque,
398 1682 434 1739 ob
448 1682 692 1754 comparationem;
708 1689 813 1755 quarto,
830 1681 864 1737 ob
879 1680 964 1752 ipsius
982 1680 1059 1751 justi·
1113 1681 1324 1740 Dominelesu?
1339 1682 1414 1740 Felix
1429 1682 1518 1754 plane,
1534 1699 1595 1756 que
1619 1691 1673 1740 tam
1699 1699 1832 1754 securos,
1868 1689 1914 1744 ina

263 1769 307 1826 tiae
320 1770 471 1844 perlectam
485 1771 693 1828 aemulationem.
705 1769 762 1825 Erit
771 1769 842 1824 eninr
851 1769 907 1840 jam
923 1777 987 1825 tunc
1004 1785 1058 1825 non
1113 1777 1166 1826 tam
1181 1770 1313 1846 gloriosos
1327 1769 1407 1827 iaciat
1420 1769 1449 1826 iu
1458 1769 1504 1828 illo
1518 1770 1648 1844 singulari
1661 1769 1773 1847 fragore
1789 1771 1915 1829 elemen-

262 1857 466 1930 misericordiae,
490 1859 539 1915 sed
552 1858 645 1929 judicii
661 1864 785 1928 tempus:
803 1872 854 1912 nec
871 1857 926 1913 ulla
948 1857 1058 1914 omuino
1075 1847 1097 1926 Β
1114 1864 1212 1928 torum,
1225 1866 1254 1915 et
1271 1857 1300 1915 in
1313 1859 1359 1916 illo
1374 1861 1516 1916 tremendo
1532 1859 1656 1916 examine
1683 1860 1862 1928 meritorum,
1890 1863 1912 1918 is

263 1948 401 2005 credenda
410 1953 456 2006 est
470 1962 537 2020 erge
552 1947 650 2019 impios
664 1947 753 2003 lutura
766 1946 823 2002 illic
837 1945 989 2012 miseratio,
1012 1945 1059 2001 ubi
1112 1945 1157 2002 illo
1182 1953 1258 2002 tanto
1283 1946 1438 2004 discrimina
1452 1947 1614 2018 judiciorum
1627 1946 1633 2004 i
1648 1949 1708 2003 tarn
1722 1965 1793 2006 roro
1820 1951 1911 2005 audia-

262 2053 315 2095 nec
328 2037 381 2092 ulla
391 2038 527 2109 speranda
540 2044 582 2093 est
596 2036 738 2092 correctio.
754 2036 850 2093 Procul
864 2036 917 2092 crit
934 2036 1059 2091 humanae
1112 2049 1172 2090 mus
1186 2033 1251 2107 quid
1265 2035 1300 2090 ad
1319 2041 1408 2090 tantas
1426 2035 1623 2108 promissiones
1645 2036 1745 2094 devota
1772 2045 1802 2094 et
1829 2038 1912 2095 tidelis

261 2123 424 2180 infirmitatis
447 2125 499 2180 ista
522 2125 659 2190 mollities,
681 2140 735 2196 qna
757 2132 849 2182 tamen
879 2123 986 2181 interim
1008 2141 1059 2198 pro
1112 2122 1201 2179 enims
1215 2125 1390 2196 respondeat,
1413 2141 1450 2181 ne
1464 2125 1534 2181 forte
1549 2131 1595 2180 ant
1616 2123 1753 2190 diffidere,
1771 2134 1823 2181 aut
1837 2143 1911 2182 secus

263 2220 388 2286 tempore
402 2214 519 2270 charitas
534 2215 619 2270 utitur
631 2215 667 2269 ad
680 2214 978 2286 salutem,amplissimo
991 2227 1059 2287 quo·
1113 2228 1192 2284 quant
1207 2220 1333 2284 oporteat
1355 2211 1441 2270 fidere
1456 2213 1732 2283 cruciamentorum
1746 2219 1785 2270 ta
1810 2231 1853 2280 cs,
1874 2217 1911 2270 in·

262 2301 325 2356 dam
340 2301 413 2358 velut
428 2303 520 2376 lolius,
537 2302 674 2376 videlicet]
689 2319 816 2375 expansae
830 2319 940 2376 segenae
954 2302 1014 2358 sinn
1031 2311 1060 2358 et
1112 2301 1180 2372 quit,
1196 2303 1319 2368 Itoniae,
1347 2317 1409 2376 spes
1421 2319 1495 2361 oreo.
1509 2300 1580 2371 Quid
1594 2307 1649 2358 tam
1662 2302 1766 2373 sobrie,
1783 2304 1910 2376 quidtsn

262 2389 349 2446 bonos
373 2397 401 2447 et
414 2390 499 2447 malae
512 2391 644 2466 colligens
657 2391 757 2464 pisces,
781 2391 810 2447 id
829 2399 871 2448 est
885 2391 999 2448 allectus
1015 2391 1055 2461 ju·
1111 2389 1156 2460 pie
1170 2397 1278 2462 poterat
1291 2390 1367 2447 dici?
1381 2391 1436 2447 Sed
1450 2406 1502 2448 nec
1515 2390 1588 2448 alind
1603 2391 1665 2448 huic
1692 2393 1783 2449 rerbo
1810 2393 1910 2449 ridetur

262 2480 366 2538 candos
380 2481 482 2554 pariter
496 2489 524 2538 et
542 2483 682 2540 molestos.
698 2483 798 2539 Verum
817 2484 869 2540 hoc
892 2481 1003 2553 quidem
1030 2479 1058 2534 in
1112 2491 1193 2548 posse
1202 2477 1407 2536 convenientius
1417 2479 1679 2551 responderi‚qnam
1687 2479 1762 2552 quod
1772 2482 1908 2554 seqnitur:

262 2571 341 2626 mari.
357 2570 461 2627 Nomia
475 2569 565 2628 littore
581 2572 653 2628 solos
667 2571 751 2646 eliget
764 2571 861 2636 bonos,
878 2570 918 2626 sic
930 2569 1059 2626 videlicet
1112 2567 1418 2641 Altissimmnpoaoisti
1426 2569 1570 2639 resumam
1582 2571 1674 2624 tuom.
1687 2567 1830 2625 deserum
1841 2569 1910 2644 igno

261 2660 385 2733 gaudens
398 2676 459 2717 cum
473 2659 667 2732 gaudentibus,
683 2667 713 2714 nt
727 2675 762 2716 ex
775 2659 829 2715 boc
842 2659 899 2728 jam
914 2673 975 2714 cum
987 2657 1059 2712 lien-
1112 2656 1179 2712 scite
1192 2655 1278 2724 nobis,
1296 2656 1414 2712 iratres:
1431 2655 1511 2712 bodie
1527 2671 1638 2729 quoque
1664 2657 1812 2728 promissae
1837 2659 1908 2714 etian

263 2747 334 2804 tibns
347 2748 414 2802 dere
437 2761 493 2801 nou
506 2747 601 2817 possit.
625 2746 750 2817 Alioquin
770 2745 906 2816 quomodo
929 2745 958 2800 in
980 2745 1060 2801 nobis
1113 2743 1243 2801 terminos
1275 2743 1416 2800 brevitatis
1438 2745 1519 2816 paulo
1541 2744 1632 2802 minus
1653 2746 1812 2804 excessisse
1845 2749 1908 2804 ride
1948 2805 1949 2830 ,

258 2831 425 2904 judicabitur
443 2832 624 2899 hismundus,
639 2831 691 2887 uisi
712 2832 792 2901 hujus
815 2838 917 2887 tenerae
937 2830 1060 2888 allectio·
1114 2848 1184 2892 mor.
1948 2839 1949 2844 ’

262 2920 306 2976 uis
324 2919 411 2990 obliti,
422 2919 623 2991 introductique
631 2919 762 2976 fuerimus
771 2919 799 2975 ia
810 2920 904 2977 cellam
918 2920 1057 2988 uaedam,
1422 2919 1537 2977 sttlttto
1551 2921 1602 2976 lX.

263 3007 414 3064 amodum
422 3023 486 3064 eum
495 3007 542 3078 qui
550 3007 630 3063 dixit:
646 3009 957 3082 latroidot'opoteotios
967 3013 1059 3068 Domi·
1113 3013 1336 3074 Deversooooo,
1354 3027 1367 3060 t
1382 3009 1519 3077 stoiom
1529 3013 1562 3065 to
1572 3026 1609 3075 cs,
1622 3011 1752 3078 Domine,
1763 3029 1830 3085 spes
1840 3031 1906 3080 mea·

262 3099 311 3165 aa·
324 3099 453 3166 naneae,
467 3097 767 3171 maceratorjaosuo
782 3098 1057 3170 taoesotsaarteaat.
1214 3081 1516 3154 attostmamposaott
1531 3082 1780 3154 resacrambam.
1801 3104 1814 3134 ι

233 3205 237 3213 ’
262 3200 332 3256 txx,
349 3186 406 3257 16.)
419 3185 477 3244 Nec
491 3186 571 3242 modo
595 3186 704 3258 quidem
726 3185 900 3244 considerare
923 3151 1096 3258 permitti-⁰
1150 3187 1175 3238 l.
1191 3182 1287 3251 Etiam,
1308 3183 1415 3250 iratres,
1427 3182 1509 3240 bodie
1519 3182 1621 3256 aliquid
1631 3185 1774 3242 audiamus
1795 3187 1832 3244 de
1849 3205 1907 3260 pro·

262 3291 324 3334 mur
333 3289 476 3347 personam
494 3275 631 3348 pauperis,
642 3284 689 3333 aut
698 3275 821 3332 misereri
833 3276 892 3346 eius
901 3274 930 3332 in
941 3275 1058 3347 jndicio:
1113 3271 1241 3330 missione
1253 3273 1349 3340 Patris,
1365 3271 1400 3328 de
1419 3273 1624 3344 exspectatione
1646 3273 1777 3347 liliorum,
1803 3274 1840 3333 de
1862 3277 1909 3332 line

261 3366 311 3422 sed
325 3380 387 3422 cum
400 3363 527 3422 molestis
541 3364 1060 3438 licet,coercendnsejusmodipictatis
1113 3362 1194 3432 hujus
1207 3369 1308 3418 nostroe
1322 3360 1563 3433 peregrinationis,
1587 3361 1622 3418 de
1646 3365 1779 3420 mercede
1813 3365 1906 3421 laboris
1949 3383 1950 3430 l

261 3455 427 3522 affecisset
444 3453 580 3527 equitatis
594 3463 637 3511 est
649 3453 776 3511 dictanda
791 3455 938 3512 sententia.
953 3453 1059 3522 Quanto
1113 3449 1249 3506 defructu
1262 3448 1433 3521 captivitatis.
1449 3449 1605 3523 Eiqttitlem
1615 3450 1682 3508 duta
1697 3452 1816 3510 omnino
1830 3455 1908 3525 cepti·

261 3542 349 3618 magis
363 3541 409 3598 ubi
423 3542 497 3598 nulla
520 3541 604 3598 animi
627 3542 790 3610 colluctatio,
805 3544 853 3600 ubi
866 3543 940 3598 nulla
958 3543 1060 3613 poterit
1112 3538 1191 3606 vitas,
1207 3552 1261 3594 non
1276 3537 1358 3595 modo
1371 3537 1590 3606 illacommnnis,
1610 3555 1691 3613 quarn
1716 3556 1752 3598 ex
1777 3541 1842 3613 ipsa
1862 3544 1907 3612 jan

263 3631 416 3686 subintrare
439 3630 574 3696 molestia,
598 3637 710 3703 oportet
730 3631 838 3703 impleri
861 3631 936 3703 qnod
957 3630 1058 3687 dmtum
1111 3626 1266 3684 conditione
1285 3627 1396 3702 generis
1411 3626 1558 3684 toleramus
1571 3628 1692 3698 hnmani,
1704 3629 1828 3688 sedhaec
1852 3647 1908 3704 quo

263 3724 316 3785 est,
326 3718 960 3793 absorptisnatjcncttpatroejirttresoramt
970 3721 1057 3792 (Psoi.
1113 3733 1165 3789 que
1180 3730 1234 3788 qua
1247 3716 1401 3772 voluntates
1416 3715 1581 3774 mortificare
1595 3718 1731 3789 proprias,
1747 3720 1839 3775 etiam
1857 3738 1907 3793 pet·

263 3806 514 3880 oxu,t.)lbsorpti
528 3808 648 3880 pisneio
659 3807 916 3880 ellectumjustitiae‚
931 3816 959 3866 et
973 3809 1059 3866 Petrae
1113 3804 1178 3861 dere
1197 3804 1321 3877 proprias
1335 3804 1364 3860 in
1376 3805 1428 3862 hoc
1441 3805 1543 3862 mundo
1558 3806 1663 3862 aninras
1686 3805 1867 3877 festinantes,
1886 3810 1907 3864 iu

263 3897 436 3968 soliditatem,
452 3897 495 3955 cui
506 3898 591 3967 iuncti
615 3907 688 3965 sunt,
709 3898 856 3956 imitantes.
880 3901 989 3964 iuncti,
1012 3895 1058 3953 in·
1113 3895 1230 3950 hostem
1243 3892 1338 3968 rigide
1357 3893 1505 3964 compedes
1523 3893 1684 3967 disciplinae,
1707 3895 1737 3952 in
1762 3897 1842 3955 bunc
1864 3905 1906 3953 tau

262 3987 328 4060 quit,
343 3991 445 4062 petrae,
460 4004 541 4062 quam
560 3989 683 4060 prolecto
707 3989 791 4044 solam
812 3995 843 4044 ut
866 3997 1058 4060 sequerentur,
1113 3983 1203 4058 gravis
1225 3982 1393 4056 poenitentiae
1406 3997 1544 4039 carcerem
1567 3983 1692 4040 dedimus
1714 3988 1905 4060 nosmetipsos

262 4084 361 4134 cetera
375 4076 466 4134 omnia
480 4075 656 4149 reliquerunt
670 4077 775 4148 Nempe
789 4077 842 4133 boe
857 4082 901 4132 est
918 4077 992 4148 quod
1014 4079 1059 4132 in·
1114 4072 1265 4130 bliseranda
1282 4071 1398 4128 servitus
1411 4071 1504 4143 plane,
1524 4072 1574 4128 sed
1589 4073 1612 4128 si
1626 4079 1731 4140 coacta,
1749 4075 1805 4132 sed
1822 4076 1847 4134 si
1860 4091 1905 4132 uon

264 4165 414 4235 terrogauti
431 4165 511 4220 Petro
535 4164 663 4236 quidnam
688 4164 825 4235 accepturi
848 4173 950 4228 essent,
980 4166 1061 4221 Petra
1113 4160 1425 4234 spontaneavidcretur.
1443 4161 1523 4217 Nune
1536 4175 1602 4219 vero
1616 4163 1851 4222 cumroluntarie
1870 4179 1908 4220 sa·

261 4251 324 4323 ipsa
339 4249 498 4322 respondit:
512 4250 581 4307 Gom
595 4249 697 4309 sederit
709 4252 797 4309 Filias
817 4251 940 4309 laminis
954 4255 986 4309 io
999 4254 1062 4311 sede
1113 4248 1240 4308 orificetis
1253 4251 1322 4316 Deo,
1339 4265 1391 4306 uec
1402 4248 1544 4325 ingeratur
1554 4249 1609 4308 ulla
1621 4251 1673 4308 nisi
1683 4267 1735 4326 per
1752 4254 1849 4326 ipsam
1869 4269 1909 4312 ro·

263 4343 421 4413 amiectatis
430 4341 635 4414 commutabitis
643 4349 670 4398 ct
678 4343 1058 4416 vossapercedesdoodeor'm,
1114 4340 1244 4397 luctator
1268 4339 1396 4396 violentia
1418 4339 1562 4405 voluntati,
1587 4340 1711 4412 profecto
1744 4342 1857 4415 aliquid
1888 4343 1909 4398 itt

260 4430 425 4504 judicantes
433 4429 579 4491 comeam
594 4431 683 4488 imbres
699 4431 786 4488 lsrael
803 4431 909 4505 (dotto
920 4447 983 4504 xtx,
1002 4431 1057 4503 28).
1075 4450 1099 4530 υ
1115 4444 1196 4486 causa
1208 4437 1260 4486 est.
1273 4428 1340 4486 lllud
1350 4435 1416 4500 puto
1431 4428 1542 4501 aliquid,
1557 4445 1612 4502 quo
1627 4431 1715 4501 majus
1730 4430 1843 4504 aliquid
1859 4449 1910 4489 esse

264 4520 328 4577 Haec
341 4535 449 4593 quoqne
463 4521 597 4592 propbeta
612 4519 795 4591 praenuntians
805 4521 855 4576 ait:
873 4523 1011 4579 Dominus
1024 4525 1060 4580 od
1115 4533 1169 4574 non
1183 4524 1283 4588 polest.
1298 4521 1341 4572 Au
1355 4533 1421 4574 vero
1435 4517 1621 4594 plangendum
1634 4519 1742 4576 videtur
1763 4520 1911 4592 quamlibet

259 4609 404 4683 judicium
417 4610 510 4666 aanor
519 4607 748 4667 comisatoribus
760 4611 860 4683 populi
873 4611 920 4666 soi
933 4611 1001 4678 (loo.
1017 4626 1057 4676 ιιι,
1114 4623 1252 4680 maguum,
1264 4605 1413 4679 quamlibet
1427 4606 1604 4674 laboriosum,
1617 4609 1821 4680 quodpropter
1831 4612 1909 4668 Deua

265 4698 321 4767 tt).
335 4697 411 4753 Tunc
438 4704 517 4768 putes
536 4695 654 4755 llexibile
680 4695 1059 4769 quidpiamiovenioudumin
1114 4695 1182 4752 batt
1206 4695 1263 4752 Etsi
1291 4695 1448 4768 magnitudo
1470 4697 1529 4767 ipsa
1556 4696 1656 4754 laboris
1678 4697 1823 4756 interdum
1852 4699 1909 4758 iortt

262 4783 620 4856 judicibnanuctisPetrael
636 4785 893 4854 Quiadtnretltec,
915 4785 1060 4856 Apostolus
1115 4789 1276 4856 extorqueat
1298 4784 1528 4855 compassionem,
1548 4787 1598 4840 sed
1613 4785 1697 4842 multo
1711 4786 1804 4862 magis
1831 4803 1909 4845 cause

264 4874 825 4947 ait,oostsspiritusest(ideam,li):
850 4873 947 4946 quiet
972 4876 1060 4932 Petrae
1114 4872 1294 4930 consideratio
1322 4872 1406 4944 exigit
1429 4873 1701 4946 congratulationem.
1733 4874 1810 4942 Quitl
1847 4875 1909 4949 quod

263 4962 395 5034 jnngitnr,
420 4961 488 5033 lapis
509 4962 643 5019 nnusbd
662 4964 733 5035 quod
757 4977 824 5019 sane
846 4963 982 5034 Propheta
1005 4980 1059 5020 non
1115 4960 1290 5018 bonaomnia
1303 4976 1357 5017 non
1372 4961 1453 5018 mado
1468 4962 1910 5034 propterenmconstatfieri,sel

262 5050 399 5110 immerito
423 5049 571 5122 suspirans,
610 5052 685 5118 illisi,
709 5051 806 5123 iuquit,
840 5052 984 5110 odboerere
1006 5057 1059 5112 lieo
1114 5067 1164 5124 per
1191 5049 1276 5106 euml
1292 5049 1451 5106 Deusenim
1473 5057 1515 5106 est
1539 5050 1585 5123 qni
1600 5060 1729 5125 operatur
1751 5052 1778 5108 in
1795 5053 1911 5110 vobiset

262 5142 366 5202 donam
383 5147 426 5199 eat
440 5141 528 5214 (Psoi.
544 5155 632 5207 nxxtr,
647 5141 703 5212 ιθ).
718 5143 757 5198 lta
772 5154 840 5212 orgo
855 5141 976 5212 absorpti
998 5149 1061 5198 sunt
1115 5139 1183 5198 velle
1194 5137 1375 5211 etperfieere,
1386 5155 1436 5212 pro
1447 5140 1910 5216 bonavoluntste(l’lsils'pp.mlit-

261 5234 347 5304 jnocti
360 5234 447 5288 l’etree
456 5230 562 5303 judices
571 5245 675 5287 eornm.
687 5229 910 5288 Olamiliaritatis
923 5230 1037 5306 gratiam
1050 5230 1056 5286 l
1114 5231 1174 5301 lpse
1197 5244 1264 5298 ergo
1280 5233 1383 5298 auctor,
1395 5229 1453 5300 ipse
1469 5237 1658 5286 remunerator
1668 5230 1770 5302 operis,
1783 5231 1852 5301 ipse
1875 5245 1912 5287 re·

263 5320 401 5377 obouoris
415 5319 523 5376 culmen
535 5319 576 5375 to
591 5317 697 5374 buada
711 5317 901 5394 privilegium!
919 5335 935 5374 o
955 5334 1058 5392 praero-
1114 5317 1266 5376 muneratio
1281 5325 1354 5374 tota:
1370 5323 1401 5372 ut
1415 5333 1549 5374 summurn
1564 5317 1631 5374 illud
1643 5318 1757 5386 bonnm,
1772 5322 1861 5391 cujus
1879 5319 1912 5373 ui·

262 5408 377 5480 gatiram
391 5408 544 5464 securitatis
556 5405 705 5480 perlecta!
1113 5408 1211 5464 mirum
1226 5413 1279 5462 tam
1294 5405 1416 5478 perlecta
1429 5414 1471 5462 est
1481 5406 1639 5478 simplicitas
1648 5408 1678 5462 in
1688 5408 1802 5480 seipso,
1815 5410 1912 5482 duplex

300 5500 343 5552 li.
357 5495 428 5563 Quid
441 5497 514 5553 enirn
535 5504 589 5555 tam
610 5497 775 5570 pavendum,
800 5495 865 5568 quid
880 5503 934 5553 tam
949 5497 1057 5570 plenum
1113 5495 1313 5572 quodammodo
1349 5494 1471 5552 videatur
1498 5495 1527 5552 ia
1551 5495 1634 5553 nobis
1655 5511 1738 5555 causa
1761 5497 1907 5556 bonorum.

261 5584 415 5652 anxietatis,
427 5593 456 5642 et
478 5588 723 5644 vehementissima
742 5583 930 5643 solicitudinis
950 5588 1059 5662 excogi-
1113 5585 1237 5645 ellectirs
1251 5583 1363 5650 scilicet,
1379 5589 1408 5640 et
1430 5583 1528 5642 linaiis.
1543 5585 1617 5642 Bene
1631 5599 1708 5660 ergo,
1729 5585 1906 5644 dilectissimi.

261 5673 311 5732 tari
326 5679 427 5744 potest,
442 5688 524 5746 quaro
536 5673 712 5745 judicandam
736 5681 825 5731 astare
848 5673 886 5731 illi
908 5681 966 5732 tart
979 5675 1059 5733 terri·
1113 5674 1187 5750 quod
1207 5675 1236 5732 in
1249 5673 1291 5732 bis
1313 5671 1440 5732 omuibus
1462 5681 1516 5732 ῑιιιι
1535 5675 1625 5734 multis
1647 5675 1788 5735 laboribus
1813 5675 1908 5734 vestus
