4150 6348
294 441 347 502 50³
755 436 783 497 S·
793 433 961 498 salutant
979 433 1118 496 avallis
1131 429 1446 494 calamistratas
1887 427 1940 489 sot

294 565 376 623 lemni
390 563 483 622 lautia
507 571 559 637 est,
575 563 622 638 qui
637 570 762 623 statutam
780 564 883 638 vigilie
897 561 1088 621 abstinentiam
1103 558 1229 654 noemi-i
1256 558 1297 615 llli
1324 571 1433 615 sensum
1457 553 1559 613 letitiae
1577 561 1675 612 natura
1684 552 1811 627 negavit:
1830 553 1896 612 huia
1915 554 1940 610 si

293 670 349 713 non
366 655 504 711 observat.
528 654 622 721 Plano,
647 655 767 728 inquam,
795 654 819 710 si
849 653 940 710 renuis
966 651 1088 726 affligere
1142 649 1206 724 qnid
1221 646 1357 721 premier,
1372 644 1500 720 gaudium
1511 659 1592 701 omne
1605 642 1777 713 exterminat,
1788 641 1941 716 ingeritque

293 745 408 801 animam
423 748 497 800 tuam
511 743 540 800 in
567 743 670 820 vigilia,
684 744 812 817 indignus
832 743 894 813 jure
909 741 1028 800 censeris
1044 757 1088 797 re·
1142 737 1277 794 dolorem.
1295 755 1307 787 a
1324 736 1446 803 Amator,
1468 753 1482 786 a
1499 735 1546 805 ait,
1563 739 1768 801 stnussemper
1781 731 1832 798 lui,
1850 741 1877 788 et
1890 735 1941 788 de-

294 833 357 907 quie
370 840 398 890 et
420 832 599 890 exsultatione
627 833 732 892 iestiva.
749 833 796 890 Est
810 840 902 889 autem
929 832 1088 888 universum
1143 825 1270 884 sideravit
1283 824 1405 896 amplecti
1430 831 1467 879 ts.
1488 843 1502 876 a
1522 821 1643 891 Fratres,
1668 819 1741 892 ignis
1755 820 1865 877 vibrans
1885 829 1938 890 est,

295 921 435 996 praesentis
454 922 619 996 paenitentias
648 931 762 994 tempus,
787 920 882 994 vigilia
905 919 1029 994 qnaedam
1044 933 1089 974 so-
1142 929 1198 971 non
1211 914 1305 988 lingua
1330 915 1457 984 loquens:
1486 920 1513 968 et
1535 911 1559 967 si
1585 910 1687 986 lingua,
1707 913 1782 968 certe
1795 909 1938 983 ignavem

294 1011 438 1070 lemnitatis
465 1029 582 1089 magnae,
597 1021 625 1068 et
639 1013 732 1069 aterni
744 1009 900 1067 sabbatismi
913 1026 993 1082 quem
1016 1023 1088 1080 proe·
1144 1006 1281 1063 Carbones
1290 1010 1354 1061 aunt
1367 1003 1438 1077 ignis
1448 1002 1531 1073 illius,
1551 1015 1635 1075 quem
1649 1001 1682 1057 de
1695 1000 1803 1057 excelso
1816 1000 1939 1058 Christus

300 1102 442 1163 ttolamnr.
457 1103 684 1160 Nec'causaberis
697 1101 816 1176 vigiliam
830 1099 990 1172 longiorem,
1010 1100 1032 1154 si
1048 1113 1090 1153 me
1143 1095 1254 1151 miserat
1277 1093 1305 1149 in
1322 1094 1430 1150 ossibus
1446 1093 1514 1164 ejus.
1538 1095 1628 1165 atque
1655 1089 1757 1146 aunam
1785 1089 1939 1148 desolatorii

300 1190 455 1248 temitatem
477 1190 627 1248 festivitatis
655 1191 786 1247 attendas.
802 1189 876 1247 Licet
900 1189 972 1244 enim
991 1187 1090 1244 babere
1144 1187 1223 1243 nobis
1254 1184 1318 1250 sint,
1332 1191 1521 1240 consumentes
1535 1189 1562 1238 et
1582 1189 1729 1238 exurentes
1755 1179 1886 1255 quidquid
1911 1180 1939 1236 in

296 1280 522 1350 preparationem
552 1279 658 1336 soleant
676 1277 807 1335 solemnia
829 1277 925 1334 diuma
939 1276 1087 1332 diurnam:
1143 1275 1225 1331 nobis
1236 1283 1277 1330 εει
1290 1272 1407 1331 carnalis
1421 1269 1587 1328 anecuonist
1603 1269 1703 1340 Quales
1721 1269 1792 1326 enim
1811 1269 1940 1326 scintillae

295 1367 415 1424 iliacum
429 1379 529 1425 oetema
548 1368 593 1438 sit,
609 1383 664 1424 non
681 1366 764 1442 exigit
779 1377 867 1423 tamen
882 1375 1020 1423 aeternam.
1036 1365 1090 1422 Sed
1144 1373 1207 1422 sunt
1219 1365 1289 1433 istae,
1312 1371 1388 1418 anta
1408 1364 1510 1434 quanto
1524 1360 1643 1417 interiori
1666 1358 1790 1416 incendio
1810 1358 1940 1418 micanti

297 1473 351 1531 quo
365 1471 415 1514 nos
441 1456 510 1529 rapit
522 1457 668 1526 iucundior
683 1457 755 1513 illius
776 1455 906 1514 memoria
931 1455 1089 1511 felicitatis?
1181 1457 1207 1509 t.
1223 1452 1317 1524 Plane,
1333 1452 1411 1508 beate
1434 1449 1551 1519 andrea,
1568 1463 1684 1524 granum
1703 1447 1803 1519 sinapis
1816 1453 1858 1504 est
1871 1447 1941 1504 tides

296 1547 354 1605 lloo
367 1547 441 1605 enim
453 1549 565 1606 nomine
579 1556 606 1604 et
628 1547 738 1619 saepius.
756 1553 783 1602 ει
805 1545 872 1601 iorte
882 1544 993 1621 dignius
1005 1544 1092 1601 nomi·
1145 1549 1201 1612 trra,
1220 1558 1281 1615 quat
1295 1549 1349 1597 mm
1376 1541 1566 1611 insuperatam,
1581 1538 1628 1595 ubi
1642 1537 1692 1592 teri
1706 1537 1797 1608 caepit,
1813 1537 1896 1610 caepit
1908 1553 1940 1592 ex

295 1645 374 1694 natur
386 1637 431 1692 illa
443 1635 586 1694 festivitas.
600 1636 782 1694 Redeuudum
796 1634 875 1691 nobis
885 1635 966 1692 estad
983 1633 1009 1689 id
1018 1634 1091 1707 quod
1145 1645 1175 1686 se
1190 1631 1313 1702 prolerre
1328 1628 1477 1686 fervorem.
1494 1626 1566 1698 Quid
1579 1627 1602 1683 si
1617 1626 1699 1698 paulo
1712 1626 1825 1700 amplius
1835 1633 1941 1683 terere-

294 1741 352 1798 prae
364 1724 489 1781 manibus
503 1733 557 1785 εει.
1145 1722 1209 1776 turi
1235 1717 1303 1788 Quis
1326 1716 1461 1775 servorem
1489 1715 1565 1774 illum
1587 1715 1703 1782 animus,
1717 1717 1778 1789 quis
1798 1715 1882 1772 verba
1894 1715 1941 1771 illa

333 1811 484 1874 10503.
502 1813 630 1871 llodieroi
644 1813 734 1886 itaque
753 1812 861 1885 jejunii,
890 1813 990 1883 atejus
1009 1825 1089 1884 quam
1143 1809 1277 1865 sustinere
1301 1816 1392 1880 posset
1407 1805 1532 1864 auditus?
1547 1805 1617 1861 Dum
1632 1804 1705 1862 enim
1719 1804 1808 1860 minus
1822 1805 1941 1860 minare·

294 1906 481 1974 prestolamur
494 1902 672 1960 solemnitatis
689 1901 714 1958 ei
729 1902 839 1971 laetitiae,
862 1908 998 1959 causaest
1012 1901 1089 1956 beata
1145 1905 1188 1954 tur
1207 1897 1316 1971 AEgeas,
1331 1895 1418 1951 adhuc
1434 1909 1548 1967 granum
1568 1894 1673 1966 sinapis
1688 1891 1847 1964 despicabile
1860 1893 1940 1948 vide-

295 1995 389 2065 passio
402 1992 521 2049 Andreae
532 1991 660 2064 apostoli.
673 1991 792 2067 Dignum
807 1999 848 2047 est
860 1990 1010 2056 enimut‚si
1026 2005 1088 2046 cum
1106 1968 1128 2046 Β
1145 1986 1235 2044 batur.
1259 1987 1396 2058 integrum
1410 1994 1479 2053 erat,
1495 1981 1680 2040 nesciebamus
1694 1981 1758 2054 qnid
1772 1980 1845 2037 intus
1871 1980 1940 2037 late·

296 2097 329 2138 eo
344 2080 462 2155 pendere
489 2094 545 2136 non
565 2093 720 2149 possumus,
736 2093 798 2136 cum
813 2093 847 2135 eo
861 2077 905 2134 vel
924 2077 1089 2148 ieiunemus.
1146 2083 1197 2133 ret.
1213 2093 1227 2127 s
1243 2073 1385 2143 Dominus,
1402 2093 1414 2124 s
1431 2071 1529 2145 inquit,
1552 2086 1625 2128 ame
1644 2070 1718 2127 misit
1733 2070 1768 2126 sd
1780 2069 1859 2126 istam
1879 2085 1941 2142 pro-

294 2171 365 2226 Nam
380 2177 408 2226 et
420 2169 511 2242 ipsum
525 2183 588 2226 oum
604 2168 686 2224 biduo
706 2169 837 2238 penderet
863 2167 891 2223 in
906 2181 998 2236 cruce,
1013 2166 1093 2223 etiam
1146 2163 1273 2233 vinciam,
1288 2162 1314 2217 iu
1329 2177 1446 2236 qnanon
1461 2175 1573 2233 parvum
1585 2161 1610 2216 ei
1625 2159 1755 2232 populum
1768 2159 1908 2231 acquisivi.
1925 2179 1937 2210 s

291 2258 432 2329 jejunasse
459 2256 520 2326 quis
544 2256 671 2313 dubitati
700 2254 873 2312 Inveniemur
899 2270 966 2329 ergo
994 2256 1036 2312 vel
1063 2255 1092 2311 in
1146 2252 1265 2309 Accedat
1282 2250 1502 2307 comminationis
1517 2248 1661 2322 pistillum3
1676 2249 1758 2322 longe
1772 2249 1829 2319 jam
1851 2248 1940 2305 acrius

295 2343 395 2414 exiguo
409 2343 639 2400 communicantes
651 2343 775 2414 passioni
784 2344 855 2413 ejus,
869 2354 897 2399 et
910 2341 933 2398 si
947 2357 1001 2398 non
1011 2343 1091 2398 simul
1145 2341 1230 2413 sapiet
1265 2337 1485 2411 constantiusque
1525 2339 1659 2410 loquetur.
1685 2337 1852 2394 Terrendum
1879 2351 1939 2392 enm

293 2430 370 2488 ailixi
388 2432 521 2504 patibulo,
536 2431 618 2488 simrrl
643 2431 737 2488 aiilicti
760 2431 884 2503 jejunio:
903 2439 933 2487 ut
947 2431 1092 2488 miserante
1146 2438 1221 2503 putat
1251 2430 1359 2504 AEgeas,
1379 2429 1466 2486 crucis
1480 2427 1638 2499 supplicium
1653 2427 1795 2498 minitans;
1823 2427 1940 2483 sednon

293 2521 446 2578 Decetiam
461 2534 571 2576 corone
593 2520 740 2594 perficipes
766 2520 865 2587 simus;
881 2522 949 2577 etin
964 2521 1091 2593 praesenti
1147 2529 1188 2576 est
1207 2518 1253 2576 ita.
1283 2516 1447 2574 Accenditur
1468 2516 1556 2589 magis
1577 2516 1603 2570 in
1619 2516 1778 2586 verbohoc,
1808 2525 1835 2572 et
1860 2515 1941 2572 libere

293 2623 404 2680 quoque
413 2607 594 2681 spiritualium
605 2609 671 2666 socii
679 2606 1006 2684 gaudiorum.Quomodo
1020 2609 1092 2665 enim
1146 2608 1256 2664 clamat:
1286 2607 1344 2681 ligo
1373 2605 1396 2661 si
1424 2605 1574 2678 patibulum
1606 2605 1696 2662 mucis
1727 2617 1940 2675 expavescerem,

293 2712 349 2753 nou
363 2694 534 2754 exsultemus
555 2697 583 2753 in
599 2696 728 2754 memoria
742 2697 871 2769 triumphi
885 2698 954 2768 ejus,
970 2712 1049 2768 quem
1064 2696 1092 2752 in
1146 2696 1235 2752 crucis
1247 2694 1363 2768 gloriam
1381 2708 1437 2750 non
1452 2693 1637 2766 praedicarem.
1659 2710 1673 2747 a
1689 2697 1724 2750 tt
1746 2691 1793 2749 ubi
1817 2703 1941 2764 paratum

294 2785 355 2856 ipsa
373 2785 416 2840 sui
441 2785 587 2856 praesentia
600 2785 726 2855 supplicii
750 2795 806 2841 mm
825 2787 997 2842 vehementer
1010 2785 1092 2841 novi·
1146 2783 1198 2839 sibi
1224 2784 1328 2855 lignum
1360 2782 1472 2838 intuitus
1499 2792 1551 2852 est,
1575 2797 1609 2838 ex
1624 2783 1676 2840 boc
1692 2783 1748 2852 jam
1771 2781 1851 2853 plane
1869 2789 1943 2837 totus

296 2889 358 2928 mus
372 2873 531 2930 exultasse?
545 2877 588 2931 An
607 2889 662 2930 non
686 2874 736 2929 erit
762 2875 822 2929 laeta
836 2873 974 2944 festivitas,
995 2873 1042 2930 ubi
1065 2881 1093 2929 ει
1145 2872 1289 2948 ignescens
1316 2871 1504 2944 applaudebat,
1529 2878 1556 2928 ει
1581 2872 1769 2929 blandiebatur
1788 2871 1829 2927 illi
1848 2882 1942 2928 amata

294 2977 361 3019 crux
387 2961 446 3032 ipsa
473 2963 554 3031 plena
576 2968 618 3017 εει
630 2959 750 3033 gaudio?
774 2960 912 3033 Siquidem
925 2973 951 3020 et
966 2963 1091 3019 festivum
1146 2978 1223 3019 suae:
1244 2961 1442 3020 officiosissime
1456 2962 1597 3031 salutabat,
1613 2961 1787 3018 devotissime
1812 2960 1942 3032 suscipie-

295 3049 416 3107 solemus
440 3048 578 3105 nominare
601 3048 674 3119 truod
698 3049 791 3105 laetum
808 3058 863 3117 est;
880 3059 907 3105 et
921 3067 1093 3107 eruxacru·
1147 3053 1192 3107 bat
1219 3050 1312 3124 [alica
1342 3048 1689 3124 suspiciebnt13magniiice
1711 3048 1850 3105 attollebat
1871 3064 1940 3118 eam,

296 3137 368 3195 ciatu
391 3137 485 3210 ntique
502 3137 611 3208 dicitur,
638 3147 685 3194 aut
705 3145 778 3196 certe
804 3139 939 3196 cruciatus
964 3157 980 3195 a
1002 3155 1102 3210 cruce,
1147 3147 1175 3195 et
1196 3139 1224 3194 in
1246 3139 1331 3210 ipsius
1355 3139 1490 3208 preconio
1518 3138 1693 3212 gloriabatur,
1717 3138 1836 3194 clamans
1854 3137 1942 3210 magis

295 3226 402 3296 Quanta
427 3225 541 3298 proinde
567 3225 747 3284 exsultatione
770 3227 904 3286 universae
927 3234 1006 3284 terrae
1020 3229 1093 3284 cele·
1147 3229 1293 3286 allectione
1306 3243 1387 3300 quam
1401 3243 1481 3284 voce:
1506 3228 1628 3298 «Salve,
1644 3243 1709 3284 cmx
1729 3227 1856 3299 pretiose,
1881 3242 1943 3298 quse

296 3315 429 3371 beandum
448 3321 530 3371 tames
548 3317 677 3373 novitatis
690 3315 864 3381 miraculum,
890 3324 942 3372 mm
965 3315 1093 3390 magnifi-
1147 3317 1272 3374 decorem
1297 3323 1326 3372 et
1350 3315 1575 3388 pulchritudinem
1597 3316 1633 3372 de
1652 3314 1780 3372 membris
1796 3314 1944 3372 Dominicis

296 3419 357 3462 cum
374 3419 444 3476 opus
457 3403 556 3462 divinae
566 3404 828 3463 virtutisidndreas
841 3406 923 3462 bomo
943 3413 1001 3462 erat
1014 3405 1093 3462 simi·
1109 3360 1132 3439 c
1147 3405 1291 3476 accepisti!
1308 3405 1395 3470 Salve,
1412 3419 1477 3461 cmx
1502 3420 1563 3476 que
1575 3405 1603 3460 in
1619 3417 1733 3476 corpore
1746 3404 1844 3460 Ghdsti
1860 3403 1939 3458 dedi-

296 3493 329 3548 lis
347 3494 438 3565 nobis,
452 3493 599 3565 passibilis,
609 3501 637 3550 et
661 3503 716 3550 tam
742 3495 893 3551 vebementi
918 3495 1015 3552 ardore
1038 3495 1093 3567 spi·
1146 3503 1206 3550 cata
1233 3501 1286 3562 est,
1315 3502 1342 3552 et
1368 3509 1402 3548 ex
1416 3493 1546 3549 membris
1559 3493 1618 3563 eius
1632 3501 1763 3566 tanquam
1788 3492 1942 3566 margaritis

297 3582 365 3637 ritns
381 3595 488 3638 crucem
502 3582 626 3654 sitiebat,
641 3589 695 3640 taur
712 3583 833 3640 inaudito
848 3581 980 3640 saeculis
994 3583 1093 3656 gaudio
1148 3581 1255 3638 ornatal
1285 3602 1298 3636 s
1325 3582 1420 3638 llerito
1440 3582 1552 3653 proinde
1579 3582 1666 3640 crucis
1684 3591 1834 3638 amatorem
1857 3596 1941 3639 vene·

297 3670 470 3740 tripudiabat,
502 3687 563 3728 curn
590 3682 715 3744 paratum
738 3672 791 3728 sibi
814 3671 921 3728 eminus
940 3672 1092 3745 patibulum
1147 3671 1406 3745 ranturquicunque
1422 3671 1569 3728 suntservi
1583 3671 1684 3728 crucis:
1709 3671 1756 3726 sed
1770 3671 1804 3726 ab
1824 3670 1868 3726 bis
1888 3685 1945 3724 am·

297 3758 503 3830 conspexisset.
519 3777 532 3813 a
554 3759 577 3816 0
598 3776 675 3826 crux,
704 3760 834 3833 sinquit,
855 3780 867 3813 a
885 3761 930 3817 diu
944 3761 1095 3817 desiderata
1149 3758 1262 3831 pliorem
1272 3760 1333 3829 jure
1358 3758 1529 3815 devotionem
1543 3758 1637 3834 exigit,
1654 3758 1701 3832 qni
1715 3757 1861 3829 specialius
1875 3772 1943 3831 pro-

297 3857 324 3903 et
338 3847 395 3917 iam
410 3847 612 3918 concupiscenti
638 3849 729 3906 animo
747 3849 916 3922 praeparata!
939 3865 1052 3908 securus
1067 3856 1095 3906 et
1148 3857 1296 3920 posuerunt
1323 3849 1418 3905 tollere
1446 3863 1556 3905 crucem
1585 3865 1670 3905 suam.
1696 3848 1779 3904 Vobis
1805 3849 1855 3906 boc
1869 3854 1896 3904 et
1910 3847 1944 3904 de

297 3936 418 4008 mudena
436 3937 517 3993 venio
537 3939 570 3992 ad
585 3945 623 4004 te,
638 3937 674 3994 ita
688 3947 755 3995 utet
768 3947 797 3995 tu
812 3940 951 3996 exsultans
964 3939 1096 4009 suscipias
1147 3937 1227 3994 vobis
1240 3938 1313 4007 dico,
1330 3938 1425 3994 iratres
1439 3937 1505 4003 mei,
1521 3937 1568 4011 qui
1583 3952 1637 3994 non
1651 3937 1733 3993 surda
1747 3952 1810 3993 aure
1834 3937 1945 3993 eudbtis

297 4023 427 4097 medii).
439 4044 452 4078 a
464 4024 567 4082 Videtis
574 4025 637 4098 quia
648 4041 703 4084 non
718 4043 748 4083 se
758 4028 831 4100 capit
840 4043 896 4100 prae
910 4026 1095 4100 magnitudine
1147 4027 1220 4082 illam
1233 4027 1417 4102 evangelicam
1431 4027 1537 4085 tubam:
1558 4027 1683 4097 Quietus
1705 4027 1815 4100 bajulat
1833 4041 1945 4084 cracem

297 4111 401 4184 madii,
431 4134 443 4163 a
460 4112 510 4178 lta,
530 4135 541 4163 ι
559 4113 658 4181 inquit.
684 4125 744 4170 aut
757 4123 784 4170 et
805 4123 833 4170 tu
848 4117 995 4172 exsultans.
1013 4137 1025 4166 s
1043 4113 1094 4170 lir-
1148 4131 1240 4183 raom,
1252 4121 1282 4173 ει
1290 4119 1418 4190 sequitur
1431 4131 1486 4182 nae,
1502 4131 1560 4174 nort
1571 4119 1665 4189 potest
1692 4129 1771 4172 moes
1785 4130 1844 4173 csse
1857 4115 1946 4172 disei-

297 4213 369 4273 gone
396 4207 523 4256 tantaest
544 4202 698 4272 exsolutio,
723 4213 754 4259 ut
769 4203 997 4273 exsultetetipsa
1016 4219 1092 4271 crux,
1148 4206 1235 4277 palca
1245 4206 1323 4274 (doc.
1337 4219 1396 4271 xxv,
1413 4205 1571 4276 extrario
1584 4212 1670 4261 estote
1688 4210 1770 4260 totam
1787 4204 1871 4261 animi
1886 4203 1948 4259 dili·
2032 4231 2037 4242 ·

297 4301 349 4344 nec
366 4285 584 4362 laetiquidquam
600 4291 707 4356 babeat,
725 4292 775 4346 sed
805 4297 891 4348 totum
917 4292 1016 4349 laetitia
1035 4291 1094 4348 siti
1149 4292 1341 4366 gentiamlruic
1355 4291 1483 4349 adbibere
1503 4292 1675 4362 solemnitati,
1695 4292 1820 4349 etcorde
1846 4307 1947 4364 magno

297 4375 357 4449 Aut}
371 4377 434 4450 quis
461 4377 534 4434 dicat
552 4379 642 4434 miuus
656 4391 749 4436 contra
762 4381 995 4451 consuetudinem,
1010 4395 1095 4452 supra
1149 4382 1286 4436 celebrare
1311 4396 1386 4453 eam3
1403 4379 1465 4451 quia
1489 4397 1605 4456 magnus
1619 4380 1730 4438 omnino
1754 4379 1948 4439 consolationis

297 4466 440 4532 rationem,
458 4466 528 4522 ultra
549 4477 685 4533 naturam,
715 4484 825 4538 erucem
853 4469 997 4537 exsultare,
1011 4484 1094 4538 quarn
1150 4469 1251 4542 pariter
1275 4478 1302 4526 et
1322 4470 1515 4527 exhortationis
1535 4472 1678 4526 thesaurus
1705 4470 1783 4527 vobis
1808 4467 1948 4541 repositus

297 4552 458 4612 crucifixum
473 4554 568 4629 [olion
586 4555 747 4614 crucifixum
774 4557 909 4614 exsultare
927 4574 1009 4630 quam
1033 4573 1095 4615 cru·
1149 4557 1232 4615 estin
1246 4574 1288 4628 ea,
1304 4559 1326 4614 si
1342 4558 1425 4614 inerit
1437 4558 1484 4631 qui
1496 4557 1582 4615 iodiat
1596 4569 1623 4616 ει
1636 4566 1781 4616 scrutetur.

799 4661 836 4724 tlt
861 4660 982 4726 FESTO
1006 4660 1039 4726 S.
1065 4661 1239 4727 ANbRaAE
1261 4659 1450 4726 aposloli

555 4739 671 4801 1000
685 4745 801 4802 sanato
816 4746 837 4801 l.
1110 4747 1221 4848 nquod
1249 4747 1370 4804 Salvator
1397 4761 1504 4802 crucem
1526 4745 1651 4815 bajulam
1676 4744 1852 4817 sequentibus
1873 4763 1903 4804 ae
1922 4755 1950 4802 et

298 4848 339 4904 p,
356 4849 608 4922 mmm-gp„
622 4853 817 4927 Mum„
831 4855 947 4911 sangi„
965 4854 1095 4922 margi„
1149 4835 1371 4909 lugentibusait:
1388 4835 1646 4907 liliaelerasolem,
1662 4835 1751 4893 nolite
1773 4835 1844 4906 Ῑῖεεε
1862 4851 1950 4910 super

351 4920 481 4989 flamine,
491 4927 625 4995 ctatsprto
643 4921 772 4996 [otiando
783 4924 1044 4998 duodispt'sct'dasl
1148 4939 1203 4991 otc,
1219 4925 1362 4998 aedauper
1383 4927 1514 4998 vosipsos
1527 4925 1594 4994 flete
1608 4923 1684 4994 (bac.
1696 4939 1772 4994 ratu,
1794 4927 1849 4994 28).
1864 4923 1950 4980 Deni-

335 5010 362 5062 l.
391 5008 563 5066 celebrantes
589 5010 673 5066 hodie
701 5011 852 5084 gloriosum
877 5013 949 5069 beati
978 5014 1094 5069 Andreae
1148 5028 1201 5084 qne
1215 5028 1276 5070 eum
1291 5014 1436 5069 duoeretur
1449 5011 1509 5084 ipse
1527 5015 1620 5069 beatus
1632 5013 1755 5069 Andreas
1780 5013 1813 5069 ad
1826 5029 1947 5082 crucem,

299 5093 475 5167 triumphum,
491 5100 518 5153 in
545 5099 636 5154 verbis
657 5098 761 5173 gratiae,
777 5115 840 5172 qum
854 5100 1036 5174 procedebant
1060 5102 1094 5158 de
1148 5101 1266 5172 populns
1280 5101 1326 5174 qui
1338 5112 1462 5158 sanctum
1475 5109 1502 5158 ει
1513 5102 1617 5172 justum
1630 5100 1736 5158 dolebat
1754 5101 1855 5173 iniuste
1874 5102 1949 5157 dam-

297 5199 347 5240 ore
367 5184 428 5255 eius
460 5187 657 5244 exsultavimus
680 5196 707 5244 et
734 5189 860 5246 delectati
881 5191 1094 5265 samuelisque
1148 5191 1219 5262 nari,
1236 5190 1380 5263 prohibere
1394 5187 1480 5246 voluit
1502 5191 1705 5262 nepuniretur:
1721 5191 1769 5248 sed
1785 5191 1875 5266 magis
1889 5190 1949 5263 ipse

297 5274 370 5331 enim
384 5275 460 5331 locus
475 5283 578 5346 poterat
594 5292 654 5333 esse
668 5277 795 5344 tristitiae,
812 5279 859 5336 ubi
872 5285 926 5334 tam
952 5281 1096 5337 vehemen-
1147 5279 1341 5340 instantissima
1356 5293 1436 5351 prece
1451 5280 1590 5351 prohibuit
1607 5295 1664 5349 eos,
1689 5295 1723 5338 ne
1738 5296 1792 5338 non
1802 5297 1948 5339 coronare·

297 5370 338 5418 ter
351 5363 493 5420 letabatur
507 5375 535 5420 et
548 5367 617 5436 ipse.
633 5366 721 5423 Nemo
736 5383 770 5423 ex
786 5367 865 5424 nobis
875 5383 1035 5440 eompassus
1053 5378 1095 5425 est
1149 5377 1202 5436 tur,
1223 5370 1277 5425 imo
1301 5384 1335 5425 ne
1354 5382 1408 5426 non
1431 5377 1576 5439 pateretur.
1605 5369 1783 5427 Desiderabst
1814 5371 1948 5443 siqnidem

297 5451 337 5508 sic
350 5453 475 5523 patienti;
497 5469 578 5512 nemo
601 5471 684 5511 ausus
697 5466 738 5511 est
759 5458 891 5530 plangere
905 5455 1092 5514 exsultantem.
1149 5458 1271 5527 dissolvi,
1290 5465 1318 5514 et
1340 5473 1401 5514 cum
1420 5457 1526 5513 Christo
1544 5473 1615 5526 esse,
1631 5459 1679 5516 sed
1698 5459 1725 5515 iu
1753 5475 1843 5529 cruce,
1869 5475 1949 5534 quam

295 5538 460 5611 Alioquinet
474 5541 552 5598 nobis
565 5543 625 5616 ipse
639 5559 694 5600 non
713 5543 861 5618 incongrue
874 5545 965 5604 dicere
977 5553 1094 5618 poterat,
1149 5562 1256 5617 semper
1273 5553 1427 5616 amaverat;
1451 5546 1620 5605 desiderabat
1635 5563 1746 5621 regnum
1762 5549 1873 5614 intrare,
1900 5549 1950 5603 sed

330 5645 386 5714 (il)
415 5647 477 5727 llaec
497 5649 580 5732 relata
611 5665 643 5731 ex
671 5651 758 5706 sancti
782 5653 898 5708 Andreae
925 5653 1003 5720 actis,
1034 5669 1095 5725 quae
1148 5669 1233 5711 annos
1247 5663 1398 5728 nongentos
1426 5654 1523 5710 Beatus
1547 5655 1631 5711 abbas
1649 5655 1850 5729 Hispanussub
1864 5653 1948 5712 tinem

295 5715 462 5788 presbyteras
473 5719 755 5790 Acbaraetnbuuntur,
765 5738 881 5793 qnorum
893 5725 1016 5781 meminit
1032 5733 1094 5782 anm
1150 5725 1211 5782 libri
1225 5738 1320 5782 contra
1330 5725 1502 5798 lilipandum,
1514 5725 1585 5784 haud
1601 5727 1658 5784 scio
1669 5743 1704 5784 an
1714 5727 1785 5784 ullus
1796 5735 1859 5785 ante
1873 5743 1948 5784 eum.
