4150 6348
182 427 235 489 585
793 419 968 484 sennense
985 421 1027 482 ml
1046 419 1205 484 owenus.
1774 422 1828 484 586

174 541 247 626 ‘quin
263 547 440 625 singulorum
454 547 572 620 creuerit
585 541 694 623 linguis,
711 540 739 604 ei
751 547 829 623 qnasi
841 549 900 620 jam
913 561 978 620 pro·
996 561 1020 640 st
1038 546 1122 616 citas;
1147 547 1194 604 sed
1209 546 1236 602 in
1263 547 1314 604 hae
1327 551 1404 620 parte
1420 528 1556 622 serpentis
1579 563 1689 624 quoque
1702 547 1828 624 astutiam

183 645 279 698 vectus
294 638 427 696 referatur
439 637 472 694 ad
491 653 562 703 enm,
577 635 613 692 ad
627 637 706 708 cuius
716 644 821 710 spectat
835 635 977 703 offensam,
1036 649 1091 692 nou
1107 635 1224 692 omittas.
1244 634 1329 691 llario
1356 651 1391 691 ne
1418 633 1565 706 angelicum
1590 637 1702 710 quidem
1715 639 1826 696 verbum

182 729 279 801 ltaque
299 727 530 786 scandalizabatur
546 721 669 796 audiens,
685 733 712 784 et
734 727 869 796 tabeaeet;
895 739 983 796 enque
1037 725 1096 781 sine
1118 723 1288 782 discussione
1311 723 1481 795 praeteriens,
1499 725 1637 799 copitnbot
1655 725 1830 801 qacltsesss't

185 818 294 876 facilius
314 817 499 890 exstinguetur
522 815 552 870 in
574 831 607 872 eo
629 814 758 884 charitas,
787 831 842 890 quo
866 812 983 886 amplius
1037 817 1094 872 istc
1117 813 1255 872 salutatio
1270 811 1347 884 (luc.
1364 829 1384 881 r,
1404 811 1460 884 ιι).
1477 813 1517 868 Tu
1532 827 1648 886 quoque,
1666 816 1713 888 qui
1729 815 1830 874 crebris

186 919 251 964 ante
263 907 356 964 viuere
374 904 527 962 uidebatur.
543 905 574 962 Si
586 904 732 972 inimicus,
743 904 789 975 ait,
800 903 982 961 mecsmole-
1038 901 1136 957 saltem
1164 899 1358 973 experimentis
1385 899 1505 957 solerter
1534 901 1682 970 advertisti,
1700 915 1829 976 quantum

186 995 601 1068 diciasetmihiuustinuissem
612 993 874 1066 eliquatissima,
888 989 985 1062 ll).Et
1037 998 1155 1047 noceant
1163 991 1256 1057 verba,
1269 1006 1322 1045 non
1331 988 1460 1060 desipies,
1468 988 1490 1044 si
1502 989 1635 1046 sollicitus
1643 991 1726 1046 fueris
1736 993 1832 1065 (quan-

186 1086 296 1159 quidem
313 1089 390 1154 caret
413 1079 466 1138 sibi
478 1082 597 1153 prudens
611 1081 737 1150 auditor;
752 1087 828 1138 cavet
841 1089 867 1138 et
881 1079 949 1152 ipse,
961 1079 985 1135 si
1038 1080 1183 1153 doquidem
1205 1078 1333 1134 interesse
1356 1093 1472 1134 necesse
1499 1084 1542 1134 est
1568 1078 1751 1152 collocutioni)
1776 1097 1832 1136 non

187 1189 242 1230 non
257 1171 367 1243 desipit,
383 1171 429 1243 qui
455 1171 507 1226 sibi
531 1171 637 1227 noverit
657 1185 718 1227 esse
739 1170 889 1226 detractum
905 1187 912 1224 a
927 1169 983 1240 ille,
1039 1170 1120 1225 modo
1135 1170 1174 1226 cri
1189 1167 1473 1240 circumspectionem,
1489 1167 1538 1224 sed
1550 1175 1576 1224 ιι
1587 1167 1647 1224 auri
1657 1167 1831 1225 nibilominus

187 1279 223 1319 ne
237 1277 344 1320 ueneno
360 1259 512 1332 inficiatur3
533 1259 594 1327 iste,
611 1275 644 1316 ne
659 1259 786 1316 scandalo
799 1259 985 1330 perturbetur.
1040 1258 1169 1315 adhibere
1183 1257 1329 1314 cautelam.
1345 1256 1405 1316 Non
1419 1257 1557 1312 miremini
1571 1257 1645 1330 quod
1660 1255 1722 1313 huie
1737 1258 1835 1332 gradui

188 1349 252 1420 Sed,
268 1349 343 1422 quod
357 1350 386 1404 in
400 1366 431 1405 sa
446 1355 497 1417 est,
513 1347 603 1404 tam'cn
617 1347 708 1420 lingua
723 1347 865 1418 maledica,
877 1347 986 1404 etillius
1040 1345 1239 1420 proficientium
1262 1345 1363 1402 diutius
1378 1347 1555 1402 immoremur
1572 1363 1578 1401 :
1594 1347 1687 1420 plures
1700 1347 1833 1420 siqnidem

189 1437 346 1512 percutiens
360 1437 564 1508 conscientiam,
589 1447 616 1494 et
629 1435 707 1494 istius
729 1437 875 1494 vulnerans
893 1434 986 1492 charl-
1040 1436 1112 1493 inter
1123 1434 1424 1506 nosproficientesesse
1438 1435 1584 1504 credimus,
1595 1452 1675 1509 quam
1686 1436 1833 1509 perlectos.

191 1535 284 1596 tatem,
307 1541 401 1584 secum
421 1525 522 1599 pariter
543 1533 691 1598 utrumqne
714 1524 837 1594 peremit.
858 1521 987 1594 Nunquid
1078 1527 1104 1580 ι.
1134 1524 1213 1580 Forte
1232 1533 1322 1579 tamen
1347 1524 1423 1580 nimii
1453 1525 1591 1581 videamur
1618 1525 1646 1579 in
1662 1525 1836 1600 sugillatione

191 1633 246 1673 non
260 1618 354 1688 uipera
366 1623 409 1672 ιιι
422 1615 516 1688 lingua
539 1613 616 1670 ista?
630 1611 809 1670 Feracissima
824 1610 902 1682 plane
917 1629 923 1665 :
941 1609 987 1664 ni·
1042 1614 1198 1671 verborum.
1216 1612 1270 1668 Sed
1284 1599 1446 1669 mementote
1460 1614 1586 1685 quoniam
1602 1614 1694 1688 lingua
1708 1621 1759 1684 est,
1776 1629 1837 1688 qua

192 1707 293 1762 rubum
313 1721 375 1778 quae
398 1713 455 1776 tam
478 1701 611 1760 lethaliter
628 1708 685 1758 tres
710 1699 812 1757 iniciat
833 1697 898 1758 llatn
922 1715 986 1768 uuo,
1042 1711 1135 1759 contra
1148 1701 1213 1761 uitia
1226 1699 1326 1776 lingua
1342 1701 1467 1775 loquitur,
1497 1703 1569 1758 utin
1599 1719 1631 1760 eo
1658 1705 1699 1760 uel
1721 1704 1837 1761 maxime

193 1794 390 1868 Nunquidnon
405 1793 498 1849 lancea
514 1789 989 1864 estistalingua‘ll’rofectoetacu-
1042 1790 1134 1848 haberi
1162 1789 1261 1847 debeat
1293 1801 1429 1860 excusata,
1461 1791 1534 1864 quod
1550 1807 1599 1849 uec
1623 1793 1675 1848 sibi
1690 1801 1793 1866 parcet,
1811 1802 1839 1850 et

193 1884 311 1952 tissima,
326 1899 388 1954 que
402 1892 457 1940 tres
471 1887 594 1954 penetrat
607 1880 663 1936 ictu
676 1893 743 1936 uno.
759 1880 878 1951 dicque,
889 1877 987 1951 inquil,
1005 1841 1172 1939 Baduersus
1187 1879 1298 1953 propria
1312 1894 1422 1953 qaoque
1437 1881 1478 1936 sui
1498 1879 1585 1952 ipsius
1600 1881 1721 1954 pericula
1736 1883 1838 1939 muniat

193 1971 415 2046 commutantes
429 1975 530 2028 acates
545 1969 631 2042 (Psoi.
647 1953 701 2039 uvi,
718 1967 757 2041 b).
771 1966 886 2024 Gladius
907 1967 987 2038 equi-
1043 1970 1192 2026 audientes.
1209 1969 1313 2027 Ventus
1328 1975 1370 2024 est
1398 1985 1498 2037 sermo,
1515 1969 1563 2024 sed
1591 1985 1647 2026 non
1672 1987 1781 2042 semper
1797 1981 1839 2028 est

193 2067 257 2118 dem
276 2075 385 2134 anceps,
401 2059 458 2117 imo
471 2059 572 2132 triceps
585 2066 628 2116 est
641 2057 736 2131 lingua
749 2057 921 2114 detractoris.
1043 2067 1141 2116 ventus
1152 2073 1246 2116 urens.
1261 2059 1359 2130 Surpc,
1368 2058 1463 2132 iuquit,
1475 2057 1590 2131 nquilm
1605 2063 1635 2116 et
1644 2062 1718 2131 oeni,
1731 2065 1839 2130 auster,

230 2155 257 2221 d,
268 2153 400 2208 Necuero
411 2147 545 2221 ejusmodi
555 2148 673 2222 linguam
683 2147 744 2220 ipso
758 2145 841 2204 etiam
849 2160 988 2208 mucrone.
1044 2149 1259 2222 perfinierim
1269 2149 1838 2219 mennaeiflocnlaromntna'tliuafdant.

193 2257 249 2315 quo
266 2239 435 2298 llominicum
448 2239 520 2296 latus
530 2237 686 2295 confossum
695 2247 744 2305 eat,
756 2236 936 2294 crudeliorem
949 2233 991 2289 di·
1044 2253 1081 2306 nv,
1112 2236 1167 2309 ld).
1196 2237 1244 2292 list
1266 2251 1376 2308 quoque
1391 2251 1489 2310 magna
1513 2236 1690 2294 nihilominus
1704 2238 1841 2296 sermonis

194 2345 258 2388 cers
271 2329 397 2388 venaris.
409 2325 485 2387 Fodit
498 2329 569 2384 euim
579 2327 638 2384 ιιι
647 2329 756 2400 quoque
766 2325 866 2382 Christi
879 2338 990 2394 eorpus,
1045 2326 1156 2395 utilitas,
1172 2333 1200 2381 et
1223 2324 1379 2396 frequenter
1401 2323 1428 2379 in
1443 2325 1537 2400 lingua
1550 2325 1655 2383 fructus
1670 2327 1839 2398 praetiosissi·

194 2426 223 2477 et
239 2420 394 2478 membrum
407 2418 441 2474 de
463 2417 605 2487 membr03
631 2430 680 2472 nec
691 2415 747 2486 jam
770 2413 895 2472 examine
914 2412 991 2481 fodit,
1047 2429 1107 2470 mus
1122 2413 1262 2486 reperitur.
1279 2414 1381 2485 Nempe
1394 2413 1460 2484 justi
1478 2414 1534 2470 vita
1549 2430 1582 2470 ex
1602 2413 1720 2483 fide'est,
1737 2416 1841 2472 etfldes

180 2507 246 2565 'sed
259 2507 324 2564 facit
339 2505 464 2564 examine
488 2505 628 2562 fodiendo.
642 2503 712 2576 lpsis
725 2518 835 2576 quoqne
851 2501 993 2558 nocentior
1046 2519 1080 2560 ex
1094 2503 1197 2571 auditu,
1213 2501 1321 2559 auditus
1334 2509 1421 2558 ιιιιιι
1436 2519 1485 2575 per
1497 2504 1613 2560 uerbum
1622 2503 1682 2560 Dei.
1698 2503 1842 2574 Quomodo

193 2605 236 2654 est
250 2595 346 2669 spinis,
359 2609 427 2669 quas
440 2593 480 2650 illi
493 2601 548 2649 tarn
563 2591 671 2650 sublimi
685 2593 766 2665 capiti
779 2590 855 2648 furor
867 2587 992 2646 militaria
1047 2593 1119 2651 enim
1133 2593 1207 2649 vivet
1230 2589 1300 2664 quis,
1321 2591 1374 2648 nisi
1396 2591 1568 2648 crediderit?
1589 2595 1727 2664 quomodo
1740 2594 1843 2666 credet,

193 2680 339 2758 imposuit,
356 2701 406 2740 san
424 2682 507 2739 etism
529 2681 612 2740 clavis
623 2680 738 2754 derasis,
762 2695 831 2752 quos
854 2677 993 2737 sanctissi·
1046 2681 1098 2738 nisi
1113 2680 1249 2738 audierit?
1264 2681 1403 2754 quomodo
1418 2679 1519 2750 audiet,
1534 2681 1586 2736 nisi
1601 2683 1777 2739 annuntietur
1796 2682 1842 2740 eil

192 2773 249 2829 mis
262 2773 388 2838 manibus
411 2771 465 2827 illis
486 2779 512 2829 et
530 2771 645 2843 pedibus
667 2775 853 2828 consummata
875 2769 994 2824 Judaieae
1048 2771 1119 2828 Sane
1136 2776 1285 2845 propterea
1300 2769 1434 2840 maiorem
1449 2769 1473 2825 ei
1488 2769 1669 2843 diligentiam,
1687 2778 1715 2828 et
1729 2770 1845 2846 diligen-

192 2861 286 2937 gentis
301 2861 427 2934 iniquitas
441 2858 539 2918 infixit.
553 2859 611 2916 Nisi
635 2859 707 2915 enim
730 2859 821 2929 hujus,
839 2858 911 2930 quod
931 2866 994 2914 tunc
1047 2861 1144 2918 tiorem
1159 2857 1310 2917 custodiam
1325 2856 1453 2915 conuenit
1472 2857 1605 2929 exhiberi,
1621 2861 1695 2932 quod
1709 2859 1754 2929 ιιι,
1767 2863 1844 2932 juxta

195 2949 327 3022 pungitur
355 2957 382 3004 ιι
410 2947 596 3016 transfoditur,
619 2947 744 3018 corporis
769 2949 851 3004 vitam
872 2945 915 3003 sui
933 2944 994 3004 riter
1047 2947 1222 3022 Scriptorum,
1238 2964 1315 3006 mors
1328 2951 1357 3006 ιι
1370 2949 1431 3004 vita
1445 2948 1617 3006 inmunibus
1629 2949 1839 3024 liupuoe(Prov.

195 3039 320 3108 corporis
333 3035 509 3110 praetulisset,
524 3051 662 3108 nunqnam
675 3035 743 3092 illud
756 3051 808 3108 pro
831 3034 884 3092 isto
899 3035 993 3091 mortis
1046 3053 1124 3104 avan,
1140 3036 1197 3109 ιι).
1208 3036 1339 3110 Alioquin
1353 3036 1376 3092 si
1391 3035 1451 3093 sola
1465 3037 1566 3094 inesset
1580 3037 1644 3107 vita,
1660 3053 1713 3095 nec
1724 3040 1842 3097 circum

196 3126 314 3198 injuriae,
337 3128 425 3183 crucis
437 3125 594 3198 ignominiae
610 3123 775 3180 tradidisset.
796 3125 831 3180 lat
849 3123 967 3180 dicimus
983 3139 991 3179 :
1048 3126 1115 3184 cisio
1131 3126 1239 3199 quidem
1254 3127 1290 3195 ei,
1301 3125 1325 3182 si
1339 3125 1398 3182 sola
1413 3141 1500 3195 mors,
1517 3125 1597 3181 etiarn
1613 3127 1744 3186 abscissio
1761 3131 1846 3188 debe·

197 3215 276 3274 Leuis
291 3231 335 3272 res
353 3223 393 3271 est
403 3229 513 3279 sermo;
530 3220 641 3283 temera,
658 3212 758 3282 mollis,
773 3222 800 3268 ιι
813 3214 910 3284 exigua
930 3227 993 3270 caro
1008 3170 1030 3249 Β
1047 3223 1131 3271 retur.
1147 3215 1224 3271 Nunc
1239 3231 1304 3272 vero
1320 3215 1447 3288 ponenda
1463 3214 1546 3288 [olins
1560 3216 1679 3274 additur
1693 3217 1782 3292 nobis]
1800 3220 1841 3277 ori

189 3305 292 3378 lingua
305 3303 423 3361 bominis
438 3321 444 3358 z
461 3302 523 3376 quis
537 3303 644 3374 sapiens
666 3303 758 3374 magni
774 3302 898 3374 pendat?
915 3302 993 3358 Levis
1046 3312 1140 3360 nostro
1166 3303 1298 3370 custodia,
1319 3312 1346 3360 et
1360 3303 1461 3361 ostium
1477 3305 1684 3362 circumstantiae
1707 3308 1794 3376 labiis,
1812 3316 1843 3366 ut

157 3435 160 3440 -
196 3393 307 3468 quidem
320 3409 366 3449 res
380 3407 479 3458 senno,
493 3394 559 3464 quia
581 3391 675 3448 leviter
695 3391 777 3460 solat,
802 3393 851 3448 sed
874 3389 994 3466 grauiter
1049 3409 1101 3451 nec
1114 3393 1223 3450 vitalem
1236 3391 1442 3450 edificationem
1457 3394 1583 3450 clausura
1602 3393 1712 3452 damnet
1731 3406 1843 3472 aeterna,

197 3481 454 3544 miserescentem
476 3479 573 3536 transit
597 3481 645 3535 sed
667 3479 787 3554 graviter
809 3479 884 3549 urit;
900 3478 994 3538 leviter
1048 3497 1101 3540 nec
1115 3482 1222 3539 lethalis
1236 3481 1373 3554 pernicies
1399 3482 1514 3540 liberum
1545 3484 1676 3540 sortiatur
1691 3502 1845 3560 egressum.

195 3580 322 3645 penetret
345 3571 475 3638 animum,
497 3570 547 3626 sed
572 3583 627 3624 non
649 3568 742 3626 leuiter
760 3568 834 3641 exit3
856 3567 994 3641 profertur
1050 3571 1198 3647 vigilemus
1215 3571 1305 3644 itaque
1329 3588 1412 3642 super
1435 3587 1519 3644 opera
1551 3581 1654 3645 nostra,
1675 3574 1786 3648 fratres,
1810 3594 1846 3636 ιι

195 3661 301 3729 leviter,
318 3661 434 3716 sednon
453 3658 549 3716 leniter
565 3663 728 3728 revocatur;
751 3655 828 3713 facile
850 3659 932 3724 uolat,
949 3665 992 3713 at·
1047 3663 1093 3718 vel
1108 3661 1262 3718 omittamus
1276 3661 1348 3734 quod
1363 3670 1527 3734 praeceptum
1551 3670 1603 3736 est,
1631 3663 1673 3721 rel
1688 3665 1760 3738 quod
1776 3681 1843 3739 pro·

198 3765 252 3822 que
266 3749 327 3806 ideo
341 3748 418 3805 facile
431 3747 512 3804 violat
527 3743 698 3803 charitatem.
715 3745 781 3802 Vilis
795 3760 840 3802 res
847 3755 888 3801 est
897 3760 994 3803 musea
1048 3749 1164 3806 hibituni
1174 3760 1215 3807 est
1225 3750 1436 3807 committamus.
1447 3749 1575 3809 hortator
1584 3768 1634 3809 nos
1643 3753 1676 3808 ad
1686 3754 1842 3828 bipartitam

195 3837 379 3906 moriens,sed
389 3835 551 3892 exterminat
563 3835 653 3892 oleum
664 3833 803 3890 suauitatis
812 3835 991 3908 (sectare).
1047 3839 1118 3896 hene
1133 3839 1285 3896 custodiam
1294 3840 1430 3913 Propheta
1439 3855 1500 3896 cum
1512 3839 1716 3902 dicitcllecia'nn
1728 3847 1844 3920 amolo,

198 3927 333 3984 Tenerum
352 3925 503 3982 membmm
518 3923 624 3996 lingna,
640 3930 757 3981 attamen
773 3923 921 3981 sinterani
940 3937 992 3994 po-
1048 3929 1076 3982 et
1089 3927 1247 3998 fusienum
1257 3926 1456 3999 (Psalmxxrr.
1472 3929 1530 4001 ιι).
1540 3929 1688 4004 vigilemus
1704 3931 1784 3991 etlam
1804 3935 1847 3992 ni·

197 4023 266 4090 test,
294 4015 444 4072 substantia
466 4013 575 4086 quidem
596 4011 732 4069 infirmum
751 4019 832 4085 atqua
853 4010 991 4085 ιιιςιιιι,
1042 4013 1194 4073 'nilominus
1205 4018 1377 4090 superrerba
1390 4026 1495 4085 nostra,
1508 4018 1582 4074 nain
1595 4017 1635 4074 eis
1649 4021 1690 4077 uel
1706 4021 1847 4083 offendere

196 4106 248 4162 sed
271 4120 324 4160 usu
347 4111 527 4184 magnumst
547 4101 667 4159 ualidum
685 4101 832 4159 invenitur.
857 4101 992 4158 bfodicum
1047 4103 1146 4173 Deum,
1161 4107 1204 4165 rel
1219 4105 1374 4178 proximum
1387 4122 1488 4164 nocere
1502 4105 1651 4182 contingat.
1669 4107 1741 4166 Felix
1757 4109 1844 4185 siqui-

194 4193 351 4251 membrum
370 4199 430 4262 est3
455 4192 515 4262 sed,
529 4190 583 4247 nisi
603 4205 710 4259 careas,
726 4205 859 4264 magnum
879 4191 993 4249 malum.
1047 4193 1209 4267 demonem
1218 4195 1246 4251 lu
1258 4195 1333 4252 omni
1342 4195 1562 4253 confabulatione
1576 4197 1676 4269 duplex
1705 4197 1786 4257 timor
1798 4201 1845 4261 ille

195 4285 297 4342 Tenuis
309 4287 349 4338 est
368 4286 396 4336 et
416 4281 479 4349 lata,
495 4278 667 4352 aptissimum
689 4279 838 4337 vacuandis
861 4280 992 4337 cordibus
1046 4283 1217 4353 sollicitat,et
1226 4284 1341 4343 duorum
1351 4285 1535 4342 consideratio
1543 4285 1664 4343 stimulat
1674 4289 1844 4349 auditorum:

196 4371 416 4437 instrumentum,
435 4365 554 4424 Ιηθ
573 4368 642 4424 sicut
668 4369 815 4426 multorum
832 4369 900 4424 mihi
923 4371 992 4427 inter
1047 4371 1166 4444 primum
1174 4373 1284 4446 quidem
1293 4373 1393 4432 diune
1401 4374 1598 4447 majestatis,in
1609 4377 1688 4447 cujus
1697 4395 1792 4436 manus
1804 4381 1846 4438 in-

196 4475 249 4520 voa
257 4450 439 4517 conscientias
452 4457 568 4515 arbitror
580 4458 701 4514 attestari
717 4475 724 4516 :
739 4457 791 4514 nisi
805 4456 874 4516 forte
895 4473 992 4516 omnes
1009 4447 1032 4525 ὓ
1048 4462 1138 4520 cidere
1152 4477 1265 4536 prorsus
1279 4463 1460 4535 horrendum;
1477 4463 1575 4522 dehinc
1589 4465 1715 4523 fraternae
1725 4467 1843 4527 iufirmi-

195 4557 254 4608 tsm
268 4549 381 4623 perfecti
404 4563 509 4617 sumus,
525 4556 554 4604 ut
568 4561 706 4620 nunquam
719 4547 799 4606 nobis
822 4557 884 4622 post
897 4549 993 4622 longas
1046 4551 1118 4624 tatis,
1134 4552 1178 4608 cui
1188 4551 1365 4608 nihilominus
1375 4552 1501 4624 perfacile
1510 4563 1553 4611 est
1562 4554 1755 4614 offendiculum
1765 4559 1843 4622 dare.

101 4679 104 4684 .
193 4634 546 4698 'confabulationeinrensta
555 4635 590 4694 ιιι
599 4647 676 4693 mene
685 4637 990 4709 quodammodoracus,
1083 4645 1110 4697 8.
1130 4643 1197 4698 Puto
1212 4649 1303 4698 mutan
1318 4657 1350 4697 ne
1365 4657 1427 4697 eum
1442 4641 1563 4716 quidem,
1576 4643 1661 4717 quiin
1673 4645 1844 4706 verbecavet

195 4726 336 4786 meditatio
350 4724 440 4783 miuus
454 4723 993 4801 devota,siccamagisaffectio,etholo-
1046 4729 1236 4799 offensionem,
1264 4731 1416 4804 perfectum
1444 4732 1533 4788 adhuc
1560 4732 1613 4790 dici
1640 4741 1775 4807 oportere,
1792 4737 1844 4794 uisi

194 4825 322 4876 caustum
332 4813 466 4874 credonis
475 4829 528 4871 non
537 4813 606 4870 adeo
614 4813 716 4886 pingue
724 4822 834 4884 propter
843 4813 994 4882 carbasina
1046 4818 1159 4877 forsitan
1187 4820 1391 4892 comparatione
1418 4820 1527 4894 prioris,
1551 4823 1598 4896 qui
1627 4831 1730 4880 tantum
1758 4843 1844 4901 super

195 4903 541 4983 madiximussireetiam
554 4902 992 4976 quaeaudiaimus3verbatamen.
1047 4923 1130 4982 opera
1143 4909 1282 4984 vigilabat.
1311 4911 1378 4967 Nam
1394 4919 1422 4968 et
1449 4911 1556 4968 Veritas
1585 4913 1613 4969 in
1641 4913 1789 4989 Evangelio
1808 4918 1843 4976 de

233 4997 261 5052 θ.
275 4993 363 5052 Facile
390 4995 463 5051 enim
485 4993 578 5065 linfflffl
598 4991 706 5059 labitur,
732 5007 782 5048 ¹¹00
804 4991 894 5047 minus
914 4990 993 5048 facile
1046 4997 1220 5072 vigilantibus
1234 4998 1329 5069 serris,
1345 5009 1372 5054 et
1399 5001 1545 5058 adrentum
1559 5002 1668 5059 Domini
1681 5005 1842 5077 praestolan·

196 5083 318 5142 illabitur
333 5083 411 5142 cordi
423 5099 430 5139 :
442 5082 479 5139 ιιι
491 5094 520 5139 ut
534 5081 627 5138 multis
639 5081 711 5137 inter
724 5081 889 5153 loquendum
901 5081 993 5137 minus
1046 5089 1115 5144 tibus
1126 5087 1241 5161 loquens
1258 5105 1264 5146 :
1282 5089 1321 5160 Si,
1338 5087 1435 5162 iuquit,
1454 5089 1487 5148 ia
1507 5094 1594 5150 tertio
1607 5095 1706 5167 cipitia
1720 5099 1840 5169 emerit,

194 5173 337 5247 profuerit,
352 5174 424 5246 quod
446 5169 584 5244 propriam
598 5169 775 5238 whlbuelissb
791 5170 857 5226 dum
870 5184 925 5227 ¹1⁰n
947 5185 992 5228 ιι·
1045 5181 1075 5236 et
1087 5179 1129 5234 ιιι
1142 5179 1295 5250 inuenerit,
1311 5180 1385 5238 beati
1398 5183 1469 5238 sunt
1478 5182 1553 5238 serni
1569 5183 1616 5240 illi
1631 5185 1710 5254 (Luc.
1722 5201 1770 5255 uu,
1783 5187 1838 5261 38).

195 5261 287 5324 verint
310 5261 434 5320 alienam.
457 5257 535 5316 Utilis
556 5267 598 5314 est
623 5258 706 5315 frater
723 5257 770 5332 qui
789 5259 839 5314 tibi
860 5259 989 5336 loquitur,
1044 5266 1122 5338 Quod
1137 5269 1458 5342 nequaquamdeprimn,
1474 5271 1582 5328 sednec
1597 5274 1629 5330 de
1643 5275 1761 5330 secunda
1775 5276 1839 5350 qui.

195 5352 309 5426 sapiens
323 5360 376 5422 est,
392 5346 536 5421 religiosus
550 5359 582 5404 nc
599 5345 698 5403 timeus
715 5349 817 5421 Deam3
832 5350 895 5422 plus
918 5352 989 5422 dico,
1045 5357 1107 5412 dem
1122 5355 1224 5413 dictum
1238 5373 1300 5414 esse
1313 5357 1443 5432 reperies.
1454 5359 1501 5416 Est
1514 5369 1603 5418 autem
1614 5361 1707 5434 uigilia
1717 5363 1776 5420 haec
1791 5381 1839 5420 su-

198 5443 314 5516 angelus
336 5448 387 5509 est,
402 5447 429 5496 et
443 5435 556 5514 augelus
578 5436 668 5494 lucis:
688 5436 768 5494 etiam
784 5437 824 5494 sic
844 5453 908 5496 eave
932 5440 989 5514 tibi,
1046 5461 1094 5516 per
1108 5460 1165 5513 eor,
1176 5445 1221 5502 cui
1235 5461 1417 5504 sanaomnem
1426 5447 1485 5518 jam
1496 5449 1646 5506 custodiam
1662 5451 1841 5512 adhibendam

196 5549 235 5594 ιι
249 5531 345 5590 audias
356 5531 428 5588 unde
450 5527 566 5586 ιιιιιιιιι.
589 5529 645 5586 Nec
667 5543 814 5601 personam
836 5529 886 5586 tibi
908 5530 991 5588 velim
1046 5533 1161 5608 Sapiens
1176 5545 1268 5593 monet
1284 5535 1429 5594 :nimirum
1442 5540 1509 5611 quio
1520 5556 1556 5597 ιι
1566 5541 1627 5612 ipso
1642 5543 1701 5598 vita
1713 5545 1842 5615 procedit

197 5629 357 5698 suspectam
369 5635 439 5692 esse,
454 5620 502 5676 sed
520 5619 651 5695 lingnam,
667 5620 815 5693 praesertim
834 5621 862 5678 in
884 5635 991 5680 sermo-
1046 5625 1137 5697 (Pron.
1148 5640 1188 5698 tv,
1203 5625 1261 5694 ιι).
1274 5625 1335 5700 Ego
1349 5634 1440 5684 tamen
1454 5629 1539 5686 etiam
1553 5631 1752 5690 hancconstsre
1766 5635 1842 5692 arbi-

198 5713 334 5774 einatione
348 5709 495 5771 communi.
515 5707 588 5766 nom
601 5710 711 5782 quidem
732 5707 866 5770 columbae
887 5713 991 5786 simpli·
1045 5721 1104 5774 tror
1117 5713 1271 5790 specialiter
1288 5715 1319 5774 in
1341 5717 1449 5777 duobus
1465 5736 1473 5780 ε
1489 5728 1519 5779 ut
1535 5719 1660 5780 videlicet
1675 5739 1756 5796 super
1769 5723 1842 5782 affe-

340 5811 461 5870 lamou.
489 5806 663 5867 Gldllllllll.
1686 5823 1720 5880 ιι
