4150 6348
254 403 307 464 tue
727 391 754 458 S.
774 385 942 450 ululatui
960 381 1097 446 adultis
1116 383 1426 452 cttuetdltltltsts
1491 377 1497 384 ⁸
1847 387 1903 448 496

254 527 463 596 audaumjam
482 539 540 582 con
554 521 684 580 nouimus
702 519 743 592 (ii
753 518 814 578 dor.
824 533 852 586 v,
864 518 919 585 lb).
934 512 1047 572 viderur
1063 523 1086 603 g
1101 505 1130 566 in
1144 511 1188 568 his
1208 529 1331 588 saporem
1353 529 1500 589 querrere,
1516 515 1563 572 scd
1590 513 1688 572 mirare
1714 515 1901 586 splendorem.

254 612 475 672 nmenettamin
491 613 631 669 hocmaoe
646 607 824 666 decernibus
843 604 915 682 rigni
926 598 1047 660 nonnihil
1101 597 1202 658 Luceat
1225 602 1252 658 iu
1268 603 1424 674 hujusmodi
1451 605 1559 661 lucerna
1587 611 1679 660 nostm
1703 604 1775 659 utin
1797 602 1901 658 iumine

253 720 312 760 esse
325 711 478 760 servatum:
504 699 634 774 sedquod
660 697 797 754 residuum
812 704 863 765 eat,
888 693 981 766 utique
990 690 1046 762 jam
1102 688 1161 758 ejus
1179 690 1318 748 videamus
1337 693 1438 759 lumen,
1466 693 1537 766 quod
1556 689 1663 763 quidem
1688 706 1798 763 purum,
1817 701 1900 763 prout

253 785 1048 868 daturigui3quodvidelicetusquahodieeadcmcarcno·
1101 775 1128 831 iu
1142 794 1171 836 sa
1184 784 1236 846 est,
1256 780 1372 836 necdum
1401 781 1530 851 prevales
1550 779 1669 836 intuerit.
1685 781 1745 835 Non
1771 780 1845 836 enim
1858 787 1901 837 est

252 881 358 952 biqsed
367 878 710 952 spiritualiterutiquc,uon
720 875 862 933 carnaliter
875 873 1046 929 exhibeatur.
1101 862 1217 936 istelux,
1233 867 1279 924 sed
1303 875 1334 922 ut
1361 869 1543 925 testimonium
1575 867 1716 942 perhibeat
1739 868 1772 924 de
1795 868 1899 924 iumine

292 970 443 1044 ll.Neque
468 968 540 1023 euim
563 967 691 1039 estquod
711 955 961 1020 causamuruostvo
985 957 1048 1012 ituic
1101 959 1128 1006 ei
1142 962 1269 1024 appareat
1295 955 1346 1010 tibi
1373 956 1479 1012 interim
1508 957 1772 1030 gloriosusiieusio
1802 966 1898 1014 sanctc

253 1068 379 1134 negatam
389 1057 521 1130 tempori,
538 1058 594 1114 siva
615 1071 674 1112 eam
698 1069 759 1127 quae
783 1052 816 1107 ed
846 1059 935 1123 patres
948 1045 1049 1106 veteris
1100 1056 1160 1112 suo,
1175 1042 1238 1098 dum
1254 1058 1308 1100 uon
1323 1053 1400 1116 potes
1415 1047 1450 1100 ad
1469 1047 1584 1119 gloriam
1598 1047 1669 1117 ejus,
1684 1047 1755 1102 sicul
1768 1055 1810 1102 est
1827 1047 1898 1104 inse

251 1147 415 1206 Testamenti
429 1147 499 1204 lacta
528 1155 570 1202 est
597 1143 794 1216 apparitionem
822 1139 880 1196 aive
908 1152 968 1194 eam
985 1149 1047 1206 que
1100 1130 1171 1204 ipso.
1187 1132 1319 1189 Ceterum
1334 1150 1369 1190 ue
1383 1137 1522 1206 putaveris
1535 1145 1647 1194 ornatas
1659 1136 1770 1209 qnidam
1784 1135 1894 1192 ldartitti

252 1237 382 1310 apostolis
396 1236 518 1292 exhibita
531 1241 571 1290 eat
581 1231 751 1306 presentiam
766 1227 855 1287 carnis
870 1229 939 1299 ejus.
954 1222 1047 1296 Siqui·
1101 1219 1249 1294 lampades,
1263 1223 1418 1281 sedracuas
1431 1223 1546 1282 inveniri
1562 1243 1569 1282 ε
1586 1240 1641 1281 nou
1660 1231 1702 1281 est
1722 1223 1797 1280 latua
1810 1223 1900 1298 virgo,

252 1327 313 1382 dem
329 1324 444 1384 fideliter
459 1322 694 1382 considerantibus
712 1327 837 1377 neutram
856 1316 950 1373 deesse
964 1312 1049 1384 lique·
1101 1309 1223 1368 hebetia
1236 1311 1630 1372 vasisoieum.iiabetvinum
1645 1314 1671 1368 iu
1682 1313 1791 1385 phialis,
1819 1313 1902 1369 babet

252 1416 300 1472 bit.
315 1415 400 1472 lidest
414 1415 485 1471 enim
501 1412 580 1469 nobis
595 1411 673 1467 etiam
688 1424 762 1466 nunc
775 1407 864 1466 caruis
877 1404 964 1479 ipsios
983 1417 1049 1459 vera
1102 1400 1170 1455 intra
1183 1402 1339 1472 paropsides
1353 1401 1552 1460 istasciborum
1561 1401 1680 1478 copiam,
1691 1401 1902 1476 deliriaautiquc

252 1503 409 1572 substantia,
430 1503 499 1558 haud
523 1499 635 1557 dubium
649 1515 714 1556 sane
729 1498 794 1573 quin
821 1498 849 1553 iu
870 1499 1047 1552 sacramento.
1101 1487 1278 1559 spirituales:
1294 1492 1404 1558 utinen
1422 1491 1503 1548 modo
1520 1491 1629 1550 videant
1641 1503 1669 1547 et
1693 1490 1833 1562 mirentur,
1852 1492 1901 1548 scd

251 1593 357 1648 adsunt
384 1591 578 1660 revelationes,
600 1589 647 1646 sed
668 1589 695 1644 iu
725 1587 822 1660 spiritu
848 1592 875 1641 et
897 1586 996 1642 virtute
1019 1589 1049 1640 ut
1103 1577 1184 1634 edant
1198 1593 1345 1652 pauperes,
1358 1587 1386 1635 et
1399 1587 1571 1652 satureutar;
1584 1587 1666 1654 atque
1681 1578 1709 1634 ia
1722 1578 1777 1636 illis
1789 1577 1900 1651 quida·

252 1680 369 1752 temperi
395 1680 490 1754 gratiae
506 1721 513 1750 ,
530 1678 602 1752 quod
618 1695 688 1735 nunc
702 1689 754 1748 cst,
769 1675 836 1732 nihii
852 1673 879 1729 in
894 1672 949 1730 ulia
963 1671 1049 1748 gratia
1101 1666 1248 1724 Dominum
1260 1669 1381 1739 iaudent,
1397 1683 1477 1740 porro
1493 1671 1521 1726 in
1537 1669 1579 1726 itis
1593 1669 1684 1728 vivant
1697 1667 1780 1726 corda
1793 1683 1899 1727 comm.

250 1769 347 1825 deesse
360 1769 502 1839 probetur.
517 1766 640 1840 lienique
654 1781 703 1822 nec
714 1765 809 1821 oculus
819 1763 895 1829 vidit,
910 1775 962 1817 uec
977 1759 1048 1816 auris
1102 1755 1231 1829 Alioquin
1244 1755 1382 1829 quomodo
1396 1756 1493 1814 mortui
1501 1758 1651 1816 laudabunt
1663 1765 1701 1828 te,
1717 1757 1856 1815 Domine?
1865 1757 1900 1814 iit

250 1857 363 1927 audivit,
375 1871 426 1913 nec
440 1857 468 1911 iu
483 1871 532 1912 cor
542 1855 661 1912 bominis
675 1851 796 1912 ascendit
810 1865 871 1924 qum
884 1848 1048 1923 preparavit
1063 1805 1086 1884 Β
1102 1860 1170 1917 ergo
1183 1845 1218 1902 sit
1228 1845 1509 1929 jucundadecoraque
1521 1847 1639 1904 laudatio
1662 1845 1690 1904 iu
1710 1847 1898 1916 admiratione,

251 1946 326 2002 Deus
352 1944 526 2018 diligentibus
553 1959 594 2014 se,
619 1941 698 1999 uobis
727 1951 816 1996 tamen
845 1936 972 1996 revelavit
999 1953 1048 2008 per
1101 1934 1181 1990 etiam
1195 1933 1286 1992 vivant
1308 1951 1342 1991 ex
1363 1933 1525 2002 imitatioue;
1553 1945 1591 2006 ct,
1606 1946 1637 1993 ut
1661 1935 1767 1994 ariditut
1792 1942 1900 1992 sumant

251 2033 380 2106 Spiritum
399 2031 513 2092 1⁰58
532 2049 623 2090 suum.
636 2033 690 2088 Nec
705 2029 812 2087 mireris
830 2027 902 2101 quod
925 2025 1047 2084 carnales
1100 2022 1220 2092 delicias,
1236 2025 1310 2094 ipsas
1323 2039 1433 2096 quoquo
1443 2022 1552 2082 divitias
1566 2024 1897 2097 curiosiuacontempien-

251 2123 291 2180 eis
305 2121 544 2178 manifestationes
559 2120 691 2190 exhibuit,
705 2116 963 2194 quicarnaiemejus
977 2130 1047 2187 prm·
1101 2118 1154 2166 tur.
1186 2111 1234 2168 Sic
1263 2111 1390 2169 uiudrom
1408 2112 1479 2169 inter
1502 2113 1673 2186 splendorem
1704 2120 1731 2171 et
1763 2112 1898 2170 servorem

250 2213 392 2268 stobantur
420 2213 576 2268 adventum.
603 2209 689 2266 Nobis
716 2207 790 2264 euim
813 2214 885 2264 tanto
910 2203 1047 2262 eilicacior
1099 2199 1218 2256 lucerne
1233 2200 1314 2271 hujus
1338 2201 1429 2259 vicarii
1450 2202 1611 2274 quibasdam
1638 2201 1781 2259 aflectibus
1792 2202 1898 2259 disem-

249 2301 335 2372 gratia
342 2308 369 2356 et
378 2299 506 2356 revelatio
514 2299 622 2370 dignior
632 2296 784 2353 necessaria
793 2301 844 2364 est,
855 2303 956 2367 quanto
966 2293 1047 2348 nimi·
1099 2287 1222 2358 randum,
1239 2297 1268 2344 ut
1282 2287 1359 2346 nobis
1369 2291 1436 2348 atter
1450 2301 1484 2348 ex
1506 2291 1589 2348 altaro
1603 2293 1814 2361 commendatur,
1824 2300 1852 2348 ct
1863 2307 1898 2348 ex

249 2405 312 2444 rum
334 2385 526 2444 excellentiora
555 2394 665 2443 constat
686 2400 823 2458 esseque
845 2393 1043 2455 exspectamus.
1099 2388 1192 2433 mutua
1209 2379 1476 2452 collationeuterque
1489 2380 1674 2453 complacitior
1687 2359 1743 2436 fiat.
1758 2380 1898 2452 Siquidem

286 2480 327 2531 li.
348 2478 450 2548 itaque,
466 2485 496 2531 ut
510 2490 596 2548 supra
610 2474 737 2544 diximus,
749 2473 880 2530 iiartiuus
899 2473 950 2528 iste
967 2471 1045 2526 Chri-
1098 2466 1206 2522 humilis
1216 2465 1266 2524 luit
1277 2475 1304 2524 et
1317 2468 1416 2541 spiritu
1427 2483 1533 2542 pauper
1547 2469 1599 2526 iste
1607 2469 1747 2540 ilsrtiuus,
1761 2469 1898 2526 deuteri·

248 2573 370 2622 stusnoo
386 2565 447 2635 luit,
463 2565 511 2622 sed
523 2575 613 2622 tamen
628 2563 767 2620 Christum
781 2562 894 2619 habuit:
912 2577 965 2618 non
980 2577 1044 2633 quo·
1098 2555 1255 2614 deotissime
1272 2557 1369 2629 probat
1383 2556 1497 2614 allectus
1515 2559 1574 2631 ipse
1587 2559 1683 2617 divine
1696 2557 1801 2631 gratim
1818 2573 1898 2628 qnam

248 2656 329 2711 modo
346 2655 435 2730 angeli
448 2653 476 2708 iu
492 2655 632 2724 praesentia
646 2652 811 2723 majestatis,
827 2664 881 2706 non
906 2648 1043 2723 quomodo
1097 2642 1216 2714 prolecto
1227 2654 1280 2702 tam
1290 2647 1401 2702 multam
1413 2646 1464 2702 nisi
1480 2647 1593 2703 multum
1602 2647 1696 2703 humili
1704 2662 1758 2704 non
1767 2647 1896 2703 dedisset.

249 2741 364 2816 apostoli
389 2742 418 2797 in
444 2740 578 2798 visionem
597 2739 787 2806 humanitatis;
815 2752 870 2794 non
904 2737 1042 2810 quomodo
1132 2734 1177 2790 tt.
1191 2734 1226 2790 Ut
1240 2744 1329 2792 totum
1344 2751 1429 2807 pauca
1443 2735 1895 2807 virtutumeJusindiciapromam,

246 2832 309 2888 oiim
323 2833 432 2887 locutus
446 2837 488 2885 est
505 2829 674 2886 inrisionem
692 2825 792 2884 sanctis
805 2826 885 2884 suis:
913 2826 958 2882 sed
974 2841 1042 2900 quo-
1094 2837 1243 2893 pauperem
1261 2823 1341 2879 illum
1363 2824 1460 2897 spiritu
1475 2826 1568 2882 beatus
1581 2825 1657 2882 ιιοιιι
1683 2824 1811 2898 Hilarius,
1834 2841 1897 2885 cuna

248 2919 330 2975 modo
343 2934 404 2976 eum
420 2917 500 2974 etiam
515 2931 588 2973 nunc
603 2918 684 2973 irabct
696 2915 827 2986 Ecclesia,
843 2917 871 2972 in
885 2915 939 2972 lide
952 2923 979 2970 et
996 2929 1041 2970 sa-
1097 2913 1235 2981 imponere
1247 2911 1273 2968 ei
1287 2913 1447 2971 diaconatus
1474 2912 1593 2970 officium
1620 2921 1737 2985 mutans,
1752 2931 1803 2973 nec
1827 2930 1897 2988 pre·

247 3006 404 3066 oramentis.
423 3007 483 3065 Noc
506 3009 569 3063 croi
582 3005 633 3062 iiic
661 3007 712 3063 tuo
726 3005 818 3077 (ioca.
833 3019 854 3074 r,
879 3006 918 3075 8),
933 3003 980 3060 sed
1000 3006 1044 3062 lu·
1097 2999 1199 3070 valens,
1214 3002 1288 3074 quod
1297 3001 1440 3078 indiguum
1447 3017 1510 3060 sese
1519 3002 1723 3075 vociferaretur,
1736 3005 1896 3062 exorcistam

248 3111 334 3153 ceram
345 3093 424 3166 plane
431 3093 534 3150 ardens
545 3097 573 3149 et
582 3093 681 3150 lucens
691 3093 784 3166 (icon.
797 3107 824 3162 v,
836 3091 893 3164 35),
904 3092 937 3148 de
944 3091 1046 3147 ioanue
1061 3090 1083 3169 c
1099 3103 1162 3144 cum
1176 3104 1236 3146 essa
1257 3093 1388 3164 praecepit
1404 3110 1411 3148 :
1436 3094 1464 3148 in
1491 3107 1546 3166 quc
1560 3091 1670 3166 quitiam
1691 3093 1767 3151 locus
1788 3093 1897 3165 iniuriae

246 3183 348 3240 dictum
378 3188 429 3240 ast.
458 3180 511 3238 Sed
540 3181 566 3236 iu
582 3180 656 3238 iilum
675 3181 822 3252 protulero,
839 3189 915 3252 puto,
930 3177 1039 3235 dicitis:
1095 3179 1239 3249 videretur,
1255 3182 1345 3237 aciens
1361 3181 1490 3239 nimirum
1505 3183 1581 3254 qnod
1604 3181 1773 3239 humiliorem
1791 3183 1898 3240 ordina-

246 3271 381 3328 liaximus
399 3271 540 3327 hominum
569 3277 622 3337 est,
643 3271 706 3340 plus
728 3285 806 3340 quam
830 3269 961 3342 propheta
989 3279 1041 3338 est,
1094 3267 1195 3324 tionem
1222 3268 1332 3327 minime
1344 3269 1504 3343 repudiaret.
1523 3273 1628 3342 Pauper
1650 3272 1709 3343 luit,
1723 3279 1797 3330 vesta
1810 3271 1899 3342 medis

246 3361 328 3417 etiam
339 3360 453 3432 angelus
467 3357 671 3428 estDeiPatris,
683 3356 819 3429 sicutipse
829 3364 942 3413 testatur
954 3373 961 3412 ι
973 3359 1043 3414 iiccc
1096 3357 1157 3427 dus,
1172 3357 1247 3415 crine
1259 3359 1387 3427 incultus,
1402 3358 1471 3418 iacis
1483 3360 1660 3432 despicabilis
1675 3379 1684 3421 :
1712 3377 1772 3435 quae
1786 3361 1898 3433 quidem

246 3450 330 3506 mitto
345 3450 480 3521 carpetam
501 3463 598 3506 mecm
612 3447 690 3520 (Luc.
706 3461 754 3516 var,
768 3449 823 3520 27),
840 3454 893 3506 etc.
909 3446 941 3501 Et
954 3445 1043 3501 llarti-
1097 3445 1159 3505 iicet
1174 3449 1201 3502 in
1216 3447 1348 3506 electione
1362 3449 1451 3520 ejus,a
1463 3450 1625 3523 quibusdam
1636 3451 1775 3510 arderetis
1789 3451 1898 3522 objmta

246 3538 421 3593 nusiueema
437 3545 495 3592 erat
509 3537 607 3592 ardeus
623 3542 650 3590 et
664 3534 758 3592 lucens
773 3551 781 3588 ι
797 3549 859 3590 eum
880 3534 1044 3590 saitemuou
1098 3535 1222 3608 luissent,
1242 3534 1359 3596 10114
1385 3538 1497 3612 inipso
1520 3548 1610 3597 tamen
1633 3540 1798 3614 episcopatu,
1828 3539 1897 3596 sicvrt

247 3627 336 3698 pigeat
351 3624 465 3695 imitari;
482 3625 528 3682 sed
544 3623 645 3679 imitari
664 3623 691 3679 iu
708 3639 740 3679 eo
756 3624 829 3697 quod
845 3631 887 3679 est
901 3621 1044 3692 imitabile,
1099 3627 1232 3700 scriptum
1245 3635 1296 3699 est,
1311 3628 1418 3700 penitus
1432 3645 1486 3686 uon
1501 3629 1614 3686 mumvit
1628 3630 1751 3701 (Soanta
1768 3630 1808 3688 De
1836 3631 1897 3686 ot'tc

247 3729 302 3772 non
316 3721 405 3770 autem
416 3713 488 3786 quod
502 3711 624 3770 mirabile
637 3712 791 3769 exhibetur.
803 3712 844 3769 ld
857 3729 986 3771 mensam
995 3712 1043 3770 de·
1099 3716 1194 3787 dart,
1208 3733 1268 3789 cap.
1284 3718 1323 3790 t).
1339 3718 1463 3791 lienique
1476 3718 1615 3790 quievere
1625 3717 1788 3791 pauperinit
1798 3717 1897 3791 spiritu

247 3805 313 3862 citis
322 3803 400 3862 sedes
413 3801 493 3860 bodie
507 3821 514 3870 ;
526 3803 677 3875 diligenter
691 3801 841 3860 considero
855 3819 916 3875 quae
931 3803 983 3861 lidi
995 3819 1045 3877 op-
1097 3806 1239 3877 Marinus,
1255 3822 1358 3879 pauper
1370 3816 1397 3865 et
1410 3808 1533 3867 modicus
1547 3808 1646 3865 meruit
1655 3807 1800 3865 nominari.
1824 3808 1896 3866 dudi

246 3898 414 3968 portantur.
433 3891 562 3950 Discerne
584 3892 657 3948 inter
674 3891 761 3956 cibos.
785 3903 811 3947 et
833 3907 897 3949 vasa
911 3890 1043 3948 ciborum.
1098 3909 1163 3952 vero
1177 3897 1412 3952 mansuetudinem
1427 3899 1497 3970 ejus,
1513 3913 1564 3954 suo
1585 3897 1634 3954 ilio
1648 3897 1763 3969 Sulpicio
1777 3897 1896 3955 sicscri·

248 3981 312 4038 ilios
324 3980 396 4037 enim
404 3980 510 4050 juberis
525 3978 629 4050 toliere,
645 3981 693 4037 sed
708 3996 763 4036 nou
777 3979 835 4035 ilia.
850 3979 931 4036 Dives
944 3987 985 4035 est
994 3979 1045 4035 iste
1099 3983 1182 4039 beate
1197 3999 1204 4040 :
1223 3985 1357 4042 «Tantam
1368 3987 1600 4043 adversusomnes
1613 3985 1727 4057 injurias
1742 3985 1897 4058 patientiam

247 4069 394 4150 Martinus,
410 4068 486 4128 dives
497 4070 524 4124 in
540 4068 653 4138 meritis,
665 4068 742 4124 dives
756 4069 784 4124 in
800 4069 953 4139 miraculis,
969 4067 1046 4126 dives
1100 4080 1282 4143 assumpserat
1295 4084 1325 4129 ut
1339 4089 1399 4130 cum
1413 4084 1486 4133 esset
1497 4091 1620 4133 summas
1633 4073 1772 4145 sacerdos,
1789 4073 1899 4148 impunc

248 4161 275 4216 in
290 4158 447 4228 virtutibus,
462 4157 538 4216 dives
553 4157 583 4212 in
597 4157 695 4230 signis.
711 4156 862 4230 Diligenter
875 4172 942 4228 ergo
953 4157 1047 4214 consi·
1100 4160 1179 4218 etiarn
1194 4161 1228 4216 ab
1252 4161 1349 4218 intimis
1361 4164 1470 4222 clericis
1492 4165 1633 4223 laederetur
1646 4181 1654 4220 t
1669 4179 1721 4222 nec
1735 4171 1844 4236 propter
1868 4162 1898 4219 in

249 4250 315 4304 dera
332 4262 394 4322 quae
408 4254 581 4318 apponuntur
595 4246 661 4311 tibi3
676 4260 799 4317 qaenam
814 4246 982 4303 videlicetad
996 4246 1044 4302 ad·
1098 4255 1202 4305 eosaut
1215 4249 1277 4307 ioco
1289 4267 1406 4326 anquam
1430 4254 1570 4326 amoverit,
1585 4263 1632 4311 aut
1649 4269 1667 4310 a
1689 4269 1749 4324 sua,
1767 4261 1898 4327 quantum

249 4337 433 4406 mirationem,
449 4349 585 4409 quevero
596 4335 823 4390 adimitationem.
835 4335 970 4391 Autcerte
982 4335 1045 4410 quia
1062 4371 1085 4449 ss
1111 4339 1198 4410 nipso
1212 4338 1273 4412 luit,
1288 4342 1418 4400 charitate
1428 4345 1554 4417 repulerit
1564 4345 1694 4413 (iuliiot.
1711 4343 1896 4415 rrr,cap.lti):r

250 4425 370 4498 arquitur
384 4423 567 4496 inscriptura
584 4422 646 4494 iila,
663 4425 797 4496 quoniam
812 4422 884 4480 tolio
899 4428 1009 4497 oportet
1020 4430 1047 4482 lc
1102 4431 1174 4500 qood
1190 4429 1299 4502 quidem
1314 4431 1341 4486 in
1357 4433 1459 4490 iiriccio
1481 4435 1621 4493 manifeste
1634 4435 1789 4507 probatum,
1804 4447 1900 4489 omnes

249 4513 521 4590 proeparawii'rvv·
538 4526 623 4583 xliii,
641 4515 667 4582 ἱ,
683 4513 801 4583 91111118
816 4511 1050 4588 bXXiidilissen·
1100 4532 1150 4576 vos
1174 4519 1290 4576 arbitror
1313 4521 1476 4580 meminisse.
1500 4524 1571 4580 Eum
1598 4539 1695 4595 nempe
1717 4539 1751 4579 ex
1772 4521 1901 4578 omnibus

251 4602 439 4659 terrensidera
448 4600 512 4674 quid
521 4600 740 4674 apponitur,etio
750 4599 967 4673 quo.Suscitavit
977 4605 1048 4660 ilar-
1102 4606 1154 4663 sibi
1169 4623 1353 4667 successorem
1377 4610 1469 4684 elegit,
1484 4623 1510 4670 et
1532 4615 1566 4670 de
1581 4620 1655 4670 tanta
1669 4620 1730 4684 post
1744 4609 1835 4668 lutura
1847 4611 1901 4668 ad-

252 4691 323 4748 tiuns
346 4701 402 4749 tres
415 4699 552 4762 mortuos,
567 4698 635 4763 quot
653 4691 781 4747 nimirum
797 4691 962 4748 Salvatorem
976 4694 1050 4770 lege·
1102 4700 1230 4755 versitate
1252 4701 1430 4770 premonuit:
1466 4711 1603 4774 postremo
1617 4703 1646 4760 in
1672 4701 1725 4759 lide
1743 4710 1770 4758 et
1790 4699 1902 4758 lenitate

252 4781 463 4838 ratsuscitasse.
479 4779 607 4836 Reddidit
619 4783 706 4837 visum
717 4781 806 4852 cecis,
816 4781 905 4838 surdis
918 4783 1049 4856 auditum,
1103 4786 1190 4859 ipsius
1207 4795 1330 4846 sanetum
1344 4789 1409 4846 iecit
1423 4790 1507 4861 ilium,
1523 4792 1556 4848 ad
1570 4792 1649 4864 cujus
1669 4804 1701 4848 oa
1729 4805 1810 4848 aures
1843 4804 1901 4847 sum

253 4872 335 4926 mutis
348 4870 483 4942 loquelam
499 4911 506 4940 ,
526 4869 631 4926 claudis
643 4885 778 4942 gressum,
789 4871 871 4927 aridia
880 4873 1049 4944 sospitatem.
1104 4875 1220 4947 lucrant,
1234 4893 1297 4936 cum
1311 4881 1485 4952 responderet
1499 4881 1613 4951 bomini,
1627 4881 1674 4955 qui
1694 4880 1729 4936 de
1751 4891 1786 4936 ec
1803 4877 1901 4935 scisci-

253 4957 348 5014 Evasit
366 4957 457 5013 diviua
470 4957 569 5013 virtute
582 4959 711 5029 pericula,
723 4961 825 5031 proprii
840 4961 963 5034 corporis
977 4963 1053 5020 obice
1105 4965 1213 5023 labatur
1227 4986 1236 5025 s
1251 4966 1280 5023 Si
1293 4967 1369 5026 ilium
1384 4967 1499 5026 delirum
1513 4969 1624 5044 quaeris,
1640 4969 1765 5042 prospice
1778 4965 1899 5034 eminus;

253 5047 375 5104 flammas
386 5047 496 5119 repulit,
507 5047 651 5102 immanem
666 5047 806 5122 sacrilege
814 5049 944 5106 machinae
953 5053 1051 5107 molem
1106 5069 1169 5113 ecce
1196 5055 1292 5114 oculum
1319 5058 1400 5115 solito
1433 5059 1503 5114 sicut
1535 5073 1629 5116 amens
1655 5058 1773 5130 respicit.
1798 5057 1903 5114 Crebro

254 5138 381 5195 columna
396 5135 472 5207 parili
487 5151 501 5191 e
516 5135 586 5191 coelo
601 5135 782 5192 descendente
792 5139 946 5210 prostravit,
960 5138 1053 5210 iepro-
1105 5145 1239 5220 siqnidem
1249 5147 1332 5203 homo
1341 5148 1401 5217 Ilei,
1410 5153 1502 5220 utpote
1515 5157 1614 5206 terram
1624 5147 1787 5221 despiciens,
1801 5147 1904 5205 cceium

255 5242 315 5281 sum
343 5223 486 5280 mondavit
514 5223 630 5295 osculo,
660 5226 764 5281 curarit
789 5225 850 5282 oieo
878 5227 1053 5302 paralyticam
1107 5233 1282 5304 suspiciebat.
1310 5236 1413 5306 Nempe
1440 5237 1542 5293 sciehat
1560 5239 1591 5294 ad
1617 5239 1670 5295 hoc
1683 5251 1743 5294 seso
1759 5238 1800 5308 (ut
1823 5251 1905 5307 supra

255 5314 394 5371 daemones
406 5312 480 5383 vicit,
495 5314 610 5389 angelos
636 5313 713 5384 vidit,
728 5313 818 5370 lutura
832 5317 964 5387 previdit.
1108 5323 1294 5396 meminimus)
1321 5334 1423 5383 rectam
1438 5335 1464 5383 et
1483 5327 1509 5382 iu
1540 5327 1600 5398 ipso
1625 5341 1741 5400 corpere
1766 5324 1904 5398 accepisse

292 5405 336 5458 13.
351 5401 451 5458 Verum
463 5401 522 5457 hec
532 5402 654 5473 quidem,
670 5410 825 5477 ceteraque
839 5405 974 5474 eiusmodi
984 5405 1055 5464 aitis·
1107 5421 1248 5470 staturam.
1264 5415 1374 5472 Sciebat
1385 5416 1442 5473 illic
1452 5431 1512 5472 esso
1527 5416 1682 5474 thesaurum
1697 5433 1787 5486 suom,
1802 5414 1905 5472 sciebat

256 5490 326 5546 sima
343 5503 404 5562 que
423 5488 487 5545 iecit
506 5491 651 5566 magnalia,
666 5491 762 5564 quidni
789 5493 902 5551 mirifica
928 5495 1052 5567 quasdam
1108 5499 1162 5558 iilic
1175 5502 1309 5560 sederaia
1324 5503 1531 5562 Patrisdextera
1553 5504 1905 5576 commendemens

255 5595 326 5677 rasa·
338 5577 452 5682 dixerim
466 5579 555 5637 divitis
569 5581 659 5682 huius,
674 5596 741 5638 auro
755 5581 859 5655 gravia,
874 5585 990 5657 gemmis
1003 5584 1051 5640 mi·
1105 5603 1242 5663 nunquam
1258 5605 1327 5661 sese,
1338 5591 1426 5650 donec
1440 5593 1505 5652 iiiuc
1518 5595 1682 5666 perveniret,
1706 5595 1780 5668 quoti
1794 5593 1904 5651 deside-

255 5675 363 5738 cantta,
385 5675 539 5743 pariterque
553 5677 665 5727 matema
684 5677 711 5727 et
723 5685 807 5742 opere
824 5672 963 5742 pretiosa?
985 5673 1048 5732 Noli
1103 5677 1179 5735 rabat
1186 5689 1383 5740 assecuturum.
1400 5681 1475 5740 Unde
1493 5689 1521 5740 et
1534 5684 1586 5741 laon
1599 5682 1701 5757 ipsum,
1714 5685 1789 5760 quod
1803 5683 1907 5743 delirus
