4118 6346
259 431 313 486 319
714 423 742 480 S.
758 421 937 498 sanatum
955 422 1097 481 moltis
1111 421 1455 482 uttam-vetustius
1875 425 1936 479 320

259 565 316 616 ero,
331 550 483 622 qrtieanque
497 547 653 621 huiusmodi
666 563 771 614 sumus,
792 547 973 605 resarciamus
995 548 1055 604 ani·
1072 571 1095 648 Α
1110 564 1206 606 omnes
1216 547 1316 620 ubique
1328 557 1442 618 agerent
1456 545 1652 618 penitentiam,
1672 547 1830 602 seeundum
1847 547 1929 617 quod

259 655 326 708 mas,
341 637 462 708 spiritum
478 637 678 709 recolligamus,
699 636 860 707 abjicientes
874 637 1054 707 perniciosam
1110 637 1209 706 Paulus
1217 635 1428 693 Atlreniensibns
1437 635 1520 692 tradit
1534 636 1609 705 (Aet.
1621 649 1695 700 xvrr,
1711 636 1768 706 30).
1781 635 1933 690 liemente

260 725 434 798 tepiditatem,
455 727 507 782 etsi
531 741 587 783 nen
611 727 674 799 quia
695 725 848 797 periculosa
872 733 922 796 est,
949 733 976 780 ct
997 726 1056 780 lieo
1111 729 1213 785 etenim
1222 729 1272 784 Dei
1285 729 1398 786 verbnm
1412 735 1440 783 et
1456 726 1625 798 Sapientiam
1639 727 1811 782 incarnatam
1827 744 1834 781 :
1850 727 1934 794 cujus

258 815 337 882 solet,
358 801 550 872 ut‘interdum
573 813 764 870 miserabiliter
786 812 948 884 plangimus,
974 813 1056 867 etiam
1111 817 1205 887 utique
1228 833 1296 889 opus
1315 825 1373 873 erat
1401 823 1459 872 tote
1487 815 1532 872 ilio
1552 822 1686 886 ternpore,
1704 831 1759 886 que
1775 813 1876 872 videri
1907 815 1932 868 in

258 901 389 960 rontium
403 918 566 974 provocare;
582 911 657 960 certe
671 902 735 974 quia
755 901 955 970 molestissima,
977 900 1058 971 plena
1113 907 1202 972 terris,
1218 913 1245 960 et
1259 905 1330 959 inter
1350 905 1472 960 immines
1485 903 1641 958 conversari
1659 903 1771 974 dignata
1790 912 1836 958 est
1856 903 1931 956 inei-

259 991 375 1048 miseriae
390 998 418 1047 et
430 991 542 1062 doloris,
558 991 666 1050 inierno
676 991 756 1063 plane
771 990 903 1062 pmxima‚
917 998 944 1047 et
963 989 1060 1046 umbra
1114 991 1203 1049 iabilis
1222 992 1266 1048 illa
1282 991 1429 1062 virtus,illa
1443 990 1538 1062 gloria,
1553 991 1597 1044 iila
1610 992 1750 1060 majestas,
1764 990 1932 1045 illuminare

259 1079 355 1136 mertis
366 1081 428 1150 iure
443 1089 580 1136 censetur.
1114 1083 1206 1138 ocules
1219 1081 1319 1146 cordis,
1344 1089 1371 1136 et
1385 1080 1500 1136 suadere
1517 1079 1597 1134 iidem
1612 1079 1766 1136 bominibus
1784 1079 1930 1149 praedira·

297 1171 323 1222 8.
339 1167 369 1224 Si
382 1167 529 1240 quaerimns
542 1183 721 1240 quaesursum
731 1173 806 1232 suni,
821 1165 903 1222 eiiam
917 1179 1015 1236 sapere
1032 1170 1060 1220 et
1115 1169 1299 1240 tinnepariter
1313 1177 1340 1224 et
1354 1169 1509 1224 ostensione
1524 1167 1674 1241 signorum.
1686 1169 1815 1241 Denique
1834 1171 1930 1240 Spiri-

261 1255 406 1327 praelibare
428 1256 535 1314 interim
559 1255 726 1312 studeamus.
752 1255 833 1310 Forte
857 1253 929 1310 enim
955 1255 1057 1324 peterit
1117 1263 1162 1314 tus
1172 1259 1295 1323 Domini,
1306 1257 1353 1328 ait,
1363 1271 1448 1328 saper
1471 1255 1844 1326 me,cdcocn9ciiacndcm
1856 1273 1928 1327 paa-

263 1344 412 1400 intellectui
425 1351 451 1401 et
462 1344 569 1401 aiiectui
578 1360 632 1402 non
642 1343 867 1401 inconvenienter
876 1342 972 1414 aptari,
985 1343 1059 1413 quod
1115 1347 1229 1420 peribas
1244 1346 1325 1402 misit
1339 1362 1384 1401 mc
1394 1345 1458 1414 (isa.
1474 1360 1530 1412 uxr,
1546 1347 1583 1412 l).
1598 1345 1633 1398 Et
1647 1343 1779 1416 apostolis
1791 1344 1931 1415 loqueba-

264 1441 293 1487 et
306 1448 429 1505 quaerere
442 1449 503 1505 quae
517 1449 622 1489 sursum
638 1441 709 1504 sunt,
722 1441 749 1488 et
756 1447 854 1503 sapere
862 1432 1060 1493 admonemur,
1118 1443 1160 1490 tur
1172 1451 1178 1488 :
1191 1434 1287 1492 Adbuc
1300 1435 1442 1492 modicum
1457 1435 1554 1489 iumen
1566 1435 1597 1488 in
1614 1435 1686 1490 nobis
1700 1437 1761 1502 csi,·
1775 1433 1930 1488 ambulate

265 1529 294 1576 ut
306 1520 334 1575 in
347 1519 550 1592 principalibus,
566 1521 795 1594 quemadmodum
805 1535 889 1590 supra
899 1519 1063 1584 dictumest,
1117 1527 1186 1581 dum
1198 1528 1288 1582 tricem
1304 1523 1420 1590 bebetis,
1432 1529 1466 1579 ct
1476 1540 1533 1579 non
1548 1524 1725 1580 tenebrabor
1740 1523 1929 1595 comprehen-

266 1607 393 1680 membris
408 1609 463 1665 suis
481 1617 575 1667 nostra
588 1609 672 1668 corda
693 1610 818 1664 manibus
841 1607 1004 1680 quibusdam
1028 1606 1064 1676 pii
1118 1613 1188 1669 dcci
1202 1613 1295 1684 (toan.
1310 1627 1365 1681 xtr,
1379 1612 1437 1683 35).
1450 1612 1507 1668 Nec
1522 1613 1601 1669 modo
1616 1619 1679 1667 aute
1695 1611 1871 1682 passionem,
1883 1614 1928 1665 sei

264 1709 377 1769 conatus
391 1707 419 1756 et
432 1700 553 1758 exercitii
574 1700 722 1772 spiritualis
746 1699 838 1754 levare
855 1697 1015 1752 studeamus
1030 1693 1063 1749 ad
1118 1709 1146 1758 et
1160 1709 1222 1772 post
1236 1701 1462 1756 resurrectionem
1477 1701 1504 1756 in
1519 1700 1787 1770 multisargumentis
1798 1716 1856 1770 per
1873 1698 1930 1753 dies

263 1787 360 1842 Deum
375 1787 487 1860 Omnes,
500 1787 623 1852 niiallor,
640 1803 702 1860 qum
717 1792 898 1844 sursumsunt
912 1782 1060 1856 quaerimus
1119 1789 1297 1860 quadraginta
1312 1803 1448 1859 apparens
1468 1789 1518 1853 eis,
1534 1797 1562 1844 et
1581 1790 1696 1862 loquens
1716 1788 1752 1844 de
1769 1803 1865 1861 regno
1884 1788 1927 1841 Dei

264 1874 404 1932 intellectu
432 1875 497 1932 fidei
511 1883 538 1932 et
553 1875 655 1947 judicio
671 1873 799 1944 rationis;
829 1872 878 1928 sed
907 1886 963 1926 non
986 1886 1064 1942 aeque
1081 1871 1103 1948 Β
1119 1878 1193 1946 (Aet.
1218 1891 1238 1944 r,
1261 1875 1311 1946 3),
1332 1875 1442 1946 quando
1462 1883 1489 1930 et
1507 1892 1617 1930 sensum
1637 1876 1687 1940 eis,
1718 1883 1749 1931 ut
1769 1875 1928 1945 Scripturas

265 1961 378 2020 forsitan
392 1964 512 2036 sapimus
526 1979 697 2035 omnesquae
712 1978 821 2018 sursum
841 1968 915 2026 sunt,
938 1969 1065 2029 tanquam
1119 1963 1311 2038 intelligerent,
1327 1963 1426 2036 legitur
1440 1965 1578 2034 aperuisse
1598 1965 1608 2034 i
1616 1967 1681 2020 lue.
1703 1980 1786 2026 ιιιιιν,
1805 1966 1867 2032 ts),
1884 1964 1925 2015 in-

266 2051 380 2108 inescati
390 2052 571 2125 bisquaesunt
584 2068 667 2124 super
683 2058 796 2116 terram,
813 2049 933 2106 violento
948 2047 1064 2120 qrrodam
1120 2051 1254 2108 tellectum
1267 2050 1540 2121 potiusiniormabat,
1550 2051 1924 2123 quampurgabataiiecturn.

267 2139 424 2209 praejudicio
440 2139 602 2197 allectionis.
620 2139 695 2194 Unde
712 2138 785 2194 enim
809 2154 856 2205 ea,
872 2152 953 2209 quam
984 2133 1065 2205 paulo
1156 2145 1198 2199 tt,
1240 2139 1355 2208 Quando
1388 2141 1459 2194 enim
1496 2141 1530 2194 arl
1555 2140 1702 2210 spiritualia
1716 2139 1790 2196 affici
1812 2150 1925 2210 possent

266 2234 330 2284 ante
343 2228 524 2295 ostendimus,
550 2229 701 2285 animorum
716 2227 868 2292 diversitas,
885 2231 959 2280 tanta
974 2223 1066 2294 dispa·
1119 2227 1268 2284 animales?
1283 2229 1340 2284 lmo
1359 2243 1424 2284 vero
1439 2244 1474 2282 ne
1489 2227 1574 2299 ipsam
1590 2228 1699 2299 quidem
1715 2243 1823 2283 meram
1840 2228 1923 2282 lucem

266 2315 352 2372 riliras
365 2316 532 2384 studiorum,
547 2316 784 2374 conversationum
801 2323 875 2369 tanta
895 2311 1065 2368 dissimilitu-
1119 2323 1245 2388 poterant
1264 2314 1356 2372 926
1378 2316 1550 2386 aliquatenus
1564 2317 1709 2378 sustinere,
1725 2315 1774 2371 sed
1792 2315 1923 2372 exiribere

265 2403 323 2460 do?
338 2404 414 2461 Unde
430 2405 576 2476 spiritualis
588 2405 683 2478 gratim
696 2404 789 2475 inopia
803 2409 877 2458 tanta
893 2400 1064 2474 quibusdam,
1119 2405 1171 2460 rllis
1179 2404 1300 2476 oportuit
1312 2404 1430 2460 Verbum
1440 2405 1470 2459 in
1482 2420 1563 2460 earne
1576 2448 1582 2474 ‚
1596 2405 1680 2460 selem
1692 2405 1719 2458 in
1730 2405 1817 2470 nube,
1827 2405 1924 2458 lumem

264 2508 324 2550 cum
339 2493 398 2550 aliis
412 2495 490 2567 eopia
505 2500 579 2550 unm
593 2491 741 2550 exuberet?
751 2491 875 2548 Proiecto
889 2505 940 2546 neo
955 2503 1064 2553 avarus,
1119 2495 1147 2548 in
1174 2499 1254 2563 testa,
1279 2493 1376 2548 melin
1400 2508 1473 2564 cera,
1495 2508 1606 2548 cereum
1629 2493 1657 2547 in
1671 2493 1786 2549 laterna.
1804 2483 1922 2564 Spiritus

264 2597 315 2638 uec
328 2581 407 2656 inops
420 2590 463 2640 est
475 2583 570 2656 gratim
585 2581 744 2638 distributor
754 2598 762 2648 ;
774 2578 823 2635 sed
839 2578 885 2633 ubi
899 2592 985 2634 vacua
1000 2591 1068 2630 vasa
1120 2588 1183 2638 ante
1203 2580 1300 2637 taciem
1315 2581 1422 2637 illorum
1436 2580 1559 2638 cliristus
1572 2581 1713 2650 Dominus,
1730 2581 1781 2637 sed
1798 2597 1859 2637 non
1875 2581 1924 2636 uti·

264 2680 378 2748 desunt,
392 2687 465 2738 stare
475 2680 564 2738 oleum
575 2695 689 2735 necesse
705 2683 758 2735 est.
769 2675 900 2746 Undique
916 2689 978 2729 sese
986 2672 1066 2745 inge·
1121 2687 1173 2744 que
1184 2670 1243 2728 sine
1253 2671 1358 2741 umbra,
1369 2670 1398 2725 in
1408 2686 1461 2742 qua
1471 2671 1595 2726 viverent
1606 2669 1715 2725 interim
1730 2670 1806 2724 inter
1816 2676 1924 2744 gentes.

265 2769 300 2824 rit
312 2783 389 2826 amer
403 2769 512 2824 mundi:
534 2783 596 2824 cum
613 2764 861 2831 consolationibus,
881 2762 936 2818 imo
955 2761 1067 2816 desola—
1124 2759 1199 2816 Unde
1214 2767 1241 2816 et
1255 2759 1361 2833 Virgini
1376 2759 1476 2832 legitur
1491 2761 1668 2816 obumbrasse
1681 2759 1762 2830 (Luc.
1780 2775 1801 2823 ι,
1819 2763 1925 2827 35.t,ne

266 2856 383 2912 tionibus
404 2855 459 2910 suis
477 2855 605 2910 observat
619 2852 723 2921 aditus,
739 2867 790 2922 per
814 2849 950 2905 fenestras
971 2847 1067 2914 irmit,
1121 2849 1316 2906 vehementiori
1342 2849 1516 2904 reverberata
1539 2848 1695 2920 splendore,
1712 2848 1746 2903 ad
1762 2847 1925 2904 eandidissi-

266 2953 386 3000 meotem
405 2952 534 3014 occupat,
554 2942 603 2998 sed
619 2955 674 2998 non
700 2938 822 3011 ejusqui
852 2937 940 2994 dixit:
963 2937 1069 2992 llencii
1122 2953 1193 2993 mam
1207 2936 1279 2992 illam
1294 2937 1392 3005 lucem,
1407 2936 1633 3009 purissimumque
1654 2937 1804 3008 fulgorem,
1828 2937 1925 2990 divini·

267 3033 604 3096 comoiomcnimameor
620 3028 856 3101 memoriuilici,
873 3026 1068 3084 ctdcieetntcs
1122 3027 1197 3092 tatis,
1211 3025 1291 3080 etiam
1320 3025 1391 3080 illius
1414 3026 1511 3098 aquilm
1527 3035 1618 3096 posset
1632 3026 1704 3082 acies
1718 3025 1862 3080 hebetari.
1880 3028 1926 3080 lli-
1993 3023 1994 3036 ¹

267 3122 350 3190 rum(
360 3117 861 3188 Psobtxxvt,³,l).Praeoccupatum
874 3131 972 3184 nempe
983 3128 1067 3169 saecu·
1123 3115 1196 3170 nime
1213 3121 1302 3170 tamen
1321 3114 1363 3168 vel
1379 3115 1465 3168 nubes
1484 3114 1541 3184 ipsa
1564 3114 1631 3170 levis
1645 3130 1706 3169 esse
1721 3113 1812 3185 potuit
1829 3116 1926 3176 etiosa.

266 3208 369 3266 laribus
381 3206 524 3265 desideriis
533 3206 652 3264 animum
666 3204 811 3264 delectatio
827 3211 921 3260 sancta
935 3201 1066 3268 declinam
1084 3175 1106 3252 ὓ
1123 3203 1174 3260 sed
1188 3217 1219 3258 ea
1235 3216 1343 3274 quoque
1358 3216 1423 3256 usus
1442 3209 1484 3256 est
1499 3202 1526 3255 ia
1538 3202 1667 3269 salntem;
1688 3201 1927 3272 etdiscipulorum

267 3314 319 3355 nee
340 3297 448 3354 misceri
476 3305 604 3368 poterunt
621 3294 790 3359 veravanis,
819 3299 923 3348 aeterna
939 3290 1068 3358 caducis,
1123 3293 1237 3358 animes,
1253 3291 1299 3362 qui
1315 3306 1365 3346 nec
1380 3289 1414 3344 ad
1430 3290 1493 3344 iidei
1508 3290 1742 3358 intellectunisine
1758 3290 1853 3362 aliqua
1870 3311 1927 3346 mu·

267 3387 413 3460 spiritualia
427 3385 627 3457 corporalibus,
643 3399 750 3442 summa
764 3381 845 3446 imis,
860 3389 890 3436 nt
903 3379 1005 3451 pariter
1022 3393 1069 3432 sa·
1125 3377 1226 3434 tatione
1245 3377 1360 3434 allectus
1375 3385 1501 3448 poterant
1519 3379 1683 3450 promoveri,
1707 3395 1760 3435 nee
1779 3396 1929 3452 assurgere

268 3478 325 3548 pias
339 3491 521 3548 quaesursnm
536 3479 649 3539 sunt,et
665 3487 726 3543 quae
740 3485 824 3541 super
841 3478 956 3525 terram.
1124 3469 1211 3525 adlrue
1236 3470 1270 3524 ad
1293 3468 1444 3540 spiritualia
1471 3468 1665 3540 premissam,
1695 3469 1722 3524 in
1751 3487 1812 3526 snae
1841 3474 1929 3526 carnis

308 3569 340 3621 9.
366 3565 471 3621 Felices
484 3563 611 3618 nimirum
636 3561 685 3617 viri
699 3558 751 3624 illi,
768 3575 819 3632 per
836 3573 905 3629 quos
926 3555 1070 3612 Dominira
1124 3558 1280 3628 provocavit
1294 3557 1437 3612 aiiectum:
1455 3566 1586 3612 utamore
1597 3557 1712 3628 quodam
1727 3560 1852 3614 humano
1867 3577 1929 3628 ope·

268 3655 390 3712 ascensio
405 3653 506 3726 legitur
518 3651 795 3724 praesignataAEnoelr
811 3655 905 3719 raptus
935 3649 945 3716 (
961 3647 1037 3703 Ecelr'
1044 3685 1051 3698 .
1124 3647 1194 3702 ranti
1209 3646 1286 3714 mira,
1301 3646 1369 3701 mira
1383 3646 1504 3717 loquenti
1519 3645 1620 3701 bomini
1635 3645 1822 3716 adhaererent,
1838 3663 1928 3704 amore

269 3759 350 3799 xciv.
367 3743 471 3814 til)‚et
484 3738 630 3797 translatus
641 3737 714 3794 Elias
728 3738 738 3806 (
751 3737 919 3808 li'iiepar,
936 3732 1069 3802 ll).Feli-
1124 3735 1217 3807 utique
1241 3735 1343 3792 carnali
1364 3735 1461 3803 adbuc,
1487 3736 1535 3791 sed
1560 3743 1615 3790 tam
1639 3733 1737 3804 valido,
1766 3743 1796 3790 ut
1823 3738 1928 3791 ceteris

267 3848 315 3888 ces
329 3831 474 3903 plane,qui
488 3829 537 3886 soli
550 3830 605 3899 jam
623 3827 681 3882 Deo
695 3825 802 3889 vivum,
817 3823 866 3879 soii
880 3829 979 3878 vacant
992 3820 1071 3875 intel·
1123 3822 1251 3878 omnibus
1274 3823 1447 3893 praevaleret.
1473 3821 1605 3880 Nimirum
1628 3823 1671 3878 hic
1696 3830 1757 3877 erat
1782 3822 1832 3878 illc
1848 3824 1927 3892 lloysi

267 3919 388 3995 ligendo,
403 3917 551 3990 diligendo,
560 3915 791 3986 iruendo.Neque
802 3911 874 3970 enim
884 3925 1000 3982 corpora
1009 3925 1070 3980 qum
1124 3926 1249 3982 serpens,
1265 3910 1312 3982 qui
1327 3916 1470 3980 serpentes
1483 3926 1623 3981 magorum
1643 3909 1757 3982 AEgypti
1773 3925 1876 3966 omnes
1887 3928 1929 3980 pa-

268 4015 487 4081 rorrumpuntur,
503 4006 563 4062 illas
577 4011 730 4077 aggravant
748 4000 867 4066 animas,
890 4007 940 4056 aut
959 4006 1070 4054 terrena
1124 3999 1190 4055 riter
1204 3999 1346 4056 devoravit
1359 3999 1458 4067 (deod.
1475 4014 1524 4066 vrr,
1546 4001 1602 4071 te).
1618 3999 1740 4070 Denique
1759 4015 1765 4052 ε
1783 4002 1858 4054 Ecce
1869 4017 1927 4060 narr,

266 4097 425 4153 inhabitatio
440 4111 537 4152 sensus
551 4109 659 4163 eorum,
677 4102 806 4162 tanquam
822 4088 905 4144 multa
920 4088 1071 4158 ccg'tantes
1124 4088 1258 4160 inquiunt,
1285 4089 1454 4160 reliquimus
1477 4091 1582 4156 ornain,
1607 4093 1636 4144 et
1663 4088 1754 4144 scruti
1775 4104 1879 4144 sumne
1904 4093 1928 4141 tr

267 4187 409 4260 deprimit,
424 4185 471 4255 qui
489 4199 550 4238 cum
565 4183 623 4237 Deo
648 4180 803 4236 ambulasse
818 4185 982 4234 noscuntur.
1005 4177 1072 4230 Fac·
1125 4177 1236 4248 (licitis.
1253 4192 1313 4246 xrx,
1329 4177 1386 4244 til.
1401 4176 1475 4230 Brati
1491 4175 1625 4246 siquidem
1638 4175 1718 4243 oculi,
1735 4175 1782 4246 qui
1798 4175 1929 4230 videbant

270 4287 327 4332 tum
342 4281 384 4330 est
397 4272 621 4342 impedimentum
635 4283 717 4325 omne
732 4269 767 4322 de
782 4265 883 4334 medio,
895 4263 1002 4320 occasio
1016 4264 1073 4318 uni·
1126 4266 1268 4323 Dominum
1283 4266 1436 4335 majestatis
1450 4267 1478 4320 in
1493 4282 1575 4322 carne
1591 4272 1765 4337 praesentern,
1783 4274 1928 4320 auctorem

270 4377 351 4419 vem
364 4360 468 4416 sublabi
477 4401 484 4425 t
494 4358 624 4416 materies
637 4357 710 4413 nulla
726 4354 822 4411 relicta
836 4360 887 4418 est,
899 4367 961 4423 quoe
977 4365 1071 4405 eorum
1127 4355 1309 4411 universitatis
1318 4355 1389 4412 inter
1410 4356 1533 4412 homines
1547 4361 1765 4420 conversantem,
1781 4355 1930 4411 virtutibus

270 4450 396 4507 affectum
409 4455 552 4522 aggravet,
568 4447 612 4505 vel
620 4445 758 4518 deprimat
768 4441 933 4498 intellectum
943 4482 948 4494 .
960 4440 1028 4494 Nam
1044 4445 1072 4495 et
1088 4475 1111 4552 n
1127 4453 1325 4511 coruscantem,
1346 4445 1468 4500 irriirmos
1489 4451 1640 4510 curantem,
1659 4445 1745 4500 maria
1762 4445 1929 4500 calcantem.

270 4543 390 4616 priorem
401 4543 437 4602 eb
452 4539 504 4596 hoe
512 4545 620 4610 raptum
631 4533 773 4605 Scriptura
788 4536 982 4586 commemorat
998 4527 1071 4597 (48),
1128 4539 1249 4586 mortuos
1266 4532 1451 4600 suscitantem,
1472 4531 1603 4587 demonis
1623 4531 1815 4603 imperantem,
1834 4539 1864 4586 et
1879 4546 1932 4601 pe

271 4648 306 4689 ne
329 4633 399 4690 iorte
423 4631 515 4689 vineat
535 4626 638 4684 mulitia
660 4621 839 4694 sapientiam,
866 4627 894 4674 θῑ
923 4617 1073 4674 intellectus
1128 4627 1253 4678 testatem
1275 4618 1391 4676 similem
1410 4621 1565 4676 bominibus
1585 4619 1800 4686 conferentem
1836 4620 1931 4674 mitem

272 4723 332 4792 ejus
340 4723 383 4780 vel
396 4723 488 4778 anima
499 4719 570 4776 ultra
580 4714 678 4788 decepi
689 4713 792 4778 valeat,
809 4705 967 4766 autmutari
984 4708 1071 4780 (Sap.
1127 4717 1155 4763 et
1166 4706 1293 4764 immilem
1319 4707 1412 4774 corde,
1431 4708 1591 4778 benignum,
1607 4705 1757 4772 aiiabilem,
1774 4707 1934 4762 misericor-

272 4823 319 4875 ιγ,
334 4811 396 4882 tr),
1127 4797 1179 4852 diae
1193 4796 1341 4852 visceribus
1355 4795 1524 4862 allidentem,
1538 4799 1646 4868 Agnum
1656 4795 1707 4852 Dei
1717 4801 1863 4865 peceatum
1876 4813 1933 4850 nen

310 4899 356 4952 tu.
378 4897 464 4953 Nobis
485 4902 578 4952 autem
601 4894 675 4950 unde
696 4892 723 4947 in
748 4888 791 4944 bis
814 4886 935 4944 tenebris
956 4886 1070 4954 veritas,
1127 4885 1282 4950 habentem,
1311 4893 1337 4938 et
1357 4884 1474 4942 omnium
1506 4893 1617 4956 peccata
1646 4890 1813 4956 portantem.
1841 4885 1934 4939 Beata

273 4986 347 5044 unde
361 4983 478 5042 ebaritas
490 4985 518 5039 in
532 4986 584 5040 boc
598 4982 695 5039 saecrdo
709 4992 839 5051 nequam,
848 4976 876 5030 in
890 4978 943 5032 boe
959 4975 1070 5044 mundo,
1127 4990 1216 5040 aures,
1233 4989 1294 5045 quae
1305 4975 1388 5030 verba
1402 4974 1465 5030 vitae
1480 4976 1514 5030 ab
1529 4974 1613 5046 ipsius
1628 4974 1762 5028 incarnati
1778 4975 1869 5028 Verbi
1884 4989 1934 5028 err

272 5073 318 5148 qui
334 5081 406 5130 totus
422 5073 524 5146 positus
542 5077 583 5126 est
603 5069 630 5124 in
647 5067 787 5141 malque?
801 5063 892 5128 Putas,
902 5062 955 5120 erit
969 5062 1015 5134 qui
1029 5063 1072 5118 in·
1127 5063 1268 5136 percipere
1288 5064 1475 5132 merebantur,
1492 5063 1589 5135 quibus
1604 5065 1751 5120 enarrabat
1767 5063 1937 5136 Unigenitns

272 5163 410 5222 tellectum
431 5161 578 5226 illuminet,
601 5160 647 5232 qni
665 5156 812 5212 lsilammet
838 5150 987 5209 aiieetum‘l
1014 5151 1072 5206 Erit
1126 5153 1172 5226 qui
1188 5153 1271 5208 estin
1291 5153 1350 5208 sinu
1370 5152 1467 5218 Patris,
1485 5160 1512 5210 et
1536 5160 1599 5208 nota
1618 5152 1735 5209 iaciebat
1756 5169 1936 5224 quaecunque

272 5253 380 5326 utique,
394 5252 416 5308 si
432 5258 624 5308 convertamur
647 5245 682 5302 ad
695 5244 881 5308 Christum,ut
898 5239 1024 5297 velamen
1038 5240 1072 5296 de
1127 5241 1245 5297 audisset
1268 5257 1284 5296 a
1301 5243 1378 5296 Patre
1399 5256 1405 5294 :
1432 5248 1461 5297 ut
1480 5243 1580 5296 liuenta
1604 5241 1735 5296 doctrinm
1755 5241 1882 5298 eoelestis
1901 5243 1938 5294 ab

272 5342 400 5400 cordibus
421 5340 574 5398 auferatur.
595 5337 644 5394 llic
658 5342 702 5392 est
720 5333 792 5390 enim
808 5333 842 5388 de
863 5347 917 5404 quo
941 5330 1072 5402 seriptum
1127 5321 1210 5401 ipsius
1226 5328 1351 5384 Veritatis
1365 5329 1510 5399 purissimo
1529 5327 1604 5386 iente
1619 5329 1769 5395 haurirent,
1793 5329 1938 5386 universis

272 5437 331 5485 est:
347 5420 1072 5501 actitareturinrepiomambroemortialaaorta
1127 5419 1298 5488 postmodum
1330 5417 1458 5490 gentibus
1487 5416 1666 5490 propinanda,
1697 5417 1752 5472 imo
1781 5419 1938 5474 eructanda

272 5523 316 5575 cri
330 5521 369 5574 eir
382 5519 448 5590 (iro.
463 5537 493 5576 ιιι
502 5521 553 5588 ,lb
566 5517 704 5590 Siquidem
718 5514 818 5586 prioris
828 5509 989 5585 ignorantiae
1005 5517 1073 5564 tem·
1128 5513 1260 5576 potarent.

273 5619 341 5677 pora
365 5605 515 5676 despiciens
541 5608 630 5674 Deus,
656 5607 826 5662 annuntiavit
850 5603 1020 5665 bominibus,
1043 5608 1073 5658 ut
1167 5605 1207 5656 ta.
1224 5597 1293 5666 Quid
1309 5597 1418 5659 mirum,
1441 5597 1546 5663 iratres,
1563 5597 1586 5650 si
1605 5595 1734 5666 implebat
1753 5597 1868 5651 tristitia
1886 5613 1935 5652 cor

308 5693 366 5764 (68)
386 5692 453 5748 Vide
472 5710 553 5766 supra
567 5709 650 5750 serm.
671 5699 698 5763 3,
719 5711 795 5750 ιιιιιιι.
817 5700 843 5749 t.
