3950 6350
271 456 322 511 175
734 450 763 505 S.
784 448 962 508 uuhhtahl
976 447 1117 504 sustris
1131 449 1454 511 CLARAE-VALLENSIS
1881 452 1931 504 t'tt

206 619 208 624 .
269 563 350 650 reges
360 581 388 631 et
397 568 547 644 principes,
557 570 648 629 clerus
657 580 684 629 et
696 573 821 645 populns,
833 571 939 631 nobiles
949 580 978 630 et
986 573 1067 644 igno-
1083 576 1106 666 Α
1122 573 1189 644 Quis
1205 576 1254 631 tibi
1270 576 1377 634 ridetur
1392 573 1532 648 protimus
1548 572 1632 630 fuisse
1648 571 1686 629 illi
1707 573 1755 646 qni
1776 569 1887 629 incidit
1905 574 1932 628 in

267 663 345 728 biles,
359 660 441 718 simul
455 660 483 716 in
501 676 586 717 unum
607 661 686 719 dives
704 669 732 719 et
750 678 865 736 pauper.
884 663 949 720 Haec
966 662 1066 720 idcirco
1120 662 1259 720 latrones?
1285 665 1383 739 Utique
1405 663 1450 736 qui
1472 662 1537 720 iecit
1562 679 1624 719 curn
1644 677 1677 720 eo
1701 661 1931 719 misericordiam

265 751 390 819 dixerim,
413 751 522 820 iratres,
547 767 582 808 ne
601 752 663 825 quis
681 750 753 808 lorte
772 752 899 808 turbetur
919 749 1064 824 apusilla·
1120 751 1200 824 (Lao.
1214 769 1243 820 ιι,
1258 757 1304 826 36,
1320 753 1459 826 37),Ergo
1473 753 1537 825 quia
1551 759 1608 808 toto
1622 752 1674 810 hcc
1692 759 1820 824 tempore
1839 750 1930 806 mise-

265 842 388 900 nimitate
407 841 527 914 spiritus,
544 849 572 898 et
585 841 718 915 ieiunium
732 857 857 916 praesens
872 840 970 898 minori
982 840 1066 896 devo-
1120 841 1244 899 ricordiaa
1258 842 1397 915 proximus
1415 848 1467 908 εει,
1487 843 1604 916 quaerite
1621 845 1788 909 Dominam,
1810 841 1928 897 charis·

266 931 341 990 tione
356 932 495 1004 suscipiat,
509 931 574 987 dum
593 947 623 987 se
639 929 764 988 fortassis
787 931 945 988 meminerit
967 929 1065 1001 prioris
1119 927 1190 998 simi,
1200 929 1401 989 damicoerra'ri
1408 933 1515 1004 potast-
1525 931 1653 989 invocate
1668 947 1743 998 eum,
1754 930 1830 987 dam
1838 947 1928 1004 prope

267 1037 376 1096 quoque
389 1021 487 1094 jejunii
505 1022 610 1095 pondus
629 1021 695 1078 satis
715 1021 826 1078 difficile
847 1022 989 1077 tolerasse.
1009 1019 1066 1074 lloc
1120 1021 1172 1073 est.

267 1111 342 1168 enim
357 1117 488 1184 qnantum
502 1115 591 1182 potest
603 1108 710 1166 laborat
727 1109 901 1167 adversarius
916 1115 1021 1176 noster,
1035 1114 1066 1162 ut
1155 1109 1180 1164 l.
1206 1106 1399 1164 Verumtamen
1419 1107 1549 1182 praesenti
1571 1108 1792 1184 Quadmgesima
1815 1108 1927 1178 majore

266 1200 457 1257 holocaustum
474 1208 597 1256 nostrum
611 1198 765 1256 devotionis
778 1197 948 1272 pinguedine
962 1211 1064 1253 vacue·
1120 1194 1197 1250 uobis
1211 1202 1253 1252 est
1270 1195 1377 1253 fervore
1392 1197 1565 1269 quaerendus,
1581 1213 1642 1269 quae
1663 1212 1717 1252 non
1733 1196 1827 1253 solum
1851 1211 1925 1268 pars,

267 1295 321 1356 tur,
341 1296 370 1345 ut
389 1296 417 1345 et
436 1287 526 1344 minus
546 1296 689 1359 acceptum
709 1288 831 1356 sithoc,
852 1283 1065 1344 otcouscientia
1119 1283 1168 1339 sed
1196 1291 1224 1341 et
1250 1293 1449 1343 sacramentum
1483 1293 1525 1343 est
1552 1285 1633 1342 totius
1661 1285 1797 1359 temporis
1831 1286 1925 1354 hujus

266 1385 362 1435 nostra
375 1377 403 1433 in
417 1375 549 1450 spirituali
563 1376 662 1450 gaudio
673 1376 762 1433 minus
777 1375 942 1433 exhilaretur
953 1373 1065 1446 :sicque
1118 1371 1268 1445 Propterea
1282 1374 1304 1430 si
1318 1374 1387 1432 torte
1408 1374 1505 1432 diebus
1519 1375 1627 1432 certeris
1646 1375 1735 1432 studia
1751 1381 1858 1431 nostra
1877 1375 1925 1429 ali-

266 1466 301 1522 de
328 1465 550 1539 pusillanimitate
580 1465 747 1532 tolerantiae,
776 1464 859 1521 etiam
889 1461 1065 1520 conscientiae
1119 1470 1253 1532 qnatenus
1266 1462 1450 1536 intepuerant,
1463 1463 1577 1538 dignrmr
1592 1471 1634 1520 est
1648 1471 1679 1520 nt
1689 1463 1804 1521 nuncin
1816 1463 1926 1521 fervore

265 1553 472 1627 pusillanimitas
493 1561 650 1631 generetur.
673 1555 757 1626 Cujus
777 1553 890 1611 astutias
910 1568 965 1609 non
983 1552 1064 1626 igno·
1119 1551 1230 1622 spiritus
1244 1552 1419 1610 recalescant.
1435 1552 1514 1622 Quod
1528 1554 1550 1610 si
1563 1553 1698 1628 gulosola
1714 1554 1859 1626 peccavit,
1873 1553 1925 1610 soh
1967 1555 1968 1560 ’

266 1650 370 1711 rantes,
394 1651 461 1712 tota,
486 1643 612 1714 obsecro,
638 1643 769 1700 adversus
793 1659 855 1700 eum
886 1640 1065 1699 sollicitudine
1119 1654 1228 1712 quoque
1242 1641 1355 1712 jejunet,
1372 1645 1399 1696 et
1417 1639 1526 1707 suflicit,
1546 1641 1573 1698 Si
1592 1656 1659 1699 vero
1678 1647 1877 1714 peecaverunt
1897 1653 1922 1698 et

265 1731 426 1804 vigilemus:
443 1739 471 1788 et
489 1731 551 1804 quia
565 1732 681 1787 hilarem
694 1731 817 1790 datorem
832 1730 919 1804 diligit
932 1733 1014 1798 Deus,
1036 1735 1065 1786 et
1119 1728 1243 1784 membra
1256 1737 1365 1800 catera,
1380 1746 1428 1787 cur
1440 1745 1497 1786 non
1510 1731 1648 1802 jejunent,
1663 1737 1690 1787 et
1711 1728 1792 1802 ipsa?
1811 1730 1924 1801 Jejunet

265 1821 324 1893 ipsa
352 1836 462 1894 quoque
493 1817 661 1878 conscientia
688 1829 782 1879 nostra
811 1819 934 1895 ampliori
965 1816 1064 1876 exinde
1119 1831 1185 1889 ergo
1209 1817 1314 1892 oculus,
1333 1819 1380 1893 qui
1400 1819 1573 1893 depraedatus
1591 1825 1633 1876 est
1651 1817 1788 1890 animam3
1813 1819 1925 1892 jejunat

268 1909 366 1967 liduoia
387 1909 563 1982 sublevatum
587 1917 621 1990 ut¹
641 1909 781 1968 devotiora
803 1911 860 1966 sint
878 1917 972 1966 nostra
988 1907 1063 1979 jeju·
1079 1897 1102 1976 Β
1118 1905 1200 1975 auris,
1215 1907 1324 1978 jejunet
1336 1907 1439 1984 lingua,
1459 1909 1568 1981 jejunet
1586 1923 1692 1978 manus,
1709 1907 1825 1978 ieiunet
1842 1907 1923 1964 etiam

264 1999 321 2068 nia,
349 1998 464 2056 sollicite
492 1997 571 2056 nobis
598 1998 682 2056 totius
715 1997 845 2057 Ecclesiae
879 2011 1065 2072 proponamus
1118 1991 1290 2065 animaipsa.
1304 1995 1418 2066 lejuuet
1437 1996 1531 2054 oculus
1549 2011 1566 2052 a
1584 1996 1696 2055 annosis
1714 1998 1883 2070 aspectibus
1898 2007 1924 2055 ct

267 2088 403 2161 exempla.
724 2129 731 2145 .
1117 2082 1192 2138 omni
1208 2082 1368 2155 petulantie,
1392 2092 1423 2143 ut
1442 2087 1515 2144 bene
1533 2086 1690 2144 humiliatus
1707 2095 1878 2146 coerceatur
1897 2088 1922 2144 in

301 2181 329 2232 2.
344 2176 398 2232 Sed
409 2175 475 2248 quid
489 2175 523 2232 de
537 2175 579 2231 bis
599 2175 709 2250 loquor,
727 2190 797 2249 quos
815 2175 948 2233 habemus
967 2173 995 2229 in
1012 2175 1064 2230 hae
1117 2172 1287 2243 poenitentia,
1302 2173 1348 2246 qui
1360 2173 1430 2232 mala
1449 2173 1521 2233 liber
1537 2179 1689 2250 vagabatur
1706 2177 1735 2233 in
1754 2177 1853 2250 culpa.
1874 2178 1920 2234 le-

262 2264 359 2336 jejunii
381 2263 571 2323 observatione
600 2263 766 2322 consortes?
784 2262 864 2337 qnasi
895 2277 950 2320 non
979 2261 1064 2318 molto
1116 2260 1195 2331 junet
1209 2261 1283 2318 euris
1296 2263 1424 2336 nequiter
1433 2264 1697 2344 pruriensaiahulis
1708 2272 1737 2322 et
1746 2265 1920 2332 rumoribus,

263 2354 473 2413 excellentiores
487 2354 636 2410 habeamus
650 2353 679 2410 in
694 2369 727 2409 ea
740 2352 835 2420 duces,
850 2352 907 2409 imo
921 2357 949 2408 et
963 2366 1062 2408 conse·
1117 2355 1146 2404 et
1167 2365 1339 2423 quaeeunque
1361 2351 1449 2410 otiosa
1468 2359 1540 2423 sunt,
1561 2360 1589 2412 et
1609 2354 1644 2410 ad
1663 2353 1780 2412 salutern
1807 2355 1920 2411 minime

262 2450 394 2501 aratores.
410 2443 518 2514 Quanta
532 2441 677 2500 devotione
693 2442 896 2515 suscipiendum
914 2449 957 2498 est
971 2439 1062 2507 nobis,
1117 2439 1293 2510 pertinentia.
1308 2441 1419 2512 Jejunet
1435 2441 1528 2516 lingua
1542 2459 1558 2499 a
1571 2443 1740 2501 detractione
1756 2450 1786 2500 et
1801 2459 1920 2502 mur-mn

261 2529 365 2606 quoda
379 2531 579 2604 sanctolloyse
593 2538 724 2604 tanquam
739 2529 911 2587 haereditario
929 2532 991 2600 jnre
1006 2537 1063 2585 tra·
1117 2528 1232 2596 ratione,
1253 2529 1287 2585 ab
1307 2530 1457 2602 inutilibus,
1474 2531 1550 2589 vanis
1568 2539 1652 2605 atque
1670 2531 1837 2589 scurrilibus
1858 2549 1919 2589 ver-

260 2619 333 2676 ditur
356 2620 455 2689 (Ecod.
477 2634 583 2686 xxxiv,
604 2618 663 2690 28),
683 2617 727 2675 cui
750 2617 861 2690 speciali
878 2635 936 2691 praa
954 2617 1062 2675 caeteris
1116 2617 1175 2673 bis:
1191 2617 1330 2675 interdum
1345 2635 1465 2693 quoque,
1481 2621 1517 2678 ob
1530 2621 1692 2695 gravitatem
1702 2620 1809 2677 silentii
1832 2630 1872 2688 et,
1886 2623 1918 2675 ab

259 2709 402 2782 prophetis
416 2708 604 2782 praerogativa,
620 2707 690 2764 lacie
705 2709 740 2764 ad
759 2706 857 2764 faciem
870 2706 1002 2765 Dominus
1017 2706 1061 2763 lo·
1115 2705 1181 2778 ipsis
1194 2723 1255 2779 quae
1267 2708 1354 2764 videri
1367 2715 1494 2780 poterant
1508 2710 1672 2767 necessaria.
1687 2711 1808 2782 Jejunet
1824 2725 1918 2765 manns

261 2799 423 2872 qoebaturt
439 2797 539 2870 (Exod.
562 2812 666 2864 ιιιιιιιι,
683 2796 742 2870 ll.)
756 2796 863 2866 Quanto
878 2798 985 2855 lervore
998 2805 1060 2854 arri-
1115 2794 1149 2850 eb
1159 2794 1254 2852 otiosis
1264 2796 1359 2866 agnis,
1371 2804 1399 2854 et
1413 2798 1447 2855 ab
1456 2799 1586 2872 operibus
1595 2799 1730 2870 omnibus,
1744 2815 1916 2873 quaeeunque

260 2889 439 2961 plectendum
453 2895 505 2953 est,
521 2889 595 2960 qnod
609 2887 681 2943 Elias
695 2885 741 2942 ille
751 2885 924 2942 commendat
936 2887 988 2958 (lll
995 2891 1059 2959 hep.
1116 2896 1171 2939 nou
1185 2890 1248 2940 sunt
1262 2885 1411 2961 imporata3
1429 2889 1478 2946 sed
1492 2895 1520 2946 et
1535 2886 1619 2944 multo
1640 2889 1728 2962 magis
1746 2889 1846 2945 anima
1863 2889 1917 2959 ipss

260 2993 324 3050 xix,
337 2980 377 3049 8),
392 2977 475 3052 igneo
488 2993 568 3034 curru
583 2984 676 3050 raptus
698 2973 726 3029 in
744 2972 868 3030 coeluml
885 2975 935 3041 (IV
947 2977 1011 3048 hep.
1030 2989 1059 3046 n,
1113 2971 1252 3042 jejnneta
1275 2972 1359 3041 vitiis,
1380 2981 1408 3030 et
1429 2976 1540 3048 propria
1564 2973 1701 3033 voluntate
1721 2993 1786 3032 sua.
1811 2977 1916 3034 Etenim

260 3065 317 3139 lt.)
340 3067 412 3122 Ecce
437 3063 509 3121 enim
530 3079 612 3137 quam
635 3062 720 3119 multa
740 3061 822 3117 millia
848 3077 864 3116 a
891 3061 987 3118 diebus
1008 3061 1060 3117 ills
1114 3059 1174 3116 sine
1187 3061 1468 3132 jeiunioharccaetera
1482 3079 1498 3119 a
1511 3065 1629 3122 Domino
1643 3064 1917 3135 reprobantur,sicut

260 3152 396 3230 generalis
408 3151 529 3210 conditio
543 3151 639 3208 mortis
653 3149 771 3209 invasit:
787 3148 860 3206 Elias
871 3155 963 3204 tamen
972 3165 1060 3222 usque
1114 3150 1309 3222 scriptumest,
1326 3153 1390 3225 quia
1403 3155 1434 3211 in
1449 3153 1545 3212 diebus
1555 3157 1737 3228 jejuniorum
1753 3161 1915 3214 vestrorum
1965 3209 1967 3256 q

259 3242 357 3311 adhue,
373 3247 552 3300 conservante
566 3239 692 3310 Domino,
704 3245 800 3296 manus
815 3239 874 3310 ejus
889 3237 986 3295 evasit.
1000 3239 1059 3294 Janr
1113 3239 1274 3300 voluntates
1290 3248 1388 3301 cestrae
1402 3245 1593 3301 inveniantur
1606 3243 1683 3319 (lsai.
1699 3259 1776 3310 uvnr,
1792 3244 1835 3315 3).

258 3344 325 3387 vero
349 3329 373 3386 si
396 3327 591 3388 commendant
611 3327 750 3400 jejunium
768 3341 890 3399 praesens
909 3327 1016 3399 lloyses
1032 3333 1059 3382 et
1421 3325 1538 3389 Ssslthto
1556 3333 1592 3392 tv

257 3415 341 3486 Elias,
356 3417 479 3492 quamvis
492 3415 595 3492 magni,
611 3425 702 3473 tamen
712 3415 838 3474 conservi
853 3415 940 3472 nostri
950 3433 958 3488 ;
970 3430 1059 3488 qnan-
1326 3424 1364 3480 he
1382 3425 1509 3481 oratione
1527 3427 1555 3479 er
1569 3425 1692 3496 jejunio,

259 3519 316 3568 tum
331 3508 507 3568 commendat
520 3505 585 3563 illud
599 3506 679 3562 lesus
700 3505 828 3562 ῠοιιιίιιιιε
845 3513 949 3574 ιιοειει,
971 3505 1060 3576 quiet
1151 3509 1177 3561 l.
1198 3504 1267 3576 Quia
1282 3507 1378 3580 jejunii
1397 3511 1639 3583 quadragesimalis
1658 3519 1768 3584 tempus
1790 3512 1913 3578 advenit,

259 3599 319 3671 ipse
331 3598 429 3656 diebus
444 3595 559 3654 totidem
568 3594 726 3666 jejunavit?
740 3594 852 3668 (llatth.
862 3608 902 3662 nv,
914 3594 954 3664 2.)
967 3592 1061 3664 Qualis
1114 3593 1188 3666 qnod
1216 3601 1273 3652 tota
1299 3595 1444 3656 devotione
1469 3598 1606 3672 suscipere
1626 3614 1726 3657 moneo
1750 3599 1915 3657 charitatem
1966 3671 1967 3676 ἵ

258 3681 306 3743 ille
321 3693 375 3758 est,
389 3701 445 3743 non
459 3685 548 3742 dicam
565 3683 724 3755 monachus,
745 3683 794 3740 sed
814 3682 991 3752 Christianus,
1013 3682 1059 3756 qni
1114 3691 1253 3752 vestrem;
1278 3683 1390 3762 dignum
1412 3703 1476 3745 rcor
1500 3688 1669 3762 aliquatenus
1682 3703 1840 3762 exponere,
1865 3703 1915 3762 quo

258 3776 350 3832 miuus
364 3774 462 3832 devote
474 3773 609 3844 ieiunium
621 3771 745 3845 suscipit,
762 3772 834 3844 quod
844 3771 869 3828 ei
880 3771 991 3827 tradidit
1000 3770 1059 3844 ipse
1114 3769 1213 3841 lructu,
1226 3781 1253 3830 et
1267 3776 1496 3847 quemadmodum
1507 3785 1632 3850 oporteat
1641 3778 1781 3849 jejunare.
1795 3779 1915 3836 Ριιιιιιιιιι

256 3863 401 3920 Christus?
418 3862 543 3936 Denique
558 3868 633 3920 tanto
647 3861 770 3918 devotius
795 3859 957 3916 imitandum
979 3860 1060 3918 nobis
1114 3860 1234 3933 quidem,
1249 3863 1358 3936 iratres,
1374 3881 1425 3937 pro
1437 3882 1470 3924 eo
1484 3868 1558 3940 quod
1572 3867 1606 3923 ab
1620 3866 1687 3938 ipsis
1701 3883 1818 3942 qnoque
1837 3869 1916 3926 licitis

257 3959 308 4016 est,
320 3949 497 4018 dilechssimi,
506 3949 605 4008 Christi
612 3946 764 4023 jejunantis
774 3949 941 4022 exemplum,
954 3955 1059 4020 quanto
1114 3949 1292 4020 abstinemus,
1304 3967 1336 4009 ea
1347 3953 1436 4022 nobis,
1448 3969 1509 4027 quae
1519 3953 1595 4028 prins
1605 3955 1806 4027 commisimus,
1825 3956 1915 4014 illicita

255 4039 356 4099 certius
374 4049 417 4098 est
430 4049 542 4114 propter
555 4055 606 4098 nos
620 4055 682 4096 eum
695 4038 854 4109 ieiunasse,
876 4053 931 4094 non
945 4044 1060 4110 propter
1114 4039 1311 4097 condonantur.
1335 4041 1406 4113 Quid
1429 4058 1495 4100 vero
1517 4051 1561 4100 est
1583 4042 1734 4100 condonari
1754 4049 1914 4119 commissa,

256 4147 287 4188 se
300 4129 400 4202 ipsum.
1114 4128 1165 4185 uisi
1177 4129 1283 4201 jeJunio
1297 4129 1382 4198 bravi,
1397 4130 1504 4202 jejunia
1524 4131 1620 4188 redimi
1639 4133 1837 4205 sempiterna?
1859 4136 1916 4193 Ge-

293 4221 321 4274 3.
336 4218 496 4287 ieiunemus
510 4233 587 4290 ergo,
601 4215 764 4285 charissimi,
780 4222 808 4272 et
835 4214 935 4272 devote
946 4213 1059 4285 jejune·
1114 4217 1233 4275 bennam
1252 4217 1325 4275 enirn
1344 4219 1503 4288 meruimus,
1522 4219 1570 4276 ubi
1587 4221 1678 4278 nulus
1695 4238 1822 4296 unquam
1842 4226 1917 4282 cibus

257 4320 318 4361 mus
331 4313 426 4362 sancto
440 4305 724 4379 hocQuadragesimae
741 4312 862 4377 tempore
876 4321 882 4362 :
897 4303 935 4358 ita
950 4319 1017 4361 sane
1029 4311 1059 4360 ut
1114 4311 1166 4372 est,
1186 4307 1334 4364 consolatio
1354 4306 1440 4377 nulla,
1460 4308 1592 4366 terminus
1610 4311 1718 4380 nullus3
1739 4311 1790 4368 ubi
1809 4321 1914 4386 guttam

256 4394 411 4452 noverimus
428 4394 666 4468 quadragesimam
681 4399 803 4449 nostram
818 4406 874 4448 non
896 4391 969 4448 solos
984 4401 1057 4466 qua·
1113 4407 1192 4466 aquae
1205 4394 1280 4452 dives
1292 4395 1422 4468 postulat,
1438 4402 1466 4453 et
1479 4395 1604 4470 accipere
1618 4413 1676 4454 uon
1691 4407 1819 4456 meretur
1838 4403 1914 4472 (Lac.

255 4481 381 4555 draginta
394 4483 454 4540 dies
472 4484 586 4540 babere.
609 4480 800 4540 Continuanda
821 4479 895 4537 enim
916 4480 995 4537 nobis
1016 4488 1058 4538 est
1073 4505 1096 4583 n
1112 4498 1172 4552 xvr,
1188 4486 1296 4556 at-ro).
1310 4485 1415 4544 Bonum
1430 4501 1495 4559 ergo
1511 4493 1539 4543 ct
1553 4486 1671 4545 salutare
1689 4488 1845 4559 jejunium,
1867 4505 1916 4564 quo

254 4573 464 4646 quadragesima
487 4570 577 4630 ⁸2⁰
594 4571 701 4628 cunctis
724 4569 822 4627 diebus
845 4570 954 4628 misera
976 4572 1057 4643 hujus
1113 4571 1282 4628 redimuntur
1303 4574 1410 4645 jejunia
1433 4571 1600 4646 sempiterna
1622 4581 1651 4632 ει
1674 4575 1826 4649 supplicia,
1855 4580 1918 4636 dum

253 4660 328 4729 vitae,
356 4661 421 4717 dum
448 4677 499 4734 per
526 4661 653 4718 aunhum
680 4659 775 4732 gratiae
793 4659 866 4732 (quse
887 4659 915 4714 in
942 4667 1058 4732 quatuor
1089 4659 1281 4718 ·redimuntnr
1295 4661 1389 4735 [elica
1405 4663 1588 4739 remittuntur]
1606 4665 1658 4723 hoo
1682 4665 1766 4723 modo
1786 4679 1916 4740 peccata.

253 4745 410 4821 Evangeliis
423 4748 642 4822 commendatur)
657 4763 770 4806 necesse
780 4758 821 4804 est
832 4763 881 4804 nos
891 4747 1056 4820 Dacalogum
1110 4748 1170 4805 Non
1181 4749 1268 4806 soluni
1277 4757 1368 4807 autem
1377 4751 1486 4808 abolitio
1497 4760 1539 4809 est
1551 4763 1736 4825 peccatorum,
1747 4755 1802 4812 sed
1814 4757 1917 4814 exstir-

253 4829 323 4910 l'egis
338 4837 462 4911 implere.
475 4838 722 4912 Errantplanequi
733 4837 1055 4910 paucissirnosdiesistos
1109 4837 1184 4910 patio
1203 4839 1351 4911 vitiorum;
1367 4854 1423 4895 non
1446 4840 1533 4896 solum
1547 4843 1654 4900 obtinet
1675 4845 1797 4913 veniam,
1820 4847 1875 4903 scd
1893 4855 1918 4902 et

253 4927 288 4981 ad
310 4927 500 4997 poenitentiam
519 4928 646 4984 sulficere
666 4927 792 4997 credunt,
812 4943 874 4984 cum
896 4934 1002 4985 eertum
1019 4929 1054 4984 sit
1109 4913 1284 4997 promeretur
1296 4927 1430 5000 gratiam3
1450 4942 1505 4984 non
1519 4929 1605 4986 solum
1621 4932 1695 4988 delet
1704 4941 1823 5004 peccata
1845 4951 1918 5007 prae·

250 5021 338 5070 totum
353 5016 414 5071 vitae
436 5018 517 5088 hujus
532 5023 640 5086 tempus
662 5016 769 5073 nonnisi
799 5016 834 5071 ad
860 5017 1053 5091 paenitentiam
1110 5015 1190 5070 terite
1205 5032 1265 5086 quae
1280 5016 1488 5087 commissimus,
1505 5020 1554 5075 sed
1568 5027 1597 5077 ει
1610 5020 1718 5094 repellit
1730 5019 1840 5092 futura,
1857 5039 1919 5098 qna

250 5103 412 5160 institutum.
426 5107 549 5174 Quaerite
560 5107 724 5176 Dominam,
736 5105 774 5160 ait
783 5107 928 5179 propheta,
939 5122 994 5162 non
1004 5121 1054 5161 so·
1108 5105 1279 5162 committere
1293 5115 1460 5175 poteramus.

247 5189 304 5248 lum
318 5192 499 5266 quadraginta
512 5192 622 5262 diebus,
637 5193 684 5250 sed
701 5193 769 5250 dum
795 5195 922 5252 inueniri
941 5197 1051 5268 potcst,·
1145 5198 1171 5249 2.
1196 5193 1288 5250 Dicam
1315 5185 1343 5251 εἰ
1362 5212 1446 5252 unnru
1469 5195 1558 5254 adbuc
1583 5199 1656 5272 quod
1678 5198 1758 5256 facile
1783 5202 1916 5275 capiatis,

247 5282 378 5338 invocate
392 5297 466 5350 eum,
481 5283 549 5340 dum
568 5299 653 5356 prope
670 5286 713 5342 est
731 5285 809 5355 (lror'.
832 5300 876 5355 nv,
893 5283 933 5356 o).
954 5285 1051 5357 Neque
1108 5283 1222 5351 saepius,
1235 5282 1263 5337 ni
1278 5282 1367 5349 fallor,
1383 5286 1500 5358 experti.
1525 5286 1662 5358 Jejunium
1684 5287 1806 5345 orationi
1832 5293 1919 5350 dero·

246 5367 322 5425 enirn
345 5377 410 5424 tnnc
427 5369 480 5428 erit
501 5370 646 5428 invocandi
668 5378 786 5446 ternpus,
813 5372 923 5447 quando
947 5370 1051 5427 nemini
1108 5371 1211 5427 tionem
1229 5379 1257 5428 et
1274 5369 1402 5428 fiduciam
1421 5373 1515 5435 donat.
1537 5375 1571 5432 Et
1591 5375 1653 5435 vide
1673 5379 1917 5450 quemadmodum

250 5456 391 5526 proximus
404 5457 456 5514 erit
474 5461 563 5529 Deus;
578 5461 628 5520 sed
642 5460 703 5520 aliis
717 5459 829 5535 quidem
843 5476 976 5535 praesens,
991 5461 1051 5516 aliis
1106 5457 1157 5515 sibi
1171 5456 1288 5518 invicem
1301 5461 1434 5534 ieiunium
1450 5471 1477 5520 et
1488 5463 1575 5524 oratio
1585 5465 1733 5537 socientur,
1745 5467 1823 5526 siem
1833 5471 1922 5546 scrip

246 5557 314 5602 vero
328 5543 409 5600 nirms
422 5545 500 5605 valde
514 5557 647 5608 remotus.
663 5551 775 5608 lntsrim
789 5565 856 5606 sane
871 5564 906 5603 ex
921 5561 955 5604 eo
974 5547 1048 5619 quod
1105 5552 1162 5604 tum
1187 5557 1246 5606 est:
1274 5554 1374 5609 Frater
1392 5551 1529 5625 adjacens
1552 5556 1685 5626 fratrem,
1707 5557 1794 5617 ambo
1815 5576 1921 5620 conso-

240 5631 383 5702 proximus
397 5634 503 5710 dicitur,
518 5637 694 5697 manifestum
714 5635 844 5710 estquod
859 5635 982 5691 nondum
995 5635 1047 5690 ba·
1105 5637 1242 5696 labantur
1254 5637 1347 5712 (Prou.
1362 5653 1439 5711 xvrn,
1458 5641 1514 5714 re).
1529 5641 1623 5703 Oratio
1636 5645 1767 5704 virtutem
1777 5647 1918 5724 impetrat

240 5717 342 5782 betur:
363 5725 412 5783 sed
428 5733 517 5784 tamen
531 5725 641 5796 haberi,
657 5735 686 5783 et
704 5723 822 5784 inveniri
842 5722 921 5780 lacilc
940 5728 1041 5795 potest.
1102 5725 1258 5797 jejunandi,
1272 5735 1299 5786 et
1313 5725 1449 5799 jejunium
1467 5731 1582 5802 gratiam
1602 5744 1779 5808 promeretur
1804 5741 1921 5797 orandi.
