4150 6348
292 526 345 592 595
787 525 816 584 S·
834 521 1003 585 bethdum
1016 519 1154 586 tetttts
1171 521 1491 588 tmen-vttidttffls
1884 525 1939 588 596

290 669 362 723 rere,
377 657 407 708 ιιι
420 647 542 708 addiscat
559 649 631 708 node
652 647 797 724 aliquande
810 649 1023 724 magnificetur:
1045 647 1087 706 aio
1103 666 1127 745 g
1144 650 1237 709 schola
1254 651 1401 710 Salvatoris
1427 653 1480 710 sub
1507 651 1567 724 eius
1593 649 1740 726 praesentia
1765 655 1938 729 congregati,

289 751 317 801 ct
335 743 453 799 muudus
470 737 674 798 vultbomiuem
688 740 781 796 multia
799 740 938 798 laboribus
955 738 1084 812 intricari,
1143 742 1291 799 hauserunt
1318 757 1404 816 aquas
1431 739 1459 798 in
1484 741 1582 815 gaudio
1618 741 1653 798 da
1680 740 1755 800 louta
1780 743 1938 812 Salvator-is,

289 840 320 891 ut
332 832 430 889 habeat
450 829 523 886 uude
540 828 690 901 superbiat,
704 830 777 886 unde
794 827 912 897 inlletur,
927 837 954 885 et
973 829 1088 902 desipiat
1138 831 1230 904 ipsum
1242 829 1305 888 vitas
1325 831 1429 889 iontem
1457 831 1485 887 in
1512 831 1572 902 ipso
1598 830 1673 888 ionta
1701 831 1839 888 bibentes.
1864 834 1939 890 Beati

290 923 326 980 dc
344 923 462 980 vanihta
475 919 503 979 in
517 919 643 993 idipsum.
661 919 839 992 sanguisugae
853 919 915 976 duae
933 929 997 976 eunt
1011 919 1085 989 illim,
1140 921 1211 979 oculi
1228 920 1276 995 qui
1289 920 1560 994 videruntNunquid
1575 935 1631 978 uon
1644 929 1672 976 et
1687 935 1746 989 vos,
1756 935 1814 978 nou
1827 924 1855 978 in
1870 938 1940 995 prae·

290 1011 318 1068 ld
341 1019 383 1069 est
406 1011 523 1085 propriae
550 1008 703 1074 voluntatis,
736 1023 798 1078 qum
826 1007 904 1081 quasi
930 1009 1006 1065 radix
1036 1017 1086 1080 est,
1141 1011 1240 1079 sentia,
1254 1009 1344 1066 sedin
1364 1010 1486 1067 absentia
1505 1009 1608 1082 ipsiua;
1633 1024 1690 1066 non
1718 1011 1752 1066 ad
1774 1012 1856 1068 verba
1882 1011 1938 1068 oris

291 1103 353 1160 (ιιι
367 1101 429 1158 lilim
444 1109 516 1172 sunt,
531 1099 636 1159 vanitas
653 1095 757 1155 lm
778 1106 805 1154 et
819 1099 952 1170 uoluptas,
967 1099 1087 1154 clamen·
1139 1101 1210 1172 ejus,
1227 1097 1274 1156 sed
1298 1100 1331 1156 ad
1345 1115 1442 1158 uocem
1468 1099 1626 1155 nuntiorum
1637 1099 1708 1173 ejus,
1733 1097 1823 1157 simile
1835 1099 1938 1174 aliquid

292 1202 356 1252 tes:
373 1191 460 1258 Aller,
477 1189 617 1246 circuilu
635 1203 777 1260 nunquam
792 1186 934 1257 satiantur,
951 1203 1087 1260 nunquam
1140 1189 1265 1246 lecistis?
1278 1187 1423 1246 Defendite
1438 1189 1515 1245 vobis
1533 1189 1606 1245 ltenc
1624 1189 1844 1264 praerogativam,
1864 1189 1937 1263 quod

291 1282 401 1340 dicunt:
416 1279 533 1338 Sollicit.
544 1278 573 1334 Si
586 1277 647 1350 quis
658 1279 708 1334 has
719 1277 826 1350 plenius
835 1277 863 1332 iu
877 1293 908 1334 ae
921 1277 1086 1344 contriverit,
1141 1277 1179 1335 illi
1194 1276 1229 1334 ad
1244 1278 1374 1336 visumst
1389 1279 1556 1348 adverbum,
1571 1293 1621 1335 vos
1633 1277 1667 1333 ad
1686 1277 1806 1334 auditum
1821 1287 1849 1335 et
1862 1295 1938 1336 non-

291 1387 345 1430 non
355 1370 489 1427 immerito
500 1368 551 1426 sibi
565 1367 850 1438 illamvocempoterit
861 1375 989 1438 coaptare
1000 1385 1007 1423 :
1020 1369 1089 1440 Quo·
1142 1369 1207 1424 tium
1223 1367 1385 1425 credidistis.
1403 1367 1447 1424 Sic
1461 1367 1566 1424 stateiu
1581 1366 1711 1436 Domino,
1724 1367 1889 1436 charissimi,
1909 1374 1940 1424 ut

292 1457 1089 1532 niom,ioquit,poiermeuscimetermeodetniiqueruni
1143 1456 1373 1531 quemadmodum
1385 1455 1423 1511 illi
1437 1456 1465 1512 in
1476 1453 1545 1513 lame
1560 1464 1587 1512 et
1601 1456 1657 1523 siti,
1673 1456 1701 1511 io
1717 1455 1818 1529 frigore
1839 1465 1866 1514 et
1887 1473 1939 1512 nu-

291 1565 346 1620 me,
362 1551 497 1609 Dominus
512 1552 610 1606 cutem
626 1549 781 1620 assumpsit
790 1562 836 1602 me
845 1547 931 1618 (Paul.
946 1563 1017 1615 xxva,
1031 1548 1086 1620 tt).
1143 1547 1237 1614 ditate,
1252 1545 1280 1600 in
1299 1545 1436 1602 laboribus
1451 1554 1477 1601 ιι
1488 1545 1613 1617 jejuniis,
1627 1552 1655 1600 et
1668 1543 1776 1620 vigiliis,
1786 1553 1814 1602 et
1834 1546 1939 1604 caturia

328 1645 355 1700 ³.
372 1640 534 1699 Honesiooil
546 1637 632 1695 iilum
645 1640 677 1694 in
689 1637 838 1695 laboribus.
851 1637 948 1694 Nonne
958 1653 1008 1694 nos
1022 1640 1051 1694 ιι
1060 1637 1088 1692 ιι
1142 1634 1320 1693 observantiis
1332 1634 1444 1706 justitiae
1457 1634 1529 1690 viatn
1544 1634 1647 1708 regiam
1661 1641 1829 1694 tenuerunt:
1859 1636 1899 1693 sic
1912 1642 1940 1691 et

290 1731 358 1804 ipsis
373 1729 513 1786 laboribus
527 1727 628 1785 nostris
647 1729 832 1798 honestamur,
847 1741 908 1783 cum
923 1727 1015 1783 omnio
1028 1743 1089 1800 quaa
1143 1740 1202 1794 vos,
1225 1723 1276 1782 etsi
1289 1739 1345 1780 non
1362 1739 1457 1780 eorum
1480 1723 1595 1793 meritis,
1611 1731 1700 1781 tamen
1723 1723 1857 1782 exercitiis
1884 1725 1940 1780 ali-

288 1819 412 1888 iacimua,
437 1817 471 1873 ad
504 1815 616 1872 unitatis
638 1815 774 1873 vinculum
795 1815 956 1890 adunamus,
979 1824 1009 1873 ut
1034 1833 1087 1872 noo
1144 1811 1665 1889 quateotmcoaequatidicatisbornino
1691 1813 1859 1884 Deovestro,
1875 1829 1939 1872 cnm

290 1909 318 1967 in
341 1907 420 1965 nobis
437 1907 473 1962 sit
493 1905 602 1978 pondus
620 1915 647 1963 et
670 1906 785 1976 pondus,
807 1921 935 1962 mensura
956 1913 984 1963 et
1010 1923 1087 1964 meu·
1143 1902 1273 1962 veneritis
1285 1909 1347 1961 ante
1360 1903 1589 1975 thronumgloriae
1603 1903 1708 1975 ipsius:
1724 1905 1827 1960 tctota·
1841 1918 1941 1962 sumus

291 2013 367 2067 aura,
391 1994 454 2069 qnia
469 2001 614 2068 utrumque
629 1993 808 2050 abominabile
822 2001 862 2050 est
884 1995 954 2067 apud
977 1995 1087 2056 Deum?
1104 1951 1126 2030 Β
1140 2011 1192 2069 pro
1202 1993 1410 2067 dt'ehusquibus
1417 2009 1467 2051 nos
1478 1993 1649 2064 humiliasti,
1660 1993 1851 2066 annisqoihus
1866 1992 1941 2050 oidi-

291 2087 388 2144 Nonne
407 2091 434 2143 et
452 2085 511 2141 ιιι
534 2083 634 2152 vilitas,
660 2083 717 2138 haee
738 2081 907 2150 deformitas,
928 2084 987 2142 haec
1001 2085 1086 2141 semi·
1141 2083 1389 2152 musmoiuffsol.
1405 2097 1519 2150 uxxrtx,
1531 2081 1587 2155 tt).
1600 2083 1631 2138 ln
1645 2081 1758 2140 veritate
1773 2081 1835 2139 dico
1849 2081 1939 2150 robis,

293 2175 391 2234 cinctis
411 2174 578 2230 honorantur
593 2181 621 2228 et
639 2171 782 2228 adorantur
805 2189 820 2228 ι
843 2172 1010 2245 principibus
1030 2181 1087 2230 ter·
1140 2171 1202 2247 quia
1214 2172 1242 2227 in
1255 2171 1367 2230 veritate
1382 2169 1448 2226 estis
1461 2171 1489 2227 in
1505 2169 1547 2227 via
1570 2178 1656 2239 reeta,
1671 2170 1699 2226 in
1713 2171 1866 2242 vinstneta,
1878 2185 1941 2245 qum

292 2279 330 2322 rae
344 2263 426 2337 (89)ι
440 2261 487 2318 llae
505 2259 592 2332 uobis,
609 2261 632 2318 si
655 2259 877 2318 exsultaverimus
898 2261 950 2318 nisi
964 2262 990 2317 in
1005 2264 1085 2320 Chri·
1141 2262 1269 2335 perducat
1288 2261 1323 2316 ad
1339 2259 1466 2318 Sanctum
1485 2269 1653 2317 sauctorum.
1673 2259 1788 2317 Mentior
1802 2260 1887 2333 (quod
1905 2260 1940 2315 ad

292 2362 345 2422 ato,
360 2360 387 2410 et
400 2366 451 2425 pro
465 2347 589 2407 Christol
606 2365 648 2406 vae
662 2348 752 2414 nohis,
766 2347 791 2405 si
803 2349 966 2406 vendibilem
982 2343 1087 2408 obtule-
1141 2349 1350 2410 consolationem
1379 2357 1499 2407 vestram
1528 2349 1599 2421 dico)
1632 2349 1656 2405 si
1673 2365 1729 2406 nou
1754 2365 1787 2404 ex
1814 2348 1942 2404 menibus

292 2441 378 2500 timus
397 2435 600 2514 paupertatem!
623 2440 660 2496 ht
683 2438 833 2513 compleuit
855 2438 961 2498 iabores
981 2440 1087 2499 iliius:
1140 2440 1222 2512 hujus
1254 2437 1413 2512 peccatoris,
1464 2439 1669 2506 monachorum,
1700 2437 1865 2495 novitiorum
1906 2445 1936 2493 et

292 2532 335 2590 vel
347 2529 392 2589 hie
404 2530 433 2586 in
451 2527 660 2602 perseverantia,
676 2535 706 2583 ut
720 2543 807 2600 nsque
820 2525 847 2583 in
863 2527 943 2584 linem
955 2529 1087 2600 justitiam
1141 2544 1335 2588 conversorum
1362 2529 1460 2585 animm
1486 2527 1520 2584 ad
1549 2527 1669 2586 eoelestia
1708 2526 1806 2601 gaudia
1830 2527 1943 2584 volare-

293 2635 350 2678 non
374 2617 541 2690 derelinquat
560 2616 626 2674 :vel
649 2614 707 2674 illic
721 2615 749 2672 in
769 2616 867 2691 gloria,
882 2625 912 2673 ut
931 2619 1047 2689 gaudeat
1061 2620 1088 2675 in
1142 2625 1215 2686 runt,
1232 2625 1287 2674 tom
1301 2617 1396 2673 liberae
1410 2633 1493 2690 quarn
1508 2617 1631 2674 liberate
1645 2617 1680 2674 de
1706 2631 1813 2673 carcerc
1839 2623 1942 2672 nostru

293 2711 432 2762 uternam.
445 2705 519 2762 Felix
533 2714 648 2778 utraque
662 2705 815 2786 completio,
831 2722 893 2764 cum
908 2713 935 2761 et
948 2707 991 2764 hic
1004 2707 1088 2764 niori·
1142 2707 1323 2765 mortalitatis.
1338 2705 1367 2764 Si
1379 2706 1499 2778 quaeritis
1514 2708 1587 2764 unde
1600 2707 1629 2763 id
1643 2707 1737 2776 seiam,
1767 2705 1862 2762 scitote
1875 2705 1944 2778 quia

294 2798 337 2851 lnr
348 2795 439 2866 iustus
452 2794 549 2867 plenus
559 2794 674 2869 dierum,
685 2802 713 2851 et
722 2794 778 2852 illic
792 2795 877 2852 oritur
887 2795 914 2851 in
923 2795 1089 2870 plenitudine
1143 2796 1294 2856 certissima
1304 2795 1372 2852 mihi
1384 2796 1462 2870 sigua
1480 2796 1542 2852 iude
1556 2795 1625 2853 iacta
1640 2803 1703 2851 sunt
1718 2803 1745 2851 et
1760 2803 1878 2854 ostensa.

292 2881 386 2956 [elion
402 2881 612 2959 longitudinem]
627 2884 735 2941 dierum
752 2901 759 2939 ι
775 2885 919 2958 utrobique
933 2887 1048 2960 plenus3
1063 2894 1089 2942 rt
1180 2883 1292 2942 ms
1309 2889 1336 2941 3.
1351 2885 1412 2941 Nou
1441 2893 1482 2941 est
1508 2885 1591 2959 igitur
1615 2885 1687 2957 quod
1715 2883 1792 2941 voltis
1819 2883 1860 2941 ael
1889 2899 1943 2957 pro

292 2971 338 3028 hic
352 2972 448 3044 gratia,
473 2977 500 3028 et
514 2971 568 3029 illie
582 2972 680 3045 gloria,
704 2973 767 3046 quia
785 2975 900 3045 gratiam
923 2983 951 3032 ιι
974 2975 1089 3049 gloriam
1143 2975 1221 3032 vobis
1235 2977 1347 3031 timeam
1361 2973 1487 3030 aririhus
1506 2975 1610 3030 Satanae
1624 2983 1650 3031 et
1663 2973 1850 3031 ministrorum
1870 2974 1942 3045 eiua,

293 3060 368 3118 dabit
381 3060 513 3120 oomnis
527 3061 615 3134 (Psoi.
631 3077 746 3130 nxxxm,
764 3063 817 3136 ιι).
835 3065 933 3121 Amen.
1144 3080 1205 3121 cum
1227 3062 1349 3120 noverim
1376 3061 1448 3119 illins
1469 3063 1652 3120 tortitudinem
1678 3077 1725 3132 per
1751 3062 1944 3136 liedemptoria

580 3151 699 3208 SElillO
719 3153 808 3209 xxtt.
1144 3153 1258 3211 vulnera
1273 3153 1422 3209 traductam
1437 3155 1464 3210 ιι
1477 3153 1619 3209 deductam
1639 3153 1671 3208 ad
1688 3151 1811 3207 nihilum.
1827 3151 1858 3207 lo
1886 3151 1944 3225 api·

506 3243 545 3299 De
563 3242 746 3316 quadruplici
768 3243 874 3302 dedito.
1106 3234 1195 3315 crito
1209 3242 1282 3298 enim
1298 3240 1464 3298 fortitudinia
1486 3241 1582 3296 lortem
1614 3239 1709 3297 lortior
1728 3241 1774 3296 ille
1802 3241 1941 3314 contrivit,

331 3333 357 3386 l.
372 3329 402 3385 ln
428 3328 473 3386 via
494 3329 569 3399 estis,
587 3329 697 3405 iratres,
718 3348 779 3405 quae
802 3332 875 3390 durii
897 3332 931 3389 ad
953 3333 1046 3405 vitam,
1062 3335 1089 3392 in
1144 3339 1235 3405 portas
1253 3347 1341 3388 aereas
1360 3338 1387 3388 et
1401 3338 1492 3388 vectes
1514 3330 1617 3387 ierreos
1639 3329 1826 3404 confringens.
1842 3331 1865 3386 Α
1881 3346 1942 3387 ver-

294 3419 336 3475 via
351 3427 427 3478 recta
440 3427 467 3476 et
480 3418 632 3492 impolluta,
648 3437 709 3494 quae
729 3421 804 3479 ducit
821 3423 854 3478 ad
878 3423 1010 3482 civitatem
1025 3442 1090 3482 san·
1144 3421 1220 3478 sutiis
1235 3429 1261 3476 et
1276 3419 1385 3477 astutiis
1400 3419 1471 3476 illins
1492 3419 1609 3476 formido
1632 3419 1699 3475 mihi
1712 3429 1752 3476 ast
1780 3433 1830 3490 pro
1853 3418 1942 3486 vobis,

294 3515 364 3566 ciem
383 3509 532 3565 Jerusalem
554 3508 637 3579 illam,
653 3527 714 3582 quae
737 3511 821 3569 libera
840 3523 890 3581 est,
908 3529 970 3588 (ιιι
985 3531 1091 3572 sursunt
1145 3512 1173 3568 in
1188 3511 1286 3583 quibos
1301 3508 1400 3581 partim
1422 3508 1572 3565 subtilitate
1594 3519 1707 3580 naturae,
1737 3507 1835 3580 partim
1859 3523 1945 3579 erpe-

295 3605 346 3663 est,
367 3613 427 3670 quae
442 3606 484 3652 est
498 3607 585 3656 mater
599 3607 700 3655 nostra.
715 3601 825 3658 Arduus
839 3599 949 3674 quidem
964 3619 1092 3661 ascensus
1145 3600 1241 3656 rientia
1256 3608 1408 3671 temporum
1424 3600 1475 3655 sub
1489 3607 1527 3655 tot
1546 3613 1678 3654 annorum
1703 3595 1827 3652 millibus
1847 3597 1942 3652 erudi·

295 3685 367 3756 ejus,
385 3693 480 3760 utpote
494 3701 542 3756 per
555 3686 642 3761 ipsam
656 3689 756 3746 montis
775 3690 956 3747 summitatem
975 3693 1090 3765 incisus;
1145 3700 1196 3756 tus,
1220 3689 1389 3763 fragilitatem
1404 3689 1529 3744 humanae
1544 3697 1662 3758 neturae,
1680 3701 1899 3759 quaquaversum
1914 3701 1944 3742 se

296 3774 345 3829 sed
368 3772 412 3830 via
438 3773 656 3846 compendiosior
678 3775 781 3832 laboris
809 3779 1024 3853 magnitudinem
1050 3781 1092 3836 ιιι
1146 3779 1266 3846 verterit,
1281 3776 1466 3851 nonigoorat.
1491 3776 1536 3833 Sic
1558 3774 1603 3832 ille
1629 3774 1944 3833 insatiabilisbomicida

296 3869 440 3934 temperat,
464 3863 505 3920 vel
523 3864 652 3920 excludit.
667 3866 723 3923 Vos
743 3877 831 3923 autem
848 3877 902 3924 tam
916 3869 990 3926 felici
1004 3870 1092 3928 facili·
1147 3867 1242 3941 primis
1258 3868 1413 3938 parentibus
1432 3866 1535 3922 nostris
1557 3881 1611 3921 nou
1639 3880 1727 3932 ursos,
1752 3879 1808 3922 non
1838 3865 1942 3934 leones,

298 3959 362 4023 tate,
386 3967 468 4025 quant
491 3952 563 4010 facili
583 3953 710 4012 felicitate
732 3955 803 4014 ιιιιι
829 3959 905 4014 istem
929 3975 983 4016 non
1005 3961 1093 4017 solum
1146 3975 1203 4014 non
1218 3955 1297 4014 lortie
1311 3965 1389 4014 terete
1403 3954 1531 4012 animalia
1550 3955 1700 4029 delegavit:
1718 3953 1766 4010 sed
1786 3961 1942 4010 tortuosum

214 4048 220 4056 ’
298 4040 353 4110 itis,
378 4041 427 4099 sed
444 4041 569 4114 curritis;
594 4043 657 4116 quia
679 4046 815 4102 exonerati
833 4045 900 4101 estis
923 4057 949 4103 et
972 4048 1093 4117 accincti,
1148 4057 1175 4104 et
1193 4045 1319 4104 callidum
1346 4053 1509 4114 serpentem,
1538 4044 1584 4117 qui
1602 4059 1652 4116 per
1670 4044 1782 4100 sinuosa
1807 4041 1945 4098 uolumina

298 4130 365 4186 nihil
380 4129 508 4203 ponderis
523 4146 604 4203 super
619 4132 699 4187 dorsa
711 4139 860 4204 portantes.
873 4135 933 4190 Non
949 4135 988 4194 sic
1001 4133 1093 4209 aliqui,
1148 4152 1219 4192 nuuc
1238 4144 1317 4205 caput
1332 4135 1427 4206 cauda,
1444 4149 1516 4190 nunc
1530 4132 1644 4190 caudam
1659 4133 1748 4207 capite
1767 4139 1860 4206 tegere
1879 4145 1945 4188 con·

299 4231 353 4274 nou
367 4217 416 4286 sic,
433 4217 479 4289 qui
503 4217 648 4293 quadrigas
664 4227 691 4274 et
704 4218 869 4293 quadrigalia
890 4237 972 4279 onera
990 4231 1094 4297 pertra·
1148 4223 1242 4282 suevit.
1254 4221 1374 4296 Denique
1388 4230 1415 4280 et
1434 4239 1546 4295 serpens
1558 4238 1614 4279 non
1628 4220 1724 4278 fortior
1737 4229 1805 4290 erat,
1820 4219 1867 4276 sed
1882 4221 1945 4278 rol·

299 4307 406 4371 hentes,
422 4307 523 4364 montio
540 4305 685 4365 circuitum
707 4307 810 4365 ambira
824 4310 981 4383 decernunt,
996 4321 1023 4370 et
1038 4314 1095 4388 ple-
1150 4314 1236 4372 lidior
1258 4313 1372 4371 cunctis
1394 4313 1587 4370 animantibus
1612 4316 1707 4378 terrae,
1735 4309 1771 4366 ait
1793 4307 1942 4382 Scriptura.

300 4411 413 4468 rumque
436 4412 485 4468 per
503 4397 604 4476 devexa
626 4397 729 4454 montis
758 4399 970 4473 praecipitantur,
992 4411 1023 4459 ιιι
1049 4404 1095 4461 vix
1149 4403 1226 4460 Unde
1241 4411 1268 4458 et
1282 4405 1316 4459 ab
1331 4401 1539 4474 interrogatione
1557 4399 1677 4472 incoepit,
1690 4406 1808 4456 mentem
1823 4396 1943 4462 mulieris

299 4483 381 4543 linem
395 4485 532 4542 inveniant
546 4484 607 4546 vitae
622 4501 688 4545 suae.
704 4486 807 4544 Felices
821 4489 905 4564 igitur
919 4493 1033 4566 voa,qni
1046 4509 1095 4550 vos
1150 4492 1303 4565 explorans,
1320 4489 1416 4562 sciona,
1431 4489 1551 4563 ingenio,
1566 4505 1621 4547 non
1639 4489 1743 4546 viribus
1755 4485 1943 4545 laborandum.

300 4582 328 4631 et
350 4585 439 4632 vestra
462 4575 520 4633 aioe
545 4576 617 4632 omni
642 4578 846 4651 exceptiuncula
869 4579 1024 4656 reliquistis,
1048 4600 1096 4656 per
1153 4579 1438 4657 Curproecepitoolis
1451 4581 1589 4639 Dominus
1604 4579 1687 4646 Deus,
1702 4576 1838 4649 inquiens,
1853 4591 1890 4633 ne
1904 4591 1945 4632 co-

300 4667 389 4738 ipsum
412 4667 513 4724 muntia
531 4668 661 4725 verticem
676 4667 726 4724 iter
750 4668 838 4727 facitis
856 4671 892 4740 ei,
908 4672 956 4746 qui
976 4673 1097 4732 ascendit
1149 4673 1299 4731 moderetis
1311 4672 1344 4730 de
1355 4671 1429 4744 ilpno
1443 4667 1572 4728 scientiae
1586 4669 1651 4728 boni
1664 4672 1691 4726 et
1705 4667 1795 4724 moli?
1817 4667 1884 4736 Ωιι
1897 4680 1944 4723 re-

299 4769 381 4828 auper
395 4770 520 4814 occasum
533 4773 539 4815 :
551 4757 792 4816 Dominusuomen
806 4759 843 4816 itti
857 4759 945 4834 (Psoi.
962 4777 1045 4835 ιιιίι,
1055 4763 1094 4836 5).
1150 4763 1281 4836 spondit.-
1294 4763 1333 4819 Ne
1351 4761 1425 4832 forie
1440 4760 1599 4817 moriemur
1615 4757 1697 4831 (Gen.
1721 4773 1759 4828 tu,
1777 4757 1850 4827 ιθ).
1866 4753 1944 4823 Quod

299 4843 342 4900 llli
354 4860 431 4913 uero,
447 4846 504 4920 qui,
519 4847 644 4920 quamvis
657 4849 803 4923 AEgyptum
818 4848 946 4924 lugerint,
962 4860 1051 4909 tamen
1061 4853 1095 4908 ad
1149 4851 1222 4907 Deus
1243 4857 1381 4923 procerte
1400 4855 1538 4922 posuerat,
1563 4847 1678 4904 diceus:
1707 4847 1877 4918 Quocunque
1901 4843 1947 4900 dic

299 4948 413 5007 quaequa
431 4935 556 5009 AEgyptia
579 4937 722 4993 tenerrime
742 4939 918 5012 resuspirant,
938 4939 1007 4997 uiam
1028 4939 1095 4996 rivi·
1149 4939 1337 5006 comederitis,
1348 4939 1609 4998 mortemoriemim'
1618 4937 1699 5009 (Gen.
1714 4952 1742 5002 n,
1756 4933 1815 5006 t't);
1831 4931 1885 4988 ista
1895 4933 1946 4988 sub

299 5020 363 5077 tatia
392 5021 536 5082 habitaculi
562 5042 617 5082 non
644 5027 822 5102 invenerunt;
853 5030 900 5085 sed
927 5029 1095 5087 voluntatum
1149 5029 1231 5086 dubio
1243 5029 1381 5102 supponit,
1392 5045 1430 5085 ne
1442 5032 1527 5101 sorte,
1540 5025 1675 5101 inquiens,
1691 5029 1718 5082 ai
1730 5023 1944 5088 comederimus,

300 5125 411 5166 auarum
439 5111 606 5185 gravissimis
634 5115 748 5175 sarcinis
775 5117 946 5192 praegravati,
975 5119 1016 5177 vel
1043 5119 1095 5174 sub
1148 5119 1317 5179 moriamur.
1334 5117 1436 5174 htaudi
1449 5117 1587 5192 ingenium
1604 5115 1784 5187 malitiamque
1799 5111 1943 5184 serpentis.

298 5213 390 5268 onere,
407 5200 450 5259 vel
461 5217 523 5260 eum
537 5217 619 5260 onere
634 5204 743 5277 cadunt,
758 5214 789 5263 ut
801 5205 845 5262 vix
861 5205 895 5262 ad
910 5221 1019 5264 cursum
1034 5223 1096 5282 per·
1149 5211 1342 5284 Nequaquam,
1363 5207 1459 5282 inquit,
1483 5207 1648 5264 moriemini
1662 5204 1730 5275 (Gen
1744 5219 1788 5270 nt,
1805 5200 1843 5275 ι).
1873 5201 1946 5257 Deus

297 5289 595 5350 veniantdeatinatum.
1148 5298 1272 5367 allirmat,
1298 5297 1394 5354 mulier
1414 5295 1527 5362 dubitat,
1548 5296 1628 5351 Satan
1652 5301 1743 5368 negat.
1767 5291 1812 5350 Sie
1839 5298 1868 5348 et
1894 5303 1946 5365 ego

332 5383 359 5441 2.
375 5379 447 5454 Quid
469 5383 541 5439 enim
560 5392 601 5440 est
622 5383 735 5460 (malias
754 5383 801 5455 illi,
826 5386 905 5456 cujus
928 5384 1015 5458 gratia
1042 5387 1094 5442 hoc
1147 5389 1240 5459 timeo,
1257 5401 1292 5444 ne
1306 5385 1375 5444 sicut
1395 5399 1507 5458 serpens
1526 5383 1608 5441 livam
1636 5383 1746 5440 seduxit
1761 5379 1859 5439 astutia
1886 5392 1944 5444 sna,

296 5476 382 5525 toturn
398 5470 499 5530 lactum
521 5474 573 5544 est)
587 5474 662 5547 quod
681 5473 736 5528 vita
756 5483 845 5531 restra
868 5474 946 5533 vitam
961 5476 1093 5549 apostoli·
1147 5477 1187 5536 sic
1200 5484 1227 5533 et
1241 5491 1337 5533 seusus
1358 5475 1440 5532 vestri
1468 5482 1675 5547 corrumpantur
1697 5473 1860 5538 acastitate,
1884 5483 1945 5542 quae
2018 5491 2019 5512 ι

297 5573 357 5614 eam
376 5567 553 5632 representet
567 5563 663 5634 (tuti
678 5562 718 5618 llll
733 5562 900 5636 reliquerunt
914 5565 1015 5636 οιιιιιιι,
1030 5565 1092 5623 etin
1145 5575 1186 5622 est
1204 5567 1232 5622 iu
1245 5565 1353 5623 Christo
1366 5567 1429 5622 iesu
1444 5567 1482 5636 ill
1495 5565 1556 5624 Gor.
1574 5581 1613 5632 at,
1630 5563 1667 5636 3).

333 5687 389 5770 ιιι)
419 5687 583 5770 ιιιιῠιιιιιιι
600 5685 766 5770 'designatur
780 5687 1001 5772 cisterciensium
1031 5690 1092 5747 vilis
1170 5689 1294 5773 ¹(tu'21d
1317 5689 1430 5760 explieat
1457 5687 1609 5748 Bernartius
1624 5688 1694 5747 'uuirt
1709 5687 1890 5746 Sermonem
1914 5687 1947 5742 de

295 5757 412 5841 balanus,
427 5760 539 5886 regibus
552 5757 727 5815 niholominus
748 5759 922 5821 venerabtlts.
937 5761 1003 5820 Vide
1017 5777 1092 5834 ιιι·
1143 5763 1276 5832 listerus,
1295 5779 1372 5820 uum.
1388 5765 1405 5818 ³
1420 5766 1449 5822 ιι
1459 5761 1589 5820 Sermone
1604 5761 1650 5832 et,
1664 5773 1742 5818 nunt.
1755 5763 1786 5818 i.

294 5828 450 5886 ιιιιιιιιιι
483 5831 555 5887 hunc
572 5839 687 5902 tomum,
702 5832 840 5889 numid.
