4118 6346
90 329 138 382 333

483 316 551 373 PRO
572 313 740 372 bonmtct
759 312 793 366 lV
815 310 900 366 POST
919 307 1172 364 PENTECOSTEN
1192 309 1317 366 scano.

1670 311 1722 366 334

89 445 207 504 ternum?
224 443 288 514 Quis
298 459 357 510 nos,
374 440 575 512 aitdpostolus,
601 438 874 512 soporolritnolrmd-
891 454 914 531 Α
931 433 1032 489 tissime
1057 432 1187 500 tribuens,
1213 432 1250 486 ita
1278 439 1306 487 nt
1333 432 1456 488 videatur
1484 432 1527 489 tric
1554 433 1723 490 discretionis

89 541 144 595 inte
152 533 269 592 Christi?
282 529 495 590 Tribalotiolcn
505 531 640 602 cognatio
651 534 707 585 lan
717 525 874 598 samesium
931 523 1046 578 limitem
1059 537 1114 578 non
1132 528 1235 576 tenere.
1249 521 1374 592 Ingratus
1388 528 1429 576 est
1444 521 1490 593 qui
1508 521 1536 577 in
1551 523 1592 577 his
1614 537 1722 596 quoque

86 624 212 682 nuditas?
222 639 260 678 on
268 617 452 694 pericolum?
462 635 501 674 cn
511 619 669 690 persecutio
677 621 687 672 t
695 633 732 672 ott
742 613 874 687 gladius?

84 714 153 770 Certi
162 712 218 768 sitis
227 709 290 784 quia
300 723 389 780 neque
405 722 489 774 mors,
507 721 597 778 neque
611 704 675 772 vita,
689 719 779 776 neque
790 710 874 760 caete-

84 819 113 857 ra
129 801 188 870 alia,
204 815 264 873 qnae
278 796 425 868 Apostolus
440 802 495 850 tam
510 793 707 864 multipliciter,
725 809 808 864 quam
823 807 873 846 an-

83 893 173 946 dacter
185 892 334 952 enumerat,
352 889 480 955 poterunt
495 899 545 938 nos
562 897 722 953 separares
743 881 875 936 charitate

85 981 141 1048 Dei,
157 995 215 1050 quae
228 981 271 1032 est
284 974 313 1028 in
327 972 435 1030 Christo
445 974 509 1027 lesu
519 971 610 1044 (ltom.
626 987 687 1034 vni,
703 971 801 1038 abda,
818 969 872 1040 39).

84 1067 209 1139 Nunquid
233 1079 288 1120 non
309 1063 361 1119 hoc
381 1060 617 1118 confirmationem
640 1061 675 1114 ab
699 1057 774 1115 omni
797 1059 877 1128 liujus

84 1156 221 1214 sententian
238 1159 316 1224 parte
336 1150 528 1206 demonstrat?
549 1148 609 1204 Scis
630 1164 678 1204 vas
700 1154 776 1203 tuum
794 1146 878 1218 possi·

83 1245 146 1300 dere
162 1244 188 1298 in
199 1239 413 1298 sanctificatione
429 1237 586 1303 ethonore,
602 1243 694 1292 etnon
708 1235 736 1290 in
751 1235 878 1307 passione

82 1325 228 1390 desiderii?
252 1328 385 1400 Spiritum
403 1332 526 1382 sanctum
548 1323 678 1395 accepisti
699 1324 756 1381 tibi.
780 1323 827 1396 Vis
849 1330 878 1378 ut

83 1435 251 1492 quaecunque
275 1417 323 1472 tibi
347 1415 387 1472 vis
401 1415 436 1469 ab
455 1411 611 1469 hominibus
629 1411 699 1478 fieri,
725 1420 754 1468 tu
768 1427 877 1485 quoque

82 1509 164 1564 facias
176 1506 239 1570 illis,
257 1511 285 1560 et
306 1502 378 1575 qnod
393 1501 442 1557 tibi
457 1499 518 1557 lieri
532 1517 587 1558 non
602 1501 651 1567 vis,
668 1499 713 1556 alii
729 1515 784 1556 non
807 1501 878 1557 lece-

81 1596 138 1652 ris?
160 1593 290 1666 Spiritum
314 1597 418 1646 rectum
437 1589 472 1644 ad
495 1604 564 1659 opus
589 1588 704 1658 proximi
724 1587 877 1658 suscepisti.

80 1686 144 1740 llaec
154 1689 195 1740 est
205 1680 278 1740 enim
293 1679 438 1744 rectitudo,
454 1692 536 1750 quam
550 1677 594 1731 lex
609 1683 726 1747 utraque
741 1691 879 1732 commen·

930 612 1090 669 beneficium
1110 609 1226 682 Spiritus
1243 625 1297 665 non
1315 610 1446 683 agnoscit.
1457 610 1497 666 Ad
1509 610 1679 680 miraculum,
1695 611 1724 666 in

929 702 1014 776 signis
1042 709 1069 757 et
1092 699 1234 773 prodigiis,
1254 698 1281 753 in
1303 698 1384 754 variis
1406 699 1559 766 virtutibus,
1591 716 1659 771 quas
1672 716 1723 772 per

930 791 1217 863 quorumlibetmanns
1231 794 1372 858 operetur,
1390 787 1449 858 lpse
1464 794 1505 841 est
1519 787 1629 858 antiqua
1643 789 1723 843 mira-

929 879 989 935 cula
1003 878 1147 942 suscitans,
1162 885 1192 932 ut
1202 893 1234 932 cx
1245 876 1427 946 praesentibus
1441 874 1523 930 fidem
1538 881 1639 930 astruat
1653 893 1722 947 prae-

930 969 1080 1025 teritorum.
1097 967 1150 1023 Sed
1165 966 1228 1038 quia
1247 961 1382 1022 nonnullis
1397 966 1466 1020 hanc
1486 978 1593 1036 quoque
1608 962 1723 1038 gratiam

931 1056 990 1112 sine
1012 1055 1122 1128 propria
1142 1054 1255 1110 utilitate
1277 1053 1399 1124 largitur,
1421 1053 1500 1110 tertio
1520 1050 1669 1107 infunditur
1689 1051 1724 1106 ad

932 1145 1056 1209 salutem,
1077 1158 1137 1198 cnm
1161 1143 1189 1197 in
1214 1149 1269 1198 toto
1293 1142 1375 1196 conlo
1395 1149 1488 1198 nostro
1509 1139 1671 1197 revertimur
1690 1139 1724 1193 ad

931 1235 1077 1291 Dominum
1092 1236 1181 1290 Deum
1198 1241 1330 1290 nostrum.
1346 1235 1429 1288 Porro
1444 1233 1477 1287 ad
1492 1231 1620 1288 auxilium
1635 1229 1723 1300 datur,

932 1339 993 1381 cnm
1013 1323 1040 1377 in
1055 1323 1129 1378 onnni
1144 1321 1334 1378 colluctatione
1352 1321 1461 1391 adiuvat
1475 1319 1658 1392 infirmitatem
1674 1334 1724 1375 no-

932 1420 1026 1468 stram.
1054 1412 1122 1466 Nam
1154 1427 1216 1467 cnm
1248 1411 1432 1467 testimonium
1463 1411 1589 1482 perhibet
1621 1411 1727 1484 spiritui

934 1508 1035 1568 nostro,
1052 1499 1124 1572 qood
1148 1499 1195 1554 filii
1218 1499 1268 1556 Dei
1282 1517 1386 1572 sumus,
1405 1517 1438 1557 ca
1461 1501 1601 1572 inspiratio
1624 1508 1666 1559 est
1693 1503 1727 1557 ad

932 1589 1154 1645 consolationem.
1177 1590 1260 1656 Datur
1283 1590 1365 1645 etiam
1388 1590 1423 1644 ad
1445 1590 1591 1658 terrorem,
1615 1606 1677 1648 cnm
1700 1590 1728 1645 in

933 1678 1059 1733 cordilnrs
1073 1675 1256 1749 perlectorum
1271 1677 1457 1735 vehementius
1478 1679 1593 1752 spirans,
1610 1680 1728 1738 validum

81 1775 137 1840 dat,
153 1779 181 1829 et
200 1785 261 1843 quae
279 1774 383 1824 naturae
405 1767 491 1822 indita
511 1774 564 1836 est,
581 1773 608 1822 et
630 1781 691 1838 quae
715 1765 813 1822 tradita
828 1781 879 1837 per
896 1758 917 1834 Β
934 1767 1025 1838 ignom
1035 1766 1172 1822 claritatis
1186 1766 1329 1822 accendit:
1346 1775 1443 1824 utnon
1459 1768 1729 1842 soluminspelilio-

79 1861 255 1932 Scripturam.
279 1859 339 1914 lam
363 1857 387 1912 si
413 1863 529 1928 utroque
552 1856 636 1920 bono,
659 1861 685 1908 et
707 1854 734 1907 in
755 1854 796 1908 liis
818 1870 880 1927 quae

81 1951 115 2006 ad
135 1956 284 2020 utrumque
299 1945 437 2017 pertinent
456 1939 570 1999 tinnitor
585 1957 759 2012 perseveras;
775 1941 879 2014 princi-

77 2039 168 2112 palem
182 2035 320 2107 spiritnm,
332 2049 414 2106 quem
429 2032 516 2089 solum
532 2031 604 2086 Deus
620 2031 763 2104 approbat,
777 2029 881 2100 recepi-

79 2127 133 2185 sti:
145 2123 267 2198 alioqnin
283 2139 346 2195 quaa
358 2122 522 2186 modosunt,
540 2120 622 2175 modo
638 2133 692 2175 non
708 2126 781 2192 sunt,
798 2118 881 2191 isqui

76 2230 141 2272 vere
156 2219 208 2280 est,
227 2229 283 2270 non
302 2217 435 2283 acceptat,
454 2209 548 2268 necin
567 2207 677 2264 caducis
691 2208 751 2264 istis
766 2208 817 2264 sibi
833 2223 883 2279 po-

78 2310 132 2360 test
140 2302 285 2359 aeternitas
299 2301 482 2371 complacere.
499 2298 593 2370 ltaque
609 2296 633 2352 si
648 2295 800 2365 desideras,
811 2303 842 2368 pt
855 2296 883 2350 in

77 2400 103 2448 te
116 2392 193 2448 Deus
208 2390 295 2463 eligat
310 2396 416 2462 partem
439 2387 507 2444 sibi:
525 2395 584 2443 esto
599 2385 729 2442 sollicitus
745 2384 816 2442 sicut
835 2385 883 2440 tibi

74 2480 210 2552 Spiritum
235 2485 371 2544 sanctum,
391 2477 460 2534 sicut
482 2475 606 2549 proximo
629 2474 754 2542 spiritum
769 2483 881 2544 rectum,

73 2569 154 2626 sicci
170 2583 297 2641 quoqne,
313 2575 442 2639 anquam
457 2579 522 2622 vero
537 2562 662 2636 principi,
678 2571 706 2618 et
722 2563 791 2634 patri
805 2562 884 2635 spiri-

75 2667 165 2724 tuum,
188 2656 317 2729 spiritum
332 2655 509 2727 principalem
528 2652 669 2709 exhibere.

112 2752 139 2804 8.
168 2746 245 2802 Vere
272 2744 411 2814 multiplex
427 2742 554 2814 Spiritus,
569 2741 616 2813 qui
633 2748 685 2794 tam
701 2739 885 2811 multipliciter

70 2835 135 2890 liliis
152 2833 301 2890 bominum
315 2831 476 2903 inspiratur,
486 2836 515 2885 ιιι
528 2845 583 2886 non
594 2829 629 2883 sit
638 2827 685 2900 qui
695 2844 726 2882 sc
736 2829 885 2884 abscondat

71 2939 87 2977 a
104 2923 202 2978 calore
218 2921 293 2990 ejus.
311 2917 452 2992 Siquidem
466 2917 624 2974 conceditur
639 2915 679 2971 eis
694 2915 729 2970 ad
743 2933 833 2987 usum,
850 2918 884 2973 ad

69 3011 251 3078 miraculum,
277 3009 312 3065 ad
331 3008 457 3074 salutern,
473 3007 507 3062 ad
524 3005 664 3076 auxilium,
688 3007 723 3062 ad
747 3004 882 3076 solatium,

69 3102 105 3157 ad
125 3100 283 3157 fervorem.
300 3095 343 3152 Ad
358 3112 437 3152 nsum
451 3093 563 3167 quidem
576 3093 648 3159 vitae,
665 3093 744 3150 bonis
754 3102 782 3150 et
796 3095 882 3160 malis,

67 3189 164 3261 dignis
180 3187 292 3260 pariter
305 3193 333 3242 et
351 3184 471 3258 indignis
484 3183 638 3240 communia
657 3183 729 3239 bona
743 3184 885 3240 abundan-

934 1872 994 1909 rum
1020 1855 1077 1914 Dei.
1098 1855 1147 1909 scd
1172 1855 1253 1910 etiam
1279 1855 1306 1909 in
1326 1854 1543 1912 tribulationibus
1566 1856 1727 1928 glorientur,

934 1944 1126 2000 contumeliam
1145 1944 1259 2018 gloriam
1282 1951 1448 2014 reputantes,
1469 1945 1647 2018 opprobrium
1660 1963 1729 2019 gan·

936 2031 1021 2097 diana,
1047 2032 1253 2102 despectionem
1273 2032 1475 2089 exaltationem.
1491 2032 1627 2092 Omnibus
1641 2035 1731 2102 nobis,

937 2120 964 2174 ni
976 2121 1062 2189 lallor,
1079 2120 1158 2175 datus
1173 2127 1214 2175 est
1227 2120 1341 2191 Spiritus
1351 2122 1385 2178 ad
1399 2122 1533 2190 salutem;
1549 2123 1583 2178 ad
1592 2121 1730 2182 fervorem

937 2223 991 2264 non
1007 2209 1053 2262 ita.
1070 2209 1149 2264 Pauci
1165 2208 1238 2263 enini
1249 2217 1312 2264 sunt
1325 2210 1371 2281 qui
1385 2211 1438 2266 boc
1448 2210 1543 2281 spiritu
1559 2210 1728 2282 repleantur;

936 2294 1025 2352 936
1039 2297 1117 2367 pauci
1141 2297 1187 2368 qui
1203 2297 1330 2353 studeant
1352 2298 1482 2354 aemulari.
1498 2299 1624 2355 Contenti
1639 2316 1732 2357 sumus

938 2385 1071 2456 angustiis
1086 2385 1197 2451 nostris,
1213 2401 1266 2440 nec
1287 2386 1422 2457 respirare
1437 2386 1464 2440 in
1479 2387 1631 2444 libertatem
1645 2387 1731 2456 illam,

939 2487 994 2529 non
1009 2472 1104 2527 saltem
1128 2473 1161 2526 ad
1178 2487 1238 2528 eam
1257 2471 1362 2542 spirare
1377 2489 1514 2530 conamur.
1532 2474 1658 2542 Oramus,
1675 2474 1731 2532 lra-

938 2571 1005 2628 tres,
1021 2567 1050 2616 ut
1064 2561 1253 2631 compleantur
1266 2561 1294 2614 in
1309 2560 1388 2618 nobis
1402 2559 1461 2618 dies
1474 2561 1658 2630 Pentecostes,
1674 2561 1733 2619 dies

940 2649 1117 2720 remissionis,
1138 2649 1196 2704 dies
1218 2649 1415 2716 exsultationis,
1433 2649 1491 2706 dies
1510 2649 1645 2708 verissimi
1656 2651 1732 2721 jubi-

940 2733 999 2789 laei:
1017 2743 1044 2790 et
1058 2735 1177 2791 inveniat
1192 2751 1241 2792 nos
1255 2752 1364 2809 semper
1385 2738 1500 2810 Spiritus
1514 2746 1623 2796 sanctus
1637 2754 1734 2795 omnes

939 2837 1051 2902 propter
1065 2831 1237 2903 praesentiam
1248 2833 1430 2905 corporalem,
1441 2835 1544 2906 pariter
1557 2842 1669 2908 propter
1678 2849 1734 2891 cor-

939 2917 1013 2974 dium
1032 2919 1172 2986 unitatem,
1189 2921 1217 2975 in
1233 2920 1331 2977 codem
1348 2921 1407 2980 loco
1417 2940 1467 2993 per
1476 2923 1637 2995 promissam
1651 2925 1734 2979 stabi-

938 3007 1056 3080 litatem,
1074 3009 1108 3064 ad
1124 3009 1230 3064 laudem
1250 3017 1277 3066 et
1291 3010 1407 3082 gloriam
1421 3012 1515 3082 sponsi
1528 3011 1657 3069 Ecclesiae
1670 3014 1735 3070 Jcsn

939 3098 1037 3154 Christi
1052 3098 1161 3154 Domini
1171 3099 1267 3164 nostri,
1278 3099 1325 3170 qui
1340 3108 1382 3156 est
1396 3101 1583 3172 superomnia
1597 3102 1670 3158 Deus
1685 3103 1735 3158 be-

939 3185 1063 3242 nedictus
1078 3186 1105 3242 in
1120 3187 1228 3244 saecula.
1244 3190 1341 3244 Amen.

582 3376 767 3442 [tOlllNlCd
787 3377 827 3441 lv
848 3377 941 3442 POST
963 3379 1246 3446 Pent’acostmv.

812 3485 929 3540 senno
951 3486 1008 3554 (ὅθ)

458 3583 496 3638 lic
511 3581 598 3636 David
613 3583 640 3638 ct
657 3580 743 3646 Golia,
758 3585 785 3635 ct
804 3583 925 3652 qainqnc
936 3583 1082 3654 lapididus.
1105 3587 1130 3656 (l
1144 3587 1206 3658 llcg.
1222 3599 1293 3654 nvn,
1314 3585 1369 3653 dd.)

98 3715 125 3766 l.
155 3705 333 3764 Audivimus
355 3719 388 3759 ex
416 3703 486 3758 libro
514 3703 629 3774 Regum,
655 3702 773 3769 Goliam,
797 3703 883 3758 virum

65 3812 196 3856 iroceraa
228 3801 354 3862 staturae,
374 3798 587 3864 praesumentem
609 3806 691 3863 super
718 3790 801 3847 multa
826 3791 883 3848 lor-

65 3887 188 3952 itndine
210 3891 242 3940 et
272 3880 460 3956 magnitudine
476 3878 597 3950 corporis
621 3881 672 3944 sui,
690 3878 882 3936 vociferantem

65 3979 205 4034 sdversus
234 3970 388 4044 phalangas
412 3969 495 4024 lsrael
510 3975 537 4022 et
561 3975 756 4038 provocantem
781 3983 828 4025 cas
849 3969 883 4024 ad

65 4063 212 4135 singulare
230 4066 397 4116 certamen:
420 4057 574 4113 audivimus
590 4056 672 4113 etiam
687 4073 703 4112 a
721 4058 778 4114 Deo
794 4058 882 4114 susci-

66 4161 148 4210 atum
178 4149 319 4223 spiritum
346 4146 425 4219 pueri
451 4145 578 4217 junioris
609 4155 637 4201 ut
662 4145 774 4220 indigne
800 4147 883 4203 lomet

65 4245 153 4300 tirum
177 4237 315 4312 spurium
330 4243 357 4293 et
381 4234 611 4304 incircumcisum,
628 4235 724 4290 castris
747 4235 831 4290 lsrael
856 4243 883 4291 et

65 4315 107 4390 tei
129 4327 247 4388 summi
270 4326 483 4396 exprobrantem
508 4323 674 4396 agminibus.
696 4322 883 4396 spectavimus

65 4419 282 4478 trocedentem
316 4412 548 4470 adolescentulum
576 4413 605 4467 in
632 4412 715 4469 lunda
740 4420 767 4469 et
793 4411 882 4485 lapide

65 4513 203 4569 ‚dvorsus
226 4510 414 4562 monstruosae
441 4501 635 4574 magnitudinis
654 4501 792 4558 hominem
819 4499 884 4557 lori-

65 4607 164 4666 atum,
201 4604 234 4652 et
262 4594 363 4666 clypeo
385 4597 538 4665 protectum
552 4605 584 4646 ac
609 4589 698 4662 galea,
724 4589 883 4661 caeterisque

65 4687 228 4748 erribilem
254 4681 419 4738 militaribus
442 4679 534 4736 annis.
559 4679 588 4734 Si
603 4695 656 4752 qua
670 4678 698 4734 in
714 4678 792 4734 nobis
806 4685 884 4734 erant

65 4779 174 4836 iscera
208 4771 339 4845 pietatis,
363 4785 418 4823 non
450 4767 588 4839 potuimus
621 4783 676 4823 non
714 4767 810 4822 timere
846 4765 885 4822 sic

65 4865 175 4926 neunti
192 4858 378 4924 conflictum,
402 4870 456 4911 non
478 4855 654 4928 congaudere
670 4854 797 4912 vincenti.
815 4855 885 4910 lan-

65 4956 197 5014 iavimus
213 4945 478 5020 magnanimitatem
493 4943 607 5014 parvuli,
634 4943 704 5015 qnod
729 4942 886 5000 comederet

65 5045 190 5102 ,nimam
221 5041 292 5111 ejus
304 5035 380 5093 zelus
394 5033 490 5089 domus
505 5031 564 5098 Dei,
584 5039 611 5087 et
625 5033 771 5104 opprobria
786 5048 885 5104 expro-

65 5132 213 5189 ›rantium
230 5127 262 5184 ei
280 5143 295 5182 a
313 5141 344 5180 se
357 5138 413 5178 non
428 5120 542 5177 duceret
560 5119 664 5186 aliona;
688 5123 737 5178 sed
760 5128 888 5192 tanquam

65 5223 90 5278 ,d
108 5218 278 5294 propriam
293 5217 448 5272 moveretur
461 5207 600 5280 injuriam,
626 5217 654 5266 et
678 5209 782 5266 doleret
806 5225 889 5281 super

93 5364 167 5438 (50)
179 5361 240 5418 Hic
256 5372 362 5425 serino,
383 5352 486 5436 Nicolai
500 5351 738 5434 Clara-lallensis
750 5351 891 5434 Sermoni·

64 5455 109 5494 ms
125 5428 355 5494 novemdecim,
369 5428 485 5482 Hennco
498 5424 672 5480 Trecensrum
686 5430 778 5479 comitr
788 5440 890 5480 nuncu-

65 5509 148 5573 ntis‚
179 5498 343 5571 subjicitur
371 5497 399 5552 in
423 5494 562 5553 codicibus
583 5493 738 5551 nonnullis:
756 5501 845 5550 atnoe
864 5495 891 5548 in

937 3706 1101 3762 contritione
1126 3708 1238 3779 loseph.
1255 3707 1349 3763 ilirati
1373 3723 1466 3764 sunaus
1491 3717 1591 3765 tantam
1614 3711 1642 3766 in
1664 3712 1734 3770 ado-

938 3794 1059 3850 lescente
1075 3793 1212 3861 fiduciam,
1233 3803 1333 3866 quanta
1360 3812 1414 3852 non
1433 3796 1600 3855 inveniretur
1621 3799 1648 3856 in
1672 3802 1734 3856 uni-

939 3897 1019 3938 verso
1042 3882 1151 3938 lsraele.
1177 3882 1312 3940 Collatam
1327 3883 1444 3955 denique
1466 3885 1571 3941 coelitus
1585 3887 1734 3958 victoriam,

938 3979 965 4026 et
989 3971 1083 4044 ¹divina
1117 3971 1259 4028 manifeste
1287 3978 1420 4045 patratam
1455 3973 1564 4041 virtute,
1599 3981 1654 4030 tam
1681 3975 1736 4032 lati

940 4058 1118 4130 suscepimus,
1150 4077 1231 4132 qnam
1255 4060 1361 4117 solliciti
1386 4068 1527 4118 certamen
1555 4063 1736 4134 spectavimus

938 4148 1033 4202 armati
1049 4147 1102 4203 lide
1121 4150 1235 4220 parvuli,
1259 4157 1285 4204 et
1303 4149 1443 4221 gloriantis
1468 4151 1580 4223 propria
1593 4151 1622 4208 in
1635 4153 1735 4211 virtute

937 4236 1065 4310 gigantis.

974 4327 1000 4378 2.
1026 4323 1085 4379 lam
1110 4325 1133 4380 si
1162 4325 1339 4396 spiritualem,
1355 4329 1505 4384 secundnm
1519 4329 1640 4400 Apostoli
1655 4331 1734 4386 tosti-

940 4411 1069 4482 monium,
1087 4412 1177 4484 legem
1192 4430 1252 4470 esse
1267 4430 1322 4470 non
1341 4415 1498 4487 ignoramus
1513 4419 1601 4490 (dont.
1613 4433 1662 4484 vn,
1677 4420 1732 4492 tt),

940 4507 966 4556 et
987 4501 1113 4572 scriptam
1137 4518 1198 4558 esse
1214 4510 1326 4574 propter
1340 4520 1390 4560 nos
1415 4520 1469 4560 non
1489 4505 1577 4560 solnm
1593 4506 1735 4562 exterioris

940 4587 1093 4658 superficiei
1108 4589 1285 4644 oblectandos
1295 4598 1416 4661 aspectu,
1429 4592 1478 4646 sed
1493 4591 1652 4649 interiorum
1666 4609 1734 4666 quo·

941 4693 993 4748 que
1014 4692 1142 4732 sensuum
1166 4685 1257 4748 gustu,
1284 4685 1413 4751 tanquam
1436 4680 1555 4736 medulla
1580 4681 1672 4750 tritici,
1692 4700 1735 4739 sa·

942 4764 1061 4820 tiandos:
1082 4763 1311 4821 considerandum
1333 4767 1412 4822 nobis
1435 4774 1476 4824 est
1498 4769 1622 4840 quisnam
1639 4772 1734 4828 videa-

945 4862 987 4909 tur
1010 4853 1060 4910 iste
1080 4853 1181 4922 Golias,
1198 4853 1244 4924 qni
1260 4855 1360 4927 populo
1374 4855 1433 4922 Dei,
1448 4859 1503 4928 jam
1519 4859 1736 4932 repromissionis

944 4951 1043 4999 terram
1058 4943 1193 5019 ingresso,
1218 4945 1326 5016 jamque
1350 4945 1440 5002 multis
1460 4963 1492 5004 ex
1508 4948 1630 5006 hostibus
1645 4951 1734 5007 trium·

944 5031 1046 5102 phanti,
1062 5032 1135 5088 solus
1149 5033 1313 5104 exprobrare
1328 5036 1473 5105 praesumit,
1491 5035 1577 5094 elatus
1592 5039 1736 5096 etinllatus

941 5120 1038 5191 spiritu
1063 5121 1150 5177 carnis
1165 5139 1230 5178 snae.
1256 5123 1345 5179 Credo
1368 5125 1440 5180 enim
1464 5141 1519 5181 non
1539 5127 1689 5201 incongrue
1708 5128 1736 5183 in

944 5212 1063 5282 superbo
1082 5211 1190 5268 bornino
1210 5212 1344 5283 superbiae
1362 5213 1457 5270 vitium
1476 5214 1623 5288 designari.
1647 5215 1737 5287 lpsnm

946 5359 1033 5425 atquc
1050 5353 1132 5406 etiam
1143 5351 1170 5406 in
1182 5352 1305 5408 Floribus
1324 5354 1453 5411 Willelmi
1465 5355 1590 5411 monachi
1600 5356 1740 5414 Tornacen

946 5425 983 5478 sis
1003 5440 1035 5479 ex
1049 5423 1188 5479 Bernardo
1202 5423 1321 5481 collectis
1336 5433 1398 5481 ante
1416 5441 1502 5483 annos
1516 5427 1742 5501 quadringentos,

946 5502 976 5549 ut
995 5493 1022 5548 in
1036 5496 1147 5565 hujusce
1164 5493 1230 5552 tomi
1245 5495 1405 5554 Praelatione
1419 5497 1544 5555 diximus.

65 5576 279 5644 accionibus,
291 5585 342 5627 nec
356 5566 489 5641 sequioris
505 5573 586 5638 note,
602 5566 740 5623 Bernardo
755 5565 891 5633 tribuitur,
948 5627 951 5648 ἶ
