4150 6348
214 349 268 412 505
689 353 724 416 tit
741 351 844 415 lusto
856 353 883 414 S.
897 354 1044 418 subuniti
1065 357 1224 420 trustntu
1244 359 1351 422 sinuo
1369 363 1391 422 i.
1807 361 1861 424 506

213 495 262 552 per
289 477 451 552 patibulum.
474 476 545 548 Quid
563 477 636 536 enim
664 478 736 538 dicit,
753 479 793 536 illi
808 489 903 538 amatae
921 483 1005 538 auae?
1026 501 1049 581 q
1066 483 1159 556 pinnis
1174 483 1305 552 levantur,
1317 493 1344 542 ει
1364 493 1539 558 proteguntur
1553 488 1671 563 squamis
1709 486 1766 546 aire
1779 485 1819 543 illi
1833 486 1861 543 in

215 589 228 622 ι
242 569 296 625 Per
318 575 355 636 ta,
368 587 384 620 a
400 567 496 642 iuquit,
526 585 568 625 me
590 567 710 642 recipiat,
725 569 772 642 qni
795 585 844 642 per
859 580 884 626 te
899 585 941 626 me
964 587 1009 627 rc·
1068 569 1134 626 utari
1149 571 1214 638 sint,
1228 571 1285 627 sive
1299 573 1464 641 influmine,
1478 575 1577 632 sivein
1596 585 1692 648 stagno
1710 576 1806 646 (bend.
1821 591 1860 643 xx,

212 657 338 714 domins
367 658 439 730 Ergo
464 657 487 713 si
511 657 648 732 diligimus
668 675 741 729 cum,
758 659 961 732 congaudemus
976 659 1010 727 ει,
1067 662 1097 733 9;
1113 661 1194 718 Dent.
1213 676 1272 731 xvv,
1291 661 1331 734 2).
1351 663 1437 720 Habet
1450 663 1520 718 enim
1536 666 1614 721 ctiam
1634 680 1709 722 mare
1731 668 1784 724 hoc
1798 683 1860 722 rna·

212 762 268 803 non
287 747 375 803 solum
394 745 458 818 quia
472 752 628 813 comnotus,
643 747 692 804 aad
711 756 738 804 ει
757 748 821 821 quia
843 748 987 806 crucifixus
1003 765 1010 803 :
1065 765 1150 820 guum
1162 758 1189 806 et
1202 750 1348 823 spatiosum
1372 750 1462 821 pisces
1478 754 1603 820 mundos,
1617 763 1644 810 et
1658 755 1799 813 bominica
1813 755 1859 811 di·

213 835 278 906 qnia
305 835 467 893 desiderium
495 834 593 891 animae
608 835 668 906 ejus
685 836 775 892 tribuit
790 837 815 894 ei
829 837 970 906 Dominus,
985 847 1012 894 et
1064 852 1135 910 guoa
1149 853 1255 908 mensa,
1282 838 1344 911 quia
1372 855 1405 894 ex
1418 837 1461 894 his
1482 841 1528 911 qui
1551 841 1577 894 in
1597 841 1689 896 soeculi
1708 840 1859 911 latitudine,

212 924 307 995 posuit
320 923 348 978 in
362 923 452 995 capite
466 922 525 992 ojus
544 937 672 981 cornuam
704 925 739 981 de
764 926 853 997 lapide
882 927 1010 997 pretioso.
1064 925 1166 992 habitu,
1177 935 1293 998 actuque
1307 938 1457 994 versamur,
1474 927 1583 1001 reliquit
1596 928 1648 984 sibi
1662 928 1745 984 multa
1763 931 1859 1000 millia,

211 1013 404 1070 Verumtamen
418 1009 482 1067 dum
491 1012 712 1084 congratulamur
721 1013 837 1086 siquod
847 1014 895 1071 diu
905 1014 1011 1070 deside·
1064 1029 1132 1086 quos
1145 1016 1294 1084 apostolica
1312 1031 1414 1087 sagena
1427 1017 1517 1086 trahit,
1533 1023 1562 1072 ut
1576 1031 1636 1071 enm
1656 1017 1753 1073 educta
1766 1017 1859 1088 luerit,

211 1101 372 1156 mtaecrucis
382 1097 437 1155 irui
448 1101 831 1170 mercaturamplexu,mirum
842 1102 1011 1173 raldeeat,si
1064 1109 1241 1175 segregentur
1255 1105 1372 1160 amalis.
1391 1105 1440 1161 Ubi
1453 1121 1520 1161 sanc
1543 1104 1648 1160 sedebit
1660 1113 1691 1160 et
1708 1105 1752 1162 hic
1769 1113 1861 1162 noster

209 1187 359 1261 nonipsnm
374 1188 435 1258 ejus
449 1188 1011 1266 miramurgandium,cuicougratulamur.
1064 1191 1182 1263 piscator
1197 1193 1346 1263 hominum,
1361 1194 1406 1267 qni
1422 1203 1504 1251 totam
1519 1210 1590 1250 nunc
1603 1200 1667 1265 post
1680 1209 1710 1248 se
1733 1194 1861 1250 Achaiam

246 1280 272 1334 a.
287 1276 358 1333 Dum
372 1277 446 1332 enim
465 1279 553 1334 noctis
567 1278 650 1348 hujus
664 1279 771 1352 vigilias
784 1280 963 1347 celebrantes,
983 1281 1011 1336 in
1066 1282 1155 1338 trahit.
1177 1281 1262 1338 Habet
1283 1290 1309 1338 et
1328 1282 1428 1340 flumen
1447 1285 1535 1354 pisces
1554 1283 1679 1348 mundos,
1709 1281 1861 1355 quicunqne

209 1365 300 1421 uerbis
327 1372 410 1421 unta
424 1366 611 1422 exsultationis
644 1368 778 1424 ιιιιιιιιιιιιιο
807 1369 1010 1439 delectaremur,
1065 1369 1136 1426 inter
1164 1369 1365 1436 dispensatores
1392 1371 1488 1428 fideles
1523 1371 1708 1428 inveniuntur.
1750 1369 1861 1428 Fluvius

209 1461 299 1527 putas,
320 1467 375 1510 uon
386 1454 437 1510 init
450 1455 476 1508 in
492 1455 582 1524 uobis,
596 1457 643 1528 qui
663 1471 758 1514 secum
772 1457 906 1529 cogitaret
918 1467 945 1514 et
966 1457 1011 1514 di·
1064 1459 1165 1533 quippe
1179 1468 1220 1516 est
1238 1460 1443 1531 predicatorum
1460 1464 1538 1530 ordo,
1564 1475 1619 1516 non
1638 1459 1666 1516 in
1678 1459 1775 1516 eodem
1794 1475 1860 1533 per·

210 1554 283 1599 caret
298 1540 385 1611 :Quid
401 1543 451 1599 sihi
467 1545 523 1602 vult
538 1546 616 1601 hoci
631 1551 677 1600 aut
697 1546 770 1602 unda
784 1553 840 1600 tarn
855 1561 925 1602 nora
939 1545 1011 1602 laeti-
1066 1563 1178 1605 manens
1192 1549 1263 1619 loco,
1279 1549 1327 1604 sed
1346 1550 1530 1607 exundensse
1543 1559 1570 1606 et
1584 1564 1707 1616 correus,
1723 1559 1752 1606 ut
1768 1549 1859 1605 dixer-

211 1631 247 1688 tia
260 1630 275 1688 ι
289 1631 366 1688 Gcrte
381 1642 409 1689 et
421 1647 488 1687 crux
503 1632 620 1703 pretiosa
630 1640 679 1700 εει,
698 1642 726 1688 ει
739 1649 805 1691 crux
819 1635 904 1690 amari
921 1643 1011 1708 potest
1064 1653 1108 1694 sas
1128 1637 1223 1710 irriget
1237 1647 1330 1694 terras.
1351 1637 1421 1694 Sunt
1435 1648 1462 1695 et
1475 1638 1503 1694 in
1522 1639 1629 1713 stagnis
1652 1638 1748 1695 mundi
1762 1638 1861 1711 pisces,

210 1731 237 1776 et
260 1737 326 1777 crux
345 1721 426 1776 habet
441 1722 646 1778 exultationem?
674 1723 715 1779 lte
742 1733 794 1792 est,
818 1721 915 1780 iratres
938 1723 1004 1782 mei.
1065 1727 1155 1800 quiin
1177 1727 1301 1783 claustris
1315 1726 1371 1782 ileo
1392 1727 1512 1784 serviunt
1536 1727 1564 1782 in
1578 1727 1674 1799 spiritu
1690 1734 1716 1782 et
1734 1727 1860 1783 veritate.

210 1810 240 1866 Si
254 1807 336 1866 inerit
349 1811 396 1881 qui
412 1808 530 1885 colligat,
556 1825 664 1884 semper
686 1810 790 1882 lignum
819 1811 907 1867 crucis
929 1812 1008 1870 vitam
1030 1769 1160 1871 Βιιειιιο
1176 1815 1312 1889 siquidem
1335 1815 1441 1887 stagnis
1469 1815 1635 1872 monasteria
1659 1821 1859 1886 comparantur,

210 1897 353 1969 germinat,
382 1897 524 1955 fructificat
559 1899 769 1971 jucunditatem,
798 1900 887 1956 oleum
911 1901 1009 1958 laetitiae
1063 1905 1109 1960 uhi
1131 1905 1248 1977 quodam
1272 1903 1352 1960 modo
1368 1903 1522 1960 incarcerati
1542 1903 1630 1974 pisces
1652 1903 1785 1975 evagandi
1806 1918 1884 1960 non.

210 1985 301 2056 stillat,
316 1987 468 2043 balsamum
491 1989 570 2044 sudat
598 1987 778 2060 spiritualium
805 1989 1008 2046 charismatum.
1063 1993 1176 2049 habeant
1190 1991 1350 2058 libertatern,
1367 2007 1423 2064 quo
1438 1993 1562 2050 videlicet
1581 1994 1668 2064 parati
1682 1995 1738 2048 sint
1754 2007 1863 2065 semper

209 2074 466 2133 Nonestsilvestris
480 2077 582 2145 arbor;
600 2076 705 2153 lignum
726 2077 786 2134 vitae
800 2081 1010 2151 estapprehen-
1064 2083 1097 2139 ad
1130 2082 1223 2155 epulas
1247 2081 1410 2152 spirituales,
1436 2081 1556 2138 dicentes
1587 2081 1688 2152 singuli
1714 2080 1786 2137 intra
1816 2095 1859 2138 se:

210 2163 339 2221 dentibus
353 2179 423 2222 eam.
439 2167 528 2221 Arbor
542 2163 690 2233 fructifera,
703 2168 784 2222 arbor
799 2166 935 2222 sulutifera
949 2174 1007 2228 eat:
1064 2168 1178 2239 Quando
1189 2169 1279 2225 veniet
1289 2168 1337 2241 qui
1348 2185 1390 2224 me
1401 2168 1643 2226 deleratiCunctis
1653 2168 1862 2241 diebus,quibus

117 2261 120 2269 ·
210 2253 328 2324 alioquin
353 2254 490 2326 quomodo
518 2254 687 2310 Dominicam
716 2262 862 2326 occuparet
885 2256 1011 2310 terram?
1065 2272 1138 2315 nuno
1151 2257 1246 2325 milito,
1262 2266 1388 2329 exspecto
1402 2258 1490 2314 donec
1514 2257 1606 2313 veniat
1624 2257 1774 2314 immutatio
1789 2272 1860 2316 urea.

209 2342 284 2397 illam
299 2342 361 2400 dico
376 2342 598 2415 pretiosissimam
614 2344 728 2414 glebam,
746 2343 790 2400 cni
804 2343 947 2401 clarorum
971 2349 1012 2399 εει
1102 2349 1127 2402 ι.
1144 2347 1236 2413 l'orro,
1257 2354 1287 2401 ut
1305 2346 1340 2401 de
1363 2345 1428 2418 lege
1448 2361 1532 2416 supra
1554 2345 1738 2416 meminimus,
1758 2347 1814 2401 sive
1832 2346 1861 2402 in

208 2429 293 2486 iulixa
306 2431 452 2489 radicibus.
473 2431 501 2487 st
515 2447 570 2488 uon
584 2440 655 2488 esset
669 2433 727 2488 haec
745 2433 881 2504 pretiosor
896 2432 1010 2503 cunctis,
1065 2437 1142 2504 mari,
1158 2435 1214 2492 sive
1229 2434 1257 2488 in
1271 2433 1393 2502 ilumine,
1409 2435 1468 2490 sive
1481 2434 1506 2489 iu
1518 2441 1624 2508 stagno,
1644 2432 1682 2489 illi
1696 2433 1863 2492 mundisnnt

209 2517 376 2576 fructuosior
392 2519 541 2590 universis;
559 2535 698 2591 nunquam
722 2521 770 2574 illo
798 2521 963 2590 plantaretur
983 2520 1010 2576 iu
1065 2523 1164 2596 pisces,
1180 2521 1226 2594 qni
1241 2536 1367 2593 squamas
1382 2530 1410 2578 et
1424 2521 1552 2593 pinnulas
1566 2522 1675 2578 habent.
1687 2521 1761 2598 ¹Sunt
1773 2529 1862 2578 ιιιιειιι

209 2608 300 2678 horto,
335 2624 385 2665 uec
408 2607 485 2663 illam
507 2607 709 2679 permitteretur
736 2608 841 2665 vineam
866 2623 1010 2681 occupare.
1064 2626 1184 2683 squama
1200 2612 1301 2680 multae,
1317 2609 1365 2666 sed
1385 2626 1438 2666 uua
1453 2610 1670 2683 exeisquodam
1683 2609 1765 2667 modo
1781 2609 1863 2666 lorica

207 2683 335 2768 Denique
360 2697 425 2770 qnid
440 2697 535 2754 mirum
551 2696 574 2753 si
589 2697 662 2754 cruci
678 2697 832 2754 suavitatem
861 2697 944 2768 dedit,
962 2698 1010 2770 qni
1064 2699 1231 2768 contexitur;
1247 2700 1311 2770 quia
1336 2714 1390 2755 nna
1411 2705 1453 2754 est
1466 2697 1592 2770 patentiae
1606 2698 1702 2767 virtus,
1727 2698 1789 2755 licet
1804 2699 1863 2754 sin·

208 2785 286 2841 dedit
304 2792 332 2840 et
345 2787 401 2857 igni
415 2790 430 2843 i
444 2793 490 2842 ant
503 2785 642 2857 quomodo
655 2801 720 2843 crux
735 2785 874 2856 judicatur
883 2785 1009 2858 insipida,
1065 2786 1136 2862 gulis
1169 2785 1387 2840 tribulationibus
1401 2785 1530 2842 exhibere
1561 2785 1683 2857 singulas
1713 2786 1861 2844 videamur.

209 2872 258 2929 ubi
272 2873 352 2929 dulce
361 2874 431 2940 sapit
447 2882 474 2929 et
487 2873 619 2930 llamma‘l
633 2873 704 2944 Quid
719 2873 790 2930 euim
802 2874 923 2945 sapiebat
937 2875 1010 2931 Lau·
1064 2877 1123 2932 Jam
1139 2890 1203 2932 vero
1216 2875 1289 2931 sicut
1303 2889 1428 2947 squamas
1442 2873 1476 2930 ιιιι
1497 2874 1664 2946 patientiam,
1681 2875 1720 2930 sic
1735 2875 1862 2946 pinnulas

210 2961 299 3018 rentio
318 2961 390 3033 ignis
418 2960 474 3028 illc,
503 2978 564 3018 eum
589 2963 689 3018 rideret
716 2961 871 3032 camilices,
891 2962 1011 3033 judicem
1065 2980 1173 3036 quoque
1187 2964 1221 3020 ad
1237 2963 1400 3018 hilaritatem
1415 2963 1535 3019 arbitror
1548 2963 1763 3036 noniucongrue
1780 2978 1862 3035 posse

210 3051 415 3106 subsanneret?
429 3049 500 3121 Quid
518 3064 567 3105 nos
577 3049 611 3105 ad
621 3049 673 3106 ista
683 3049 813 3120 dieamus,
825 3050 921 3106 iratres
934 3041 1048 3120 iCan
1064 3050 1169 3107 reterri.
1195 3050 1319 3106 Hilarltas
1333 3050 1432 3122 quippe
1454 3049 1524 3106 leuat
1538 3060 1565 3106 et
1578 3051 1708 3134 ειιιιιειιι,
1729 3058 1758 3106 ut
1780 3055 1864 3108 saltus

212 3154 266 3194 uon
281 3138 351 3211 sapit
369 3137 450 3196 etiem
467 3138 554 3208 nobis,
579 3155 640 3211 quae
658 3153 707 3212 pro
722 3139 830 3196 Christo
843 3147 885 3196 εει
900 3139 1011 3196 tribula·
1063 3137 1196 3212 quosdam
1212 3140 1240 3194 in
1255 3139 1339 3194 altum
1355 3140 1420 3193 dare
1434 3137 1567 3203 videatur,
1585 3137 1710 3210 quisquis
1731 3138 1864 3196 exhilara·

212 3227 261 3298 tio,
274 3243 324 3284 neo
337 3238 478 3302 gustam
495 3236 583 3284 etuos
594 3243 692 3283 manna
710 3227 782 3285 istud
797 3229 1010 3287 absconditum?
1064 3236 1117 3284 tur.
1134 3227 1203 3283 Sanc
1221 3234 1251 3284 nt
1263 3227 1330 3282 duas
1345 3226 1493 3284 habeamus
1508 3226 1642 3297 pinnulas,
1668 3227 1769 3300 duplex
1784 3229 1865 3286 nohis

213 3318 258 3374 Sin
272 3317 342 3373 enim
357 3316 447 3374 victus
461 3326 533 3374 esset
550 3317 661 3374 omnino
679 3317 813 3386 diabolus,
829 3333 878 3375 neo
898 3319 1011 3374 haberet
1064 3315 1185 3371 hilaritas
1198 3317 1344 3388 quoereuda
1355 3321 1405 3370 est.
1416 3316 1451 3372 ιιι
1466 3314 1535 3372 iorte
1550 3323 1695 3387 propterea
1705 3315 1784 3373 docet
1795 3315 1867 3389 hpn·

211 3407 331 3479 penitus,
357 3408 428 3477 quod
453 3405 566 3462 afferret
598 3407 694 3480 (nllus,
714 3408 853 3479 auferret).
869 3405 1012 3466 Suliieeret
1065 3405 1151 3462 stolus
1165 3403 1221 3477 (ille
1235 3404 1307 3461 cuim
1326 3420 1389 3461 vere
1413 3418 1515 3475 pennas
1530 3404 1655 3473 habehat,
1672 3404 1774 3476 quibus
1797 3412 1824 3462 et
1837 3405 1865 3461 in

211 3494 292 3551 nohis
305 3496 358 3552 hoe
367 3511 450 3551 ιιιιιιιιι
466 3496 597 3552 adversus
606 3494 742 3567 duplicem
756 3496 884 3552 malitiam
897 3495 1010 3554 inimici.
1066 3494 1173 3551 tertium
1192 3509 1277 3566 usqua
1291 3493 1390 3551 coelum
1406 3500 1498 3566 raptus
1512 3501 1563 3563 eat,
1592 3500 1618 3550 ει
1631 3492 1729 3550 volavit
1742 3493 1820 3551 etiam
1839 3494 1866 3550 in

248 3587 276 3640 3.
301 3585 386 3640 Habet
408 3587 512 3658 quippe
528 3582 710 3655 oequissimus
729 3585 773 3641 ille
793 3585 913 3658 laqueos,
928 3586 1011 3642 hahet
1065 3583 1236 3654 paradisum)
1260 3597 1312 3639 non
1336 3583 1424 3638 solum
1450 3582 1563 3657 gloriari
1586 3583 1615 3638 in
1639 3595 1698 3653 spe,
1719 3583 1767 3639 sed
1786 3582 1865 3639 etiam

211 3681 240 3730 ει
252 3673 352 3744 iacula,
376 3679 470 3747 utpote
498 3671 689 3730 callidissimus
719 3678 833 3729 venator
860 3673 1010 3744 hominum,
1066 3672 1176 3748 gloriari
1201 3672 1227 3728 in
1248 3671 1465 3728 tribulationibus
1487 3672 1578 3745 (Rern.
1597 3687 1627 3742 v,
1640 3675 1668 3742 u,
1692 3674 1733 3742 3).
1753 3672 1868 3730 Prorsus

212 3761 302 3818 solum
314 3762 406 3819 sitiens
430 3764 594 3836 sanguinem
608 3761 770 3820 animarum.
786 3762 864 3818 Alios
879 3763 938 3818 telis
959 3778 1010 3835 ap·
1066 3761 1183 3818 sublima
1198 3760 1269 3818 volat
1283 3760 1409 3833 quisquis
1424 3761 1529 3833 illeest,
1539 3775 1687 3834 memnon
1703 3760 1785 3817 modo
1796 3759 1868 3816 iutu-

211 3853 281 3923 petit
309 3851 451 3908 malitiosae
478 3851 623 3922 cujuslibet
637 3850 843 3925 suggestionis3
864 3860 891 3907 et
918 3851 947 3908 in
973 3853 1012 3908 eis
1066 3865 1160 3907 rorum
1172 3849 1335 3920 exspectatio
1345 3851 1489 3921 bonorum,
1505 3850 1555 3906 sad
1570 3849 1745 3921 presentium
1757 3864 1864 3920 quoque

210 3940 335 3998 vulnerat
350 3941 461 4010 multos,
489 3955 605 4012 qnorum
621 3938 766 3996 tenuisset
782 3939 918 4009 patientia.
935 3939 1012 4000 Alios
1065 3941 1198 3995 malornm
1216 3937 1347 3995 exhibitio
1360 3938 1419 4008 ipsa
1441 3940 1566 4008 delectat,
1588 3938 1626 3993 ita
1640 3947 1670 3993 ut
1688 3938 1715 3992 iu
1737 3953 1770 3993 ea
1783 3936 1863 3994 etiam

210 4029 392 4100 voluptatibus
408 4029 513 4086 irretire
524 4029 640 4100 laborat;
657 4036 684 4086 et
705 4028 732 4084 iu
751 4027 794 4084 his
811 4034 885 4086 certe
899 4027 1012 4084 includit
1066 4025 1207 4101 glorietur.
1227 4026 1319 4082 Talem
1343 4026 1495 4082 invenimus
1516 4026 1589 4082 hune
1613 4027 1723 4082 beatum
1741 4027 1862 4095 aposto-

211 4117 411 4175 multitudinem
427 4119 565 4190 copiosam
582 4133 674 4174 eorum
690 4117 734 4189 qui
761 4116 790 4172 in
808 4124 888 4172 teme
916 4124 1012 4186 repunt
1065 4115 1131 4184 lum,
1145 4116 1223 4172 talem
1239 4114 1379 4184 miramur,
1396 4114 1477 4170 talem
1492 4115 1586 4171 merito
1597 4113 1786 4186 predicamus.

211 4218 258 4263 aut
271 4206 384 4264 volitant
396 4207 475 4278 juxta
488 4222 558 4263 eam.
576 4207 615 4262 Sit
639 4222 705 4279 ergo
717 4205 844 4282 gaudium
858 4205 886 4261 in
896 4205 1011 4264 tribula·
1103 4205 1130 4258 5.
1145 4205 1221 4261 Unde
1235 4209 1262 4260 et
1275 4203 1409 4275 triplicem
1420 4203 1463 4260 hic
1476 4202 1539 4260 licet
1547 4203 1719 4259 considerare
1733 4199 1862 4274 gradum

213 4297 288 4352 tione
304 4317 311 4363 ·,
325 4296 421 4366 etjam
433 4311 487 4352 nou
501 4295 581 4351 habet
596 4294 730 4368 malignus
744 4294 816 4351 unda
840 4295 942 4371 illiciat,
958 4310 1013 4352 nou
1029 4313 1052 4391 ss
1067 4291 1263 4364 incipientium,
1293 4291 1502 4365 proficientium,
1530 4291 1722 4362 perlectorum.
1755 4289 1863 4346 Initium

133 4443 136 4448 ,
214 4385 381 4442 hahetunde
396 4383 505 4455 dejiciat
521 4402 528 4437 ι
542 4383 647 4439 liberati
662 4399 757 4440 sumus
771 4400 788 4439 a
802 4383 902 4456 laqueo
917 4399 1014 4440 venan-
1067 4381 1138 4438 euim
1162 4379 1314 4453 sepientis,
1334 4380 1416 4436 timor
1433 4379 1540 4437 Domini
1567 4380 1668 4448 (liooli.
1690 4393 1711 4446 ι,
1726 4377 1785 4448 tc)
1803 4393 1863 4433 me·

212 4475 289 4534 tium.
305 4475 405 4546 pariter
418 4482 445 4530 et
459 4488 477 4529 a
489 4474 572 4529 verbo
586 4488 695 4545 aspero.
715 4471 790 4529 Nihil
804 4473 875 4528 enim
891 4471 1013 4544 proficiet
1066 4469 1151 4540 ιιιιιιιι,
1168 4484 1247 4540 ερεε;
1262 4469 1388 4538 ειειιιιιε,
1405 4468 1553 4539 plenitudo.
1566 4467 1689 4537 Denique
1703 4465 1863 4534 Apostolum

211 4558 339 4619 inimicus
353 4562 382 4618 in
396 4573 543 4635 eo,·quem
572 4576 639 4618 crux
671 4561 770 4618 Christi
794 4560 920 4630 delectat,
950 4576 1012 4616 car·
1067 4557 1139 4629 audi,
1147 4557 1492 4633 qniapleailudolepiscst
1501 4556 1626 4615 charitat
1635 4556 1723 4625 illum.
1733 4557 1862 4626 mult).

212 4653 302 4708 nalem
326 4651 494 4726 suggesserit
516 4649 723 4708 delectationem
736 4667 743 4704 ι
758 4658 785 4705 ει
799 4647 870 4705 lilius
884 4649 1010 4723 iniquita·
1064 4644 1117 4714 Qui
1132 4645 1252 4701 initiatur
1270 4661 1286 4700 a
1307 4645 1414 4713 timore,
1434 4657 1540 4700 crucam
1555 4641 1653 4699 Christi
1682 4641 1796 4697 sustinet
1813 4656 1863 4712 pa-

213 4739 247 4797 tis
260 4756 314 4797 uon
330 4741 559 4812 apponet'nocere
571 4739 607 4809 ci,
623 4739 647 4795 ει
666 4739 699 4795 nd
720 4738 935 4809 exasperandum
955 4738 1013 4794 ani·
1066 4735 1177 4799 tieutsrr
1194 4733 1240 4806 qul
1258 4733 1398 4804 prolicitin
1411 4749 1470 4805 spe,
1486 4741 1576 4803 portat
1594 4730 1724 4803 libentem
1739 4731 1864 4800 quivero

212 4845 288 4886 mum
302 4829 363 4901 a‘jns
385 4829 534 4902 quamlibet
561 4827 707 4884 immittere
738 4825 882 4885 tantaverit
897 4824 1006 4884 1⁰8!
1065 4831 1267 4880 consummatur
1290 4823 1317 4878 in
1334 4821 1477 4890 charitate,
1502 4821 1674 4892 amplectitur
1694 4817 1749 4892 jam
1764 4819 1863 4874 ardeu-

212 4917 430 4975 amaritudinem.
445 4919 506 4974 Non
519 4925 593 4974 marat
607 4916 728 4987 delicias,
744 4916 790 4989 qui
803 4915 907 4987 jejunio
921 4916 1013 4987 pasci·
1066 4919 1116 4968 ter.
1140 4911 1221 4969 Solus
1246 4911 1346 4967 etenim
1364 4911 1415 4967 iste
1437 4916 1479 4966 est
1499 4909 1546 4981 qui
1572 4908 1665 4966 dicero
1687 4907 1784 4980 possit,
1801 4906 1864 4982 qnia

212 5016 276 5064 tur:
300 5006 386 5063 multo
407 5005 495 5062 minus
503 5021 677 5063 murmurare
692 5019 740 5076 pro
754 5021 787 5062 aa
799 5012 897 5077 potest,
913 5005 942 5060 in
956 5021 1011 5078 qno
1068 5024 1080 5053 ι
1104 5010 1208 5059 amator
1230 5008 1293 5057 tuus
1312 5013 1419 5069 semper
1445 4998 1494 5064 ini,
1516 5007 1545 5055 ct
1565 4997 1716 5055 desideravi
1739 4995 1865 5068 amplecti

212 5097 295 5154 etiam
322 5097 478 5153 delectatur.
495 5097 577 5152 Plane
594 5096 758 5151 altissimum
773 5093 860 5166 posuit
879 5091 1011 5166 refugium
1065 5098 1100 5147 te.
1119 5109 1131 5142 ι
1147 5090 1240 5165 Longe
1253 5099 1293 5144 eat
1306 5101 1359 5144 vox
1384 5089 1434 5143 ista
1448 5087 1485 5143 ab
1499 5101 1533 5144 cn
1546 5087 1593 5158 qui
1608 5084 1725 5142 sustinet
1741 5085 1863 5157 quidem,

211 5201 304 5252 suum,
328 5185 375 5243 ubi
397 5200 447 5242 nec
474 5185 628 5256 muscipula
652 5183 754 5240 inimici
769 5183 887 5240 timenda
901 5183 946 5252 sit,
962 5198 1013 5240 nec
1065 5180 1114 5236 scd
1128 5186 1233 5252 optaret
1251 5176 1372 5242 omnino,
1387 5175 1411 5231 si
1425 5182 1530 5246 posset,
1545 5189 1599 5230 non
1622 5172 1731 5230 venisse
1751 5173 1778 5226 in
1797 5173 1867 5228 banc

211 5277 312 5352 sagitta
326 5293 335 5344 ;
348 5276 403 5330 imo
414 5289 479 5331 vero
501 5273 620 5330 mundns
639 5271 720 5343 piscis
734 5281 785 5338 est,
801 5285 929 5342 squamas
943 5271 1013 5344 pari·
1064 5268 1168 5324 horam.
1190 5266 1322 5338 Denique,
1337 5264 1361 5319 si
1377 5279 1430 5324 non
1448 5263 1544 5319 videor
1558 5261 1715 5317 temerarius
1730 5260 1865 5332 longeest

213 5371 258 5422 ter
275 5377 301 5422 et
327 5364 450 5435 pinnulas
478 5365 591 5420 habens.
613 5365 699 5419 Porro
718 5363 788 5419 sieut
802 5361 899 5417 trustra
910 5359 1012 5430 jacitur
1065 5356 1227 5412 abeavoce:
1241 5355 1337 5424 Pater,
1348 5353 1558 5426 rifieripotest,
1570 5349 1865 5408 trumentumccnlin

213 5464 270 5511 rete
284 5463 346 5510 ante
362 5455 455 5509 oeulos
469 5463 657 5525 pennatorum,
679 5453 719 5506 sic
739 5451 840 5507 frustra
855 5449 954 5521 jacitur
968 5457 1011 5504 te-
1065 5449 1120 5511 tstc
1133 5443 1244 5515 (daath.
1261 5459 1339 5508 xxvv,
1356 5444 1413 5512 39).
1429 5439 1502 5510 Quid
1513 5440 1605 5495 enimi
1615 5439 1695 5496 Certe
1705 5437 1866 5508 supercael-

214 5546 270 5599 tum
285 5545 311 5598 in
339 5555 467 5614 squamas
480 5542 663 5598 loricatorum.
691 5539 852 5610 Huiusmodi
879 5537 1010 5610 siquidem
1064 5533 1118 5589 lum
1142 5534 1309 5601 ascenderat,
1330 5537 1359 5586 ut
1378 5546 1413 5586 ue
1438 5529 1481 5584 hic
1503 5528 1616 5600 quidem
1640 5526 1762 5585 hostibus
1782 5527 1865 5584 relin-

212 5632 304 5706 piacca
317 5631 434 5689 mundos
447 5643 509 5688 asse
522 5630 619 5708 legalis
633 5631 736 5687 sanctio
748 5627 897 5700 judicabat,
927 5626 979 5701 qui·
985 5635 1012 5684 ει
1063 5631 1207 5694 queratur.
1222 5621 1350 5693 musco
1365 5622 1446 5692 pians
1464 5616 1577 5674 induce
1597 5615 1663 5676 belli
1675 5615 1865 5689 pusillanimo-
