4150 6348
195 397 248 458 453
677 395 711 458 ln
729 395 832 457 uasto
844 397 980 460 anblins
999 397 1193 460 melanuri
1212 397 1320 460 saltim
1338 401 1362 460 l.
1788 405 1842 466 tsi

195 519 323 578 omnibus
334 519 478 589 inherere,
492 527 519 578 et
540 519 587 577 nbi
610 519 701 579 obviat
722 520 831 595 propria
855 520 992 592 volontas,
1047 524 1173 582 adierat
1185 524 1689 599 Pomimmnaupirttmastcnmbo
1703 527 1731 604 (l
1744 531 1847 591 corna.

195 607 355 667 abscindere
378 617 405 667 et
430 625 446 666 a
467 609 582 683 seipsis
605 608 720 692 abjicere
743 626 813 666 earn.
837 609 887 667 Est
904 618 994 668 autem
1049 612 1105 686 li).
1120 612 1200 683 Quod
1220 618 1310 668 autem
1338 613 1373 670 de
1392 612 1473 670 oculo
1501 614 1602 672 dictum
1626 621 1679 685 eat,
1708 618 1742 676 de
1762 635 1846 676 naun

195 699 259 757 cnm
267 700 356 757 multo
371 703 490 772 tempore
504 698 532 755 in
543 699 710 758 abscissione
721 687 838 773 propriae
848 701 994 758 voluntatis
1048 716 1158 774 quoque
1173 709 1199 757 et
1216 702 1285 771 pede
1299 701 1397 758 eodem
1412 703 1491 758 modo
1506 711 1548 758 est
1561 703 1778 778 intelligendum.
1794 709 1846 765 (lu-

195 796 300 848 nostrae
329 789 464 848 exercitati
497 788 667 863 aliquatenus
701 805 760 846 eam
784 789 938 860 domamus,
964 797 996 847 nt
1047 790 1094 860 jus
1107 790 1177 846 eninr
1198 789 1322 848 voluntas
1350 805 1384 846 ex
1398 789 1543 847 allectione
1571 800 1685 848 etcum
1710 796 1847 854 desiderio

197 876 355 952 discutiam
368 895 422 936 non
437 879 589 952 superbire,
599 881 645 936 sed
655 880 744 953 magis
755 879 815 938 sine
826 880 900 936 omni
915 895 995 936 scan-
1049 878 1146 952 gratim
1160 879 1287 944 cohaeret,
1305 887 1334 936 ιιι
1352 895 1404 937 nec
1421 879 1594 950 concupiscat
1608 880 1679 936 mala
1690 898 1783 956 agere,
1799 902 1849 943 nee

198 965 260 1027 dalo
276 971 318 1028 rel
332 966 547 1026 contradictione
560 968 620 1026 Deo
639 969 760 1039 subjecta
773 967 809 1026 sit
831 970 923 1025 anima
942 983 996 1026 no·
1052 967 1124 1026 bona
1155 967 1270 1039 minora,
1284 967 1373 1026 minus
1404 969 1483 1036 bene,
1499 983 1581 1042 quam
1602 969 1690 1043 gratia
1708 973 1849 1047 suggerite

199 1059 255 1116 stra
269 1077 277 1132 ς
293 1059 410 1128 aeciam
425 1058 545 1129 abjicere
560 1058 716 1116 neeessesit
730 1060 840 1116 oculum
860 1067 995 1130 nostrum,
1050 1057 1096 1113 hic
1109 1056 1187 1128 plana
1202 1056 1339 1128 perlectus
1360 1065 1400 1114 est
1423 1057 1473 1116 vir.
1490 1057 1541 1114 Sed
1557 1073 1610 1129 pax
1634 1057 1686 1114 ista
1701 1061 1793 1131 potins
1806 1068 1850 1117 ost

198 1165 297 1220 nempe
320 1147 367 1220 qni
390 1146 510 1220 simplici
533 1147 676 1205 adhaerens
697 1149 777 1207 conlo
801 1149 889 1206 lactus
911 1157 952 1206 εει
969 1155 998 1207 ει
1052 1144 1210 1203 taurinus:
1239 1145 1371 1204 abscissio
1385 1162 1450 1204 vero
1463 1146 1665 1217 scandalorum,
1682 1153 1710 1204 et
1724 1149 1850 1206 tantatio-

198 1237 259 1310 ipse
280 1235 407 1309 simplex,
432 1246 478 1293 aut
499 1244 573 1293 certe
596 1238 653 1308 jam
676 1253 734 1296 non
747 1238 816 1295 alter
837 1247 880 1297 est
893 1237 999 1308 oculus,
1055 1252 1122 1292 num
1135 1234 1429 1308 victoria,iortitudinis
1444 1254 1451 1305 ;
1464 1236 1521 1306 illa,
1541 1235 1662 1310 inquam,
1678 1237 1781 1311 glorias,
1793 1239 1852 1299 baec

200 1329 248 1386 sed
275 1343 347 1385 unos
374 1342 437 1386 cum
462 1341 505 1396 eo,
528 1326 661 1401 Apostolo
688 1334 771 1388 teste:
799 1328 929 1402 quoniam
952 1327 1004 1400 pat
1056 1324 1173 1383 virtutis.

709 1529 750 1594 ΙΝ
778 1528 897 1598 basso
916 1523 1071 1594 omniun
1094 1523 1343 1591 sanctonum.

520 1637 636 1699 81111110
654 1641 676 1697 1.
1053 1633 1186 1694 virentes.
1210 1633 1335 1707 Mendici,
1366 1634 1487 1707 inquam,
1502 1635 1623 1706 jacentes
1655 1647 1717 1697 ante
1742 1639 1854 1711 januam

202 1732 244 1789 ila
258 1730 376 1788 bobone
389 1729 560 1804 aromatico.
574 1750 586 1784 ι
603 1730 702 1789 Videras
715 1731 796 1790 iasar
807 1729 917 1797 terias,
928 1734 999 1786 rota.
1054 1723 1129 1796 regis
1143 1722 1302 1796 predivitis,
1318 1723 1456 1782 ulceribus
1477 1725 1559 1797 pleni,
1580 1737 1607 1785 et
1620 1729 1762 1801 cupientes
1776 1739 1853 1789 satu·

468 1818 732 1893 (Martn.v,1-ta,)
1056 1811 1121 1884 rari,
1136 1812 1232 1869 imoet
1248 1813 1393 1871 sustentari
1420 1815 1455 1871 de
1484 1814 1573 1887 micis,
1608 1833 1668 1888 quae
1696 1817 1796 1876 cadunt
1821 1821 1856 1878 de

240 1912 268 1964 1.
294 1906 478 1966 Festiritatcm
504 1907 666 1966 hodiernam
693 1909 857 1966 Sanctorum
882 1905 1003 1963 omnium
1056 1909 1150 1958 mensa
1163 1901 1336 1959 dominorum
1364 1909 1527 1972 nostrorum,
1548 1920 1666 1978 quorum
1684 1907 1856 1966 celebramus

204 2013 268 2056 cunr
282 1996 357 2053 omni
372 1995 516 2054 dovotione
529 1997 642 2070 dignum
657 2006 698 2055 est
711 1997 856 2056 celebrari.
867 1995 1004 2052 Nimirum
1057 1991 1137 2048 hodie
1168 1990 1378 2048 solemnitatem.
1408 1991 1513 2064 Nempe
1544 1991 1651 2050 deliciis
1677 1995 1801 2068 affluunt,
1830 2003 1857 2054 et

205 2085 230 2142 si
256 2099 355 2158 magna
380 2085 495 2153 ridetur,
521 2093 547 2143 at
570 2095 621 2155 est,
651 2086 725 2144 beati
746 2085 819 2142 Petri
835 2084 1005 2154 solemnitas,
1058 2097 1213 2164 mensuram
1225 2081 1363 2152 accipiunt
1376 2081 1487 2152 bonnm,
1502 2090 1530 2139 et
1547 2081 1705 2153 consertam,
1721 2095 1748 2142 ει
1762 2102 1858 2160 supar-

204 2174 337 2232 sau'beati
348 2173 489 2248 Stephani,
502 2183 548 2233 ant
556 2175 702 2246 cujuslibet
712 2181 892 2247 caeterorum
904 2181 1007 2249 quanta
1059 2169 1225 2228 effluentem.
1241 2169 1410 2228 Concidimus
1423 2178 1513 2228 autam
1526 2173 1657 2246 quoniam
1672 2175 1723 2231 erit
1749 2175 1797 2250 qui
1811 2176 1857 2234 det

205 2263 450 2336 istaest,quarnon
458 2263 714 2334 uninstantumest,
728 2265 777 2321 sed
788 2263 1006 2322 universorum?
1060 2259 1161 2316 nobis:
1179 2261 1260 2320 cbaos
1281 2261 1353 2318 enim
1371 2277 1500 2334 magnum
1511 2271 1538 2320 et
1552 2264 1679 2320 distantia
1703 2274 1746 2322 est
1771 2265 1859 2324 multa

205 2353 309 2411 Verium
320 2368 379 2411 non
392 2353 535 2427 ignoratis,
551 2354 661 2425 iratres,
682 2355 860 2412 saecularibus
873 2353 902 2410 id
921 2351 1008 2409 moris
1060 2349 1141 2404 nimis
1168 2349 1238 2406 inter
1267 2343 1454 2406 liberalitatem
1483 2360 1511 2408 et
1532 2352 1728 2426 benignitatem
1750 2353 1812 2424 Dei,
1832 2362 1860 2413 et

206 2455 278 2514 esse,
293 2451 323 2499 nt
346 2442 443 2502 diebus
458 2443 534 2501 lestis
548 2443 647 2502 iestira
662 2445 714 2502 sibi
739 2443 863 2502 convivia
883 2449 1006 2515 parent:
1062 2438 1134 2495 avari
1167 2437 1258 2495 divitis
1285 2439 1479 2497 crudelitatem.
1508 2443 1654 2515 Propterea
1682 2443 1755 2499 dedit
1778 2442 1860 2504 hodie

207 2541 237 2588 et
250 2540 350 2604 quanto
363 2532 446 2590 luerit
460 2533 619 2590 solemnitas
630 2533 742 2602 clarior,
754 2541 829 2590 tanto
840 2529 1009 2605 splendidius
1062 2525 1142 2584 Pater
1155 2535 1252 2585 noster
1262 2543 1377 2601 panem:
1394 2525 1500 2586 Patrem
1512 2529 1585 2587 enim
1605 2531 1859 2610 misericordiarum,

207 2620 365 2693 epulentur.
382 2621 454 2690 Quid
467 2623 559 2696 argob
585 2625 676 2679 nonne
691 2630 718 2679 ει
732 2621 774 2678 bis
785 2621 832 2694 qui
846 2627 1011 2679 convertnn-
1065 2623 1169 2688 patrem
1183 2633 1244 2674 esse
1266 2633 1377 2676 necessa
1396 2625 1438 2674 est
1462 2617 1542 2675 etiam
1565 2619 1748 2688 miseroram;
1775 2621 1858 2696 dedit,

208 2717 253 2766 tur
261 2712 298 2768 ad
311 2725 369 2779 cnr,
386 2710 477 2766 cordis
491 2709 597 2767 deliciae
616 2717 681 2769 sunt
703 2709 868 2784 querenda,
884 2718 912 2767 et
925 2707 1010 2782 spiri·
1062 2704 1186 2790 inquam,
1215 2707 1297 2762 nobis
1324 2720 1422 2778 panem
1434 2706 1469 2763 de
1483 2707 1564 2776 coelo,
1578 2717 1606 2764 et
1619 2709 1722 2766 cibaria
1734 2709 1763 2766 in
1776 2710 1862 2766 abun

208 2799 332 2856 tualibus
360 2797 512 2872 spiritualia
544 2799 748 2874 comparanda?
781 2797 926 2872 Propterea
952 2799 1011 2870 jam
1065 2792 1178 2853 dantia:
1205 2808 1322 2868 quorum
1341 2794 1442 2851 utinam
1461 2811 1515 2870 ego
1530 2795 1615 2854 tidelis
1628 2813 1744 2874 coquus,
1757 2798 1864 2858 aduam

208 2888 339 2962 paratum
353 2895 396 2944 est
409 2887 566 2945 convivium
580 2895 715 2956 nostrum,
731 2887 839 2958 iratres,
857 2887 916 2959 jam
935 2895 1011 2944 cocta
1066 2883 1155 2940 anima
1170 2899 1229 2941 mea
1245 2883 1361 2958 coquina
1375 2884 1451 2942 utilis
1464 2885 1606 2942 videatur!

208 2987 276 3034 sunt
289 2975 391 3040 omnia.
406 2977 432 3033 ei
447 2976 696 3051 epulandi-tempus
710 2977 830 3036 advenit.
841 2975 961 3052 Dignum
970 2984 1011 3035 εει
1026 2958 1048 3037 Β
1099 2977 1127 3030 3.
1145 2971 1284 3044 Siquidem
1298 2974 1332 3030 ad
1358 2973 1536 3053 preparanda
1545 2969 1654 3034 'fercula
1677 2983 1777 3046 restra,
1807 2984 1863 3036 tota

210 3067 284 3124 anim
297 3074 328 3122 nt
341 3065 418 3136 prius
437 3065 527 3122 anima
539 3066 668 3136 satietur,
682 3067 756 3140 qnod
768 3067 830 3124 hac
848 3061 938 3140 portic
954 3066 1013 3124 sins
1067 3065 1119 3120 bac
1133 3072 1211 3120 nocte
1239 3061 1375 3120 concaluit
1397 3078 1446 3120 eor
1459 3078 1548 3121 meum
1566 3063 1636 3122 intra
1649 3081 1704 3137 me,
1718 3075 1745 3124 et
1757 3066 1785 3124 in
1799 3082 1863 3126 me·

206 3152 391 3220 dubitatione,
406 3161 434 3209 et
452 3154 512 3210 sine
536 3153 739 3227 comparatione
763 3153 798 3212 sit
820 3155 1013 3229 potiorzprae-
1068 3150 1196 3208 ditatione
1210 3167 1271 3209 mea
1290 3151 1390 3209 exarsit
1416 3151 1489 3224 ignis
1509 3151 1578 3210 :illa
1600 3154 1658 3212 sine
1679 3154 1761 3214 dnbio
1784 3171 1865 3228 qaam

214 3242 306 3298 sertim
321 3253 384 3300 oum
402 3241 567 3302 Sanctorum
585 3243 774 3302 solemnitates
792 3243 966 3302 manifestum
980 3245 1015 3304 sit
1067 3240 1201 3300 Dominus
1211 3239 1291 3298 iesus
1303 3238 1376 3297 misit
1390 3242 1418 3296 in
1435 3248 1546 3307 terram,
1565 3247 1592 3299 el
1606 3243 1694 3301 rolnit
1720 3244 1867 3304 vehemen-

212 3332 250 3387 ad
270 3331 375 3388 animes
395 3333 493 3406 magis,
514 3349 600 3408 quam
620 3336 656 3393 ad
673 3335 795 3407 'corpora
818 3335 971 3408 pertinsem
987 3345 1016 3392 et
1063 3325 1110 3410 star
1123 3329 1235 3388 accendi
1251 3328 1330 3401 (inc.
1346 3345 1399 3396 ιιιι,
1415 3327 1472 3402 aa).
1488 3329 1559 3388 Nam
1576 3331 1746 3404 spiritualem
1760 3331 1861 3401 abun,

211 3437 277 3494 qne
290 3421 443 3479 asianarum
456 3429 529 3494 stant,
543 3425 641 3481 a'nlmae
663 3423 726 3497 plus
745 3433 896 3498 acceptent,
913 3425 1015 3499 quippe
1068 3427 1095 3477 et
1117 3421 1270 3493 coquinam,
1286 3429 1314 3477 et
1329 3420 1418 3494 ignem
1437 3419 1538 3478 habere
1551 3433 1663 3478 necessa
1678 3428 1721 3480 est
1734 3421 1864 3496 spiritua·

214 3510 335 3567 natumli
347 3512 462 3584 quadem
482 3512 523 3569 eis
541 3514 703 3588 cognatione
723 3515 886 3584 coniunctae.
909 3511 1015 3583 Quibus
1069 3509 1131 3567 lem.
1147 3501 1279 3582 ¹Superest
1290 3509 1346 3580 iarn
1366 3517 1396 3566 nt
1418 3508 1576 3568 distribuam
1602 3526 1664 3584 qna
1684 3512 1776 3584 parari
1794 3527 1801 3566 a
1816 3527 1866 3572 vos

215 3603 360 3671 propterea
374 3615 482 3674 quoqne
497 3601 583 3659 sancti
596 3603 641 3659 isti
661 3603 865 3676 compatiuntur
887 3601 1014 3677 amplius,
1070 3608 1160 3656 autem
1174 3598 1346 3657 considerate
1369 3598 1459 3671 potius
1486 3599 1596 3657 danmm
1615 3601 1866 3676 nonnumquam

214 3697 362 3762 propterca
375 3691 465 3764 magis
477 3691 635 3749 desiderant
647 3695 801 3749 animarum
815 3693 896 3762 bona,
913 3705 940 3750 et
953 3693 1016 3766 plus
1070 3687 1223 3772 ministrum
1243 3688 1460 3746 distribuentem.
1488 3689 1546 3762 Epo
1570 3689 1652 3759 eninr,
1681 3699 1811 3764 quanmn
1839 3692 1866 3748 in

214 3791 312 3835 aarum
335 3779 526 3836 refectionibus
552 3781 730 3852 delectantur,
761 3781 888 3855 quoniam
914 3790 942 3838 ει
964 3781 1017 3854 ipsi
1070 3793 1114 3835 me
1134 3783 1184 3846 cst,
1199 3777 1267 3834 nihil
1286 3777 1360 3835 aliud
1375 3793 1435 3835 sum
1450 3793 1531 3850 quana
1544 3793 1691 3838 εοιιεειιιιε
1704 3787 1803 3849 ιεειει,
1824 3780 1872 3854 qni

217 3867 321 3925 similes
335 3869 414 3926 nobis
424 3869 503 3926 inere
512 3870 669 3944 passibilem
681 3880 707 3927 et
721 3871 775 3943 ipsi
788 3871 1017 3946 peregrinationis
1069 3868 1212 3928 vobiscum
1227 3867 1336 3938 pariter,
1364 3870 1392 3924 et
1420 3867 1497 3938 mibi,
1519 3875 1546 3924 at
1561 3867 1649 3939 robis,
1662 3869 1736 3934 sicut
1749 3871 1808 3942 ipse
1820 3871 1873 3928 Do-

217 3956 302 4027 hnjus
315 3965 342 4013 at
355 3957 445 4014 exsilii
456 3956 616 4015 miserabilis
639 3959 814 4032 deploravere
828 3959 978 4030 molestias;
989 3970 1017 4018 et
1071 3957 1161 4014 minus
1172 3956 1256 4032 novit,
1271 3956 1397 4016 mendico
1410 3972 1512 4031 panem
1527 3957 1562 4014 de
1576 3956 1656 4030 coelo,
1673 3963 1701 4016 et
1718 3957 1873 4016 almoniam

218 4043 272 4118 ipsi
282 4059 366 4116 grase
381 4045 462 4116 liujus
481 4045 604 4119 eorporis
626 4060 705 4116 onos,
728 4055 755 4105 et
765 4047 899 4106 tumultus
913 4047 1016 4118 seculi,
1071 4048 1144 4106 ritae.
1159 4049 1305 4118 Propterea
1318 4061 1374 4104 non
1388 4061 1440 4120 ego
1462 4046 1497 4104 do
1516 4046 1607 4115 robis,
1623 4047 1671 4104 aed
1690 4048 1770 4106 Pater
1783 4055 1874 4108 vester

100 4213 103 4216 Ι
219 4141 249 4190 et
261 4134 422 4191 mutationes
433 4134 539 4206 experti
554 4137 616 4192 snut
626 4135 741 4194 inimici.
767 4137 840 4194 Nihil
859 4133 1019 4210 itaquedn-
1073 4136 1131 4211 ipse
1144 4143 1197 4211 est,
1231 4135 1279 4210 qui
1292 4136 1340 4194 dat
1353 4137 1431 4194 vobis
1445 4151 1542 4209 panem
1556 4137 1873 4212 decoelcrirnm3ipse

218 4222 307 4290 biam,
323 4223 389 4296 quin
403 4225 504 4296 gratior
517 4224 559 4281 eis
572 4225 609 4281 sit
621 4233 649 4282 et
665 4227 751 4284 multo
771 4227 962 4300 acceptabilior
974 4225 1020 4283 illa
1036 4244 1059 4322 n
1075 4243 1127 4285 vos
1141 4226 1236 4299 pascit,
1262 4233 1289 4282 et
1316 4226 1454 4299 operibus,
1480 4235 1508 4284 et
1534 4226 1716 4296 sermonibus,
1741 4229 1821 4287 adam
1849 4235 1876 4286 ει

219 4312 364 4382 festivitas,
389 4329 444 4387 qua
466 4314 614 4371 intenditur
636 4315 724 4388 apulis
747 4317 909 4386 animarum,
935 4331 1019 4390 quam
1077 4333 1157 4376 carne
1170 4316 1230 4373 Filii
1254 4315 1309 4383 sui,
1324 4323 1439 4390 quaeest
1452 4331 1516 4376 vere
1530 4315 1616 4374 cibos.
1633 4317 1702 4376 Nam
1720 4319 1796 4375 etde
1810 4332 1876 4390 ope-

220 4401 260 4457 sit
274 4415 317 4468 ea,
332 4399 594 4474 qnaecalebratnra
616 4405 910 4476 saeccbribns‚'curam
931 4405 1020 4464 carnis
1075 4405 1150 4463 ribus
1167 4406 1230 4482 lego
1246 4423 1253 4464 :
1267 4405 1339 4464 dene
1353 4405 1431 4466 cibas
1453 4411 1505 4476 eal,
1528 4412 1562 4466 at
1575 4408 1684 4489 (neman
1698 4407 1876 4468 volantatem

219 4488 426 4560 perficientibus
440 4492 468 4547 in
480 4491 624 4550 desideriis
637 4490 816 4567 voluptatum.
1076 4493 1172 4553 Patris
1187 4495 1245 4552 mei
1258 4496 1351 4568 (loon.
1367 4511 1406 4564 ιι,
1424 4496 1489 4568 31);
1504 4503 1532 4554 ει
1560 4496 1594 4552 (ιε
1620 4495 1721 4564 serbis,
1749 4496 1878 4570 quoniam

257 4582 278 4635 2
300 4578 493 4637 Verumtamen
517 4581 590 4639 unde
609 4583 689 4642 nobis
715 4584 869 4641 animarum
892 4585 970 4658 panis
993 4584 1023 4641 in
1076 4586 1176 4645 nortia
1190 4585 1514 4657 scioponaainitlwmo,
1529 4585 1578 4644 aad
1592 4584 1877 4660 inomnivarlopnod

220 4677 297 4725 tarra
308 4669 429 4736 deserta,
444 4669 473 4726 in
487 4669 547 4728 loeo
562 4672 695 4742 horroris,
711 4679 738 4731 at
751 4681 834 4730 vastae
849 4671 1022 4731 solitudinlsi
1065 4663 1203 4750 procedit
1212 4673 1302 4732 decre
1311 4675 1362 4731 Dei
1371 4675 1463 4746 (Dent.
1475 4689 1534 4746 ιιιι,
1543 4676 1587 4747 3);
1602 4675 1675 4748 Ergo
1684 4689 1758 4733 nunc
1765 4675 1876 4749 quidem
1939 4727 1940 4732 ,

221 4758 303 4817 Unde
319 4759 401 4816 nobis
419 4759 470 4816 sub
489 4761 547 4817 sola
569 4761 717 4834 spiritualis
740 4763 831 4831 cibus,
844 4763 969 4819 abinibil
984 4774 1025 4821 est
1078 4764 1162 4822 cibari
1184 4765 1316 4822 babemus
1339 4763 1418 4821 lactis
1441 4764 1502 4836 ejus
1532 4773 1562 4823 et
1592 4764 1701 4838 verbis,
1731 4772 1797 4837 post.
1817 4767 1876 4822 hasa

222 4847 276 4904 nisi
302 4848 380 4906 labor
406 4857 434 4905 et
460 4848 540 4906 dolor
567 4861 594 4908 ει
615 4847 726 4909 afflietio
749 4849 951 4922 spiritns‘i'Sed
968 4851 1025 4909 scio
1067 4853 1159 4928 ‚etiam
1187 4841 1320 4912 illibatum
1346 4853 1480 4914 Dominici
1502 4855 1624 4928 corporis
1639 4862 1834 4914 sacamentum
1848 4853 1877 4910 in

222 4938 287 5012 qam
300 4938 413 4998 dixerit:
432 4929 570 4999 'Petite'et
583 4939 730 5014 commatis
749 4950 795 5000 :et
819 4941 904 5000 illud:
920 4943 951 5001 Si
964 4957 1024 5014 vos,
1079 4933 1172 5001 altaris
1185 4958 1279 5000 mensa
1294 4949 1475 5012 sacrosancta,
1496 4941 1699 5017 ipsopropitio,
1713 4944 1876 5018 percepturi.

224 5029 364 5088 ramum
377 5031 459 5098 nnn,
474 5031 563 5088 osam
574 5031 645 5090 broc
660 5025 885 5106 doteriore‘tiliis
899 5034 1024 5116 'vastam
1116 5033 1144 5090 1.
1155 5031 1281 5108 Legimus
1294 5031 1322 5089 in
1342 5031 1487 5106 Evangelio
1515 5033 1607 5105 bodie
1631 5032 1758 5107 moniam
1783 5031 1880 5092 videos

211 5123 335 5192 ‘quanto
346 5121 440 5194 maon
453 5123 543 5178 Pater
554 5119 693 5179 sestertia
708 5123 775 5180 caelo
790 5123 867 5180 debit
886 5123 1025 5198 spiritam
1046 5145 1051 5156 ·
1082 5123 1445 5194 tnrboslems,asceadittn
1458 5127 1593 5194 montena.
1603 5123 1795 5186 Praedimntem
1808 5121 1880 5178 enim

209 5208 500 5285 incompetentius
509 5207 681 5284 mullebri.
697 5210 747 5279 iu,
762 5213 790 5279 Ι1,
807 5216 837 5268 ll
849 5229 857 5286 3
870 5213 988 5279 inem,
999 5213 1026 5280 9,
1068 5201 1228 5270 ‘bominum
1247 5213 1281 5294 de
1303 5209 1456 5272 civitatibus
1478 5210 1643 5268 atscastellis
1668 5209 1762 5284 populi
1779 5223 1879 5282 seque·

223 5301 286 5370 13.)
299 5301 359 5356 Nec
368 5299 478 5373 ignoro,
492 5297 605 5358 lim
615 5312 699 5375 qnam
711 5300 811 5359 obnixe
820 5301 877 5360 tota
887 5301 941 5359 'bae
950 5303 1029 5359 nocie
1082 5289 1209 5359 bantnr't
1223 5315 1337 5374 quorum
1351 5300 1471 5359 salvabat
1485 5301 1600 5372 animas,
1614 5301 1725 5359 sanabat
1742 5313 1876 5373 corpora;

214 5395 254 5445 -et
268 5388 314 5445 dic
332 5388 472 5462 ¹petieritis
494 5386 680 5448 mendicantes
691 5399 694 5408 ¹
705 5391 763 5448 dari
786 5391 865 5449 vobis
882 5393 980 5465 pacem
994 5390 1028 5448 de
1068 5399 1111 5468 ¹et
1129 5392 1304 5448 adhaerebant
1332 5392 1368 5459 ai,
1396 5390 1481 5448 allatu
1511 5391 1658 5463 peniteret
1679 5397 1789 5463 aspectu
1807 5387 1880 5446 illius

225 5477 301 5536 celo
315 5477 424 5549 rirnm3
440 5479 495 5536 dou
514 5495 577 5538 eum
592 5477 638 5554 rpli
653 5490 753 5553 corpus
775 5481 896 5551 roborat,
921 5480 969 5537 sed
983 5480 1031 5553 qui
1082 5473 1222 5540 delectati:
1238 5481 1317 5552 cuijus
1330 5479 1460 5538 nimirum
1483 5495 1536 5539 vox
1559 5478 1660 5548 auaris,
1679 5485 1708 5538 ει
1721 5477 1802 5538 lecim
1822 5479 1881 5551 aius

208 5565 375 5627 *eondrnrlat
388 5567 436 5628 c'or
455 5567 586 5627 bominis.
606 5557 679 5628 Nam
701 5569 831 5630 convivas
853 5567 962 5642 duidem
976 5573 1031 5629 non
1084 5571 1192 5643 decora,
1220 5571 1289 5629 sicin
1315 5571 1444 5644 smiptnm
1463 5571 1677 5646 estzspeet'oatts
1701 5571 1797 5643 forma
1820 5585 1883 5644 prce

227 5655 321 5716 anaim
334 5657 502 5730 diceresed
521 5655 757 5732 mendicissimus,
777 5661 808 5717 ¹in
821 5658 967 5736 praebenda
980 5657 1032 5718 Pei
1068 5649 1482 5737 ''fitidbominomdisfnanast
1495 5657 1883 5735 praeascendentem·
