4118 6346
187 403 239 460 365
669 399 717 456 ΒΕ
730 397 1003 460 runmtcnttorm
1017 399 1047 458 tt.
1063 398 1185 458 bidlllAE
1199 397 1317 460 SERMO
1330 401 1351 458 1.
1779 409 1831 463 366

185 523 302 581 necdum
318 532 491 598 praceeptum
508 531 539 582 ut
557 523 658 592 videat,
679 531 707 582 ει
724 522 866 598 provideat
879 523 922 578 bis
935 521 982 596 qul
996 539 1022 620 A
1039 520 1262 590 humiliationem,
1286 525 1350 582 dum
1375 522 1482 582 clamat.
1507 527 1634 597 Domine,
1653 531 1721 606 qaid
1734 547 1778 592 nse
1792 535 1832 594 vis

182 621 294 684 apertos
308 614 404 672 oculos
417 615 548 672 babentes
562 612 627 669 nihil
642 611 753 670 vident:
769 610 834 686 quid
849 611 900 666 boc
915 625 983 682 prae-
1037 610 1157 680 fecere?
1172 610 1257 686 llagls
1267 619 1357 668 autem
1368 613 1467 684 probat
1481 614 1540 686 ipsa
1550 617 1655 675 cullatae
1664 621 1761 692 gratiae
1774 637 1832 677 ma·

182 709 404 770 summatenus,
420 703 471 760 nisi
490 702 554 776 quia
572 699 719 758 meditatur
738 699 839 767 inania,
859 707 886 755 et
906 698 983 770 quasi
1036 696 1161 769 gnitudo,
1178 715 1239 770 qum
1257 697 1383 757 nimirum
1406 707 1460 756 tarn
1475 701 1566 770 multa,
1583 704 1635 760 nisi
1649 707 1763 765 multum
1778 710 1825 768 hu·

184 787 292 844 somma
306 804 375 847 vana
388 790 524 847 sectatur?
538 792 688 848 caveamus
703 789 738 845 ab
758 789 809 844 boc
828 787 903 854 vitio,
926 785 982 843 fra·
1037 784 1103 853 mili,
1119 785 1181 842 data
1196 803 1252 844 non
1267 787 1327 844 luit.

184 881 257 932 tres:
278 893 396 950 semper,
417 878 490 950 quod
509 877 538 934 in
557 876 637 934 nobis
657 884 709 944 est,
731 875 832 947 abjecti
852 875 983 952 eligamus
1073 877 1099 928 2.
1114 875 1248 932 Caetemm
1263 877 1453 945 mansuetudo,
1471 877 1599 952 quoniam
1625 884 1744 940 exterior
1757 903 1831 959 qnae·

184 981 257 1034 esse,
273 967 347 1024 etad
364 981 460 1024 manus
477 966 561 1038 trahi3
579 966 816 1024 mansuetudinem
831 971 859 1020 et
873 963 984 1020 humili·
1038 959 1100 1017 dam
1117 960 1213 1030 959,
1229 972 1258 1022 ut
1268 963 1394 1035 diximus,
1411 967 1539 1034 parvitas,
1556 975 1584 1025 et
1598 968 1634 1024 ob
1648 972 1699 1026 boc
1714 975 1828 1031 maniis-

183 1060 267 1112 tatem
282 1055 418 1114 discentes
432 1073 449 1112 a
463 1055 571 1112 Christo
592 1055 720 1118 Domino.
735 1054 780 1112 cui
799 1062 840 1111 est
856 1055 942 1111 honor
957 1058 984 1108 et
1037 1048 1105 1105 stior
1126 1057 1178 1116 est,
1205 1050 1348 1121 tripliciter
1363 1053 1441 1110 nobis
1454 1053 1482 1109 in
1497 1055 1676 1116 conversione
1688 1059 1740 1117 ,bac
1754 1077 1829 1117 com-

182 1141 269 1216 gloriu
284 1142 311 1200 in
327 1144 425 1202 meula
440 1143 613 1206 seculorum.
629 1142 728 1200 Amen.
1038 1139 1190 1196 mandatur.
1206 1139 1316 1212 Triplici
1331 1140 1442 1213 quidem
1457 1143 1531 1198 velut
1545 1143 1632 1202 ariete
1652 1150 1830 1206 mansuetudo

501 1231 617 1289 SEllllO
629 1232 661 1286 ll.
1037 1235 1130 1284 nostra
1149 1229 1284 1300 pulsatur;
1305 1230 1449 1288 verborum
1470 1231 1585 1303 injuriis,
1606 1233 1710 1290 damnis
1729 1252 1831 1302 rerum,

180 1341 181 1346 ¹
219 1322 243 1378 l.
265 1319 421 1378 Converam
440 1328 482 1380 est
501 1321 583 1378 hodie
601 1318 710 1386 Paulus,
730 1319 785 1375 imo
804 1317 903 1376 Saulus
922 1332 985 1375 con-
1036 1317 1158 1388 corporis
1170 1317 1294 1375 laesione.
1315 1319 1344 1374 ln
1359 1319 1402 1375 his
1421 1319 1507 1378 trihus
1525 1322 1613 1378 omnis
1633 1324 1763 1382 exhibitio
1782 1343 1832 1398 pa-

182 1424 279 1467 rersus
296 1425 393 1466 versus
412 1417 454 1468 est
473 1410 500 1467 in
523 1409 645 1467 Paulum.
668 1407 810 1480 Siquidem
835 1406 923 1464 lactus
942 1415 984 1462 εει
1037 1405 1148 1475 liertiae,
1171 1406 1260 1465 omnis
1281 1406 1438 1466 exercitatio
1458 1412 1685 1478 mansuetudinis.
1714 1413 1834 1474 Probata

183 1504 313 1571 tanquam
328 1499 504 1572 evangelicus
518 1498 564 1556 ille
584 1497 721 1572 parvulus,
737 1499 772 1554 de
787 1513 841 1570 quo
854 1495 983 1554 ltominus
1037 1501 1078 1548 est
1091 1493 1136 1550 illa
1150 1493 1245 1563 virtus,
1262 1512 1342 1567 quam
1357 1497 1422 1551 nihil
1445 1497 1541 1555 borum
1561 1500 1668 1557 videtur
1686 1511 1833 1561 concutere

170 1586 221 1642 ait
232 1588 612 1662 :iliriconoeraisueritiaet
626 1587 983 1660 efficientintsicutperou·
1035 1582 1167 1654 potuisse.
1186 1583 1366 1640 considerare
1380 1585 1457 1654 libet,
1485 1590 1716 1660 quemadmodum
1734 1592 1834 1649 Paulus

184 1677 305 1747 lusistis,
320 1695 378 1734 non
392 1679 581 1739 intrabitisin
596 1677 856 1750 repnomcoelorem
871 1671 979 1746 (datto.
1037 1686 1119 1744 super
1136 1670 1179 1726 his
1198 1671 1323 1730 omuibus
1348 1672 1375 1728 in
1392 1671 1450 1746 ipsa
1470 1675 1561 1732 statim
1582 1695 1629 1734 suu
1653 1681 1832 1738 conversione

183 1779 249 1832 xus,
260 1765 298 1838 3).
313 1763 392 1823 Forte
407 1767 481 1825 enim
495 1766 616 1839 seipsum
634 1765 752 1822 dicebat.
773 1761 908 1819 Nimirum
921 1760 981 1832 ipse
1037 1766 1165 1830 tentatus,
1181 1776 1246 1816 vere
1254 1761 1311 1830 jann
1327 1760 1424 1818 Paulus
1438 1761 1564 1823 inventus
1580 1766 1625 1834 sit,
1644 1766 1672 1823 in
1683 1769 1743 1827 bac
1756 1777 1833 1841 parte

181 1869 300 1928 magnus
312 1855 446 1920 Dominus
460 1865 487 1913 et
502 1854 644 1912 laudabilis
659 1852 751 1920 nimis,
776 1851 834 1924 ipse
853 1849 980 1922 parvulus
996 1841 1019 1923 Β
1034 1863 1100 1905 vere
1121 1849 1177 1919 jam
1201 1847 1272 1904 mitis
1292 1854 1320 1906 ct
1338 1848 1455 1921 patiens.
1474 1853 1569 1924 Saule,
1591 1857 1688 1924 Saule,
1705 1859 1833 1931 quidone

183 1941 230 2016 qui
248 1942 328 2002 datm
350 1951 393 2002 est
416 1944 508 2014 nobis;
533 1961 585 2002 nee
609 1951 700 2000 tamen
724 1955 840 2016 magnus
860 1938 979 2004 interim,
1031 1937 1228 2012 persequeris?
1241 1935 1733 2002 Durumesttidtccntrostimoluns
1747 1948 1835 2004 culci-

183 2032 234 2087 sed
255 2031 382 2104 parvulus
404 2033 558 2100 exhibetur,
583 2040 612 2092 ut
634 2031 756 2105 seipsum
774 2029 855 2086 iaciat
873 2035 980 2102 gratum
1036 2032 1125 2086 trare.
1148 2028 1252 2085 Durum
1266 2027 1393 2100 equidem
1409 2029 1533 2096 verbum,
1549 2032 1661 2090 verbum
1680 2032 1835 2106 increpato-

179 2129 213 2177 ει
226 2119 323 2178 efficax
342 2121 506 2183 necessarie
520 2121 660 2193 parvitatis
674 2119 839 2192 exemplum.
862 2117 905 2174 Ad
919 2132 995 2189 par·¹
1035 2115 1116 2184 rium,
1133 2114 1243 2187 plenum
1257 2115 1479 2175 comminatione.
1496 2117 1567 2176 Sane
1586 2121 1660 2193 qued
1679 2122 1714 2178 ad
1736 2137 1836 2196 corpus

183 2207 277 2266 vulum
295 2226 363 2282 ergo
386 2211 422 2266 sit
444 2210 587 2275 converso
607 2216 663 2278 tua,
689 2217 718 2264 ιιι
741 2207 832 2264 discas
854 2205 983 2280 parvulus
1036 2202 1176 2274 pertinuit,
1196 2218 1345 2263 concussus
1373 2213 1415 2262 est
1449 2213 1476 2264 et
1495 2215 1647 2277 prostratus
1667 2209 1695 2264 in
1723 2217 1834 2268 terram.

184 2313 264 2357 esse:
290 2306 318 2354 tu
341 2314 451 2372 quoqne
475 2315 538 2356 cum
565 2295 744 2364 converteris,
769 2293 897 2368 parvulus
922 2291 981 2350 fias.
1036 2291 1080 2348 An
1093 2306 1160 2348 vero
1169 2298 1197 2347 et
1211 2291 1311 2348 damno
1330 2309 1441 2368 quoque
1456 2295 1586 2366 probatus
1605 2297 1668 2354 esti
1687 2298 1722 2354 Et
1740 2298 1834 2370 valde;

181 2385 327 2445 Enimvero
341 2388 415 2455 audi,
431 2403 513 2461 quarn
528 2387 671 2446 evidenter
689 2385 779 2457 ipsum
799 2384 857 2452 tibi,
878 2383 906 2438 in
928 2398 984 2455 quo
1037 2378 1171 2452 siquidem
1187 2378 1278 2452 ipsum
1302 2379 1328 2436 ei
1344 2379 1437 2438 lumen
1452 2382 1609 2455 ademptum
1627 2393 1668 2442 est
1682 2387 1834 2445 oculomm.

182 2473 324 2532 constituit
349 2477 467 2533 turmam
489 2473 689 2546 conversionis,
709 2472 849 2544 parvulum
868 2470 985 2528 manile·
1038 2473 1067 2526 et
1090 2470 1206 2542 apertis,
1229 2476 1259 2525 ut
1286 2468 1491 2540 scriptumest,
1516 2472 1608 2529 oculis
1630 2474 1706 2531 nibil
1726 2476 1837 2534 videbat

182 2570 247 2633 stat,
265 2563 408 2637 signanter
423 2581 456 2622 ea
474 2582 536 2638 qum
551 2571 615 2620 sunt
632 2562 747 2635 parvuli,
764 2561 791 2618 in
807 2560 900 2634 seipso
920 2560 983 2616 imi-
1037 2558 1109 2625 (Act.
1124 2572 1167 2627 rx,
1183 2555 1250 2628 t-s).
1271 2555 1392 2628 Experto
1405 2557 1484 2614 estin
1500 2557 1540 2614 bis
1555 2559 1642 2618 tribus
1653 2569 1680 2618 et
1690 2564 1838 2622 exercitata

181 2653 265 2708 tanda
280 2668 449 2725 proponens.
471 2654 576 2712 ltisctte
598 2669 616 2710 o
635 2669 690 2720 me,
706 2649 804 2722 inquit,
821 2651 890 2723 qula
905 2650 985 2706 mitis
1039 2645 1169 2720 patientia
1191 2646 1252 2713 lob,
1272 2662 1354 2720 quem
1381 2646 1408 2702 in
1432 2647 1483 2705 bac
1502 2648 1602 2707 vimute
1621 2651 1838 2722 opinatissimum

181 2757 246 2798 sum
261 2747 290 2797 et
305 2742 423 2802 homilis
437 2741 641 2812 corde(llottlr.
655 2757 697 2804 xi,
709 2741 764 2808 ιθ).
775 2738 890 2796 Gemina
900 2737 986 2810 parvi·
1038 2736 1112 2792 Deus
1127 2736 1267 2806 exemplar
1281 2735 1366 2792 dedit.
1381 2736 1436 2792 Sed
1457 2745 1555 2795 vestrae
1575 2739 1627 2796 boc
1642 2739 1781 2802 industriae
1791 2761 1839 2804 re-

181 2835 234 2895 tas,
254 2829 393 2890 humilitas
413 2837 439 2886 et
458 2829 646 2888 mansuetudo.
670 2829 706 2884 Et
725 2827 771 2884 illa
789 2827 912 2895 interior,
934 2826 985 2882 ista
1037 2823 1185 2897 linquimus
1196 2822 1398 2898 vestigandum.
1410 2823 1515 2883 Sufficit
1530 2841 1580 2882 nos
1589 2842 1712 2896 monere,
1724 2829 1840 2888 formam

182 2916 303 2976 exterior
322 2919 450 2990 parvitas.
470 2919 588 2993 Utraque
608 2926 700 2976 tamen
724 2931 779 2973 non
798 2931 881 2988 parva
899 2915 985 2976 virtus
1036 2928 1111 2970 verae
1125 2910 1311 2970 conversionis
1329 2927 1429 2986 magna
1443 2929 1477 2969 ex
1503 2920 1580 2986 parte
1598 2915 1625 2970 in
1641 2915 1692 2974 liae
1711 2933 1839 2976 mansue·

183 3015 245 3062 est:
261 3021 361 3079 nempe
376 3023 459 3080 quam
474 3007 603 3080 parvulus
619 3005 665 3066 ille
677 3012 733 3063 tam
743 3021 858 3078 magnus
874 3005 984 3062 unicum
1039 3002 1131 3059 tudine
1160 3000 1352 3058 constitutam:
1383 3009 1412 3058 ut
1440 3004 1541 3074 pudeat
1568 3019 1625 3071 eos,
1641 3006 1689 3077 qui
1714 3009 1840 3068 conversi

182 3093 371 3170 magisterium
395 3093 550 3168 profitetur.
575 3093 662 3151 Hodie
685 3109 753 3169 erqo
773 3109 922 3153 conversus
942 3100 985 3150 est
1038 3106 1099 3148 esse
1120 3088 1283 3158 debuerant,
1308 3086 1352 3147 vel
1373 3089 1402 3144 in
1424 3105 1570 3164 corporum
1593 3091 1715 3162 laesione,
1741 3096 1785 3158 vel
1810 3098 1839 3154 in

182 3181 292 3250 Paulus,
312 3183 394 3246 hodie
413 3183 495 3240 desiit
513 3199 576 3242 esse
596 3183 706 3241 Saulus.
727 3183 814 3242 Hodie
834 3183 921 3240 iactus
941 3189 985 3238 est
1037 3178 1314 3246 darnnorerumvcl,
1327 3179 1650 3254 quodmagisindignum
1664 3192 1716 3250 est,
1732 3185 1760 3242 in
1772 3195 1838 3246 ver·-

181 3271 293 3328 lrumllis
311 3280 339 3332 et
356 3271 533 3332 andscorde.
554 3272 654 3330 Probat
672 3272 729 3332 cris
743 3271 879 3330 confessio
892 3270 984 3328 cerdis
1037 3269 1135 3326 borum
1149 3265 1248 3337 injuris
1262 3264 1378 3323 inveniri
1387 3282 1534 3338 perversos
1545 3269 1654 3342 penitus
1673 3280 1700 3327 et
1714 3287 1838 3332 aversos.

720 3421 761 3488 nv
782 3375 1078 3490 ruarrrem'rona
1100 3417 1136 3480 a.
1159 3415 1309 3480 naam.

507 3528 623 3589 SEllle
638 3527 660 3584 l.
1041 3523 1164 3582 censebit
1191 3521 1328 3596 indignos.
1348 3522 1434 3598 tingis
1454 3539 1520 3581 vero
1539 3533 1567 3581 et
1591 3523 1688 3600 ipsam,
1704 3545 1766 3604 quaa
1785 3539 1841 3592 tam

385 3621 425 3676 De
438 3619 547 3690 triplici
560 3619 767 3676 misericordie.
841 3621 844 3628 '
1040 3611 1135 3684 paucis
1153 3611 1251 3670 collata
1270 3611 1388 3680 videtur,
1404 3613 1483 3668 nobis
1502 3630 1612 3690 quoque
1632 3615 1740 3689 abipso
1759 3620 1840 3680 inve.

221 3711 247 3762 t.
272 3707 359 3769 llodie
383 3705 476 3778 templi
501 3705 640 3762 dominum
664 3706 692 3762 in
718 3704 848 3776 templum
878 3702 986 3760 Domini
1041 3701 1100 3756 nire
1129 3709 1170 3758 cst
1200 3709 1378 3756 reservatam.
1407 3701 1507 3772 Quidni
1533 3715 1686 3764 reservaret
1710 3710 1837 3782 posteris,

179 3795 267 3868 Virgo
281 3803 373 3850 mater
388 3795 507 3862 inducit;
525 3793 625 3866 ioseph
647 3809 757 3868 quoqne
771 3793 841 3848 sistit
858 3791 984 3864 Domino,
1041 3804 1123 3861 mam
1138 3797 1166 3846 et
1180 3789 1342 3864 praerogavit
1357 3790 1498 3863 antiquis?

180 3891 237 3933 non
254 3893 345 3941 suum,
359 3876 410 3932 sed
424 3877 484 3946 ejus
503 3873 588 3930 filium
607 3874 746 3943 dilectum,
762 3875 790 3930 in
805 3889 860 3948 quo
873 3874 898 3928 ei
915 3874 986 3928 bene
1076 3882 1102 3933 2.
1122 3877 1218 3945 David,
1242 3894 1289 3934 rex
1310 3885 1336 3933 et
1359 3881 1503 3950 propbeta,
1525 3882 1669 3948 exsultavit
1686 3893 1717 3941 ut
1734 3887 1842 3956 videret

180 3963 356 4036 complacuit.
373 3963 505 4036 Agnoscit
518 3963 628 4020 Simeon
641 3964 732 4032 justus
747 3977 828 4035 quem
843 3969 987 4034 exspecta·
1039 3966 1112 4021 diem
1126 3965 1222 4021 istum:
1243 3964 1319 4030 vidit,
1336 3974 1363 4021 et
1377 3967 1502 4037 gravisus
1515 3977 1567 4026 εει.
1595 3971 1724 4046 alioquin
1748 3977 1771 4030 si
1785 3993 1840 4036 non

182 4054 245 4118 bst3
262 4055 342 4109 Anna
357 4067 467 4124 quoque
487 4049 796 4108 sidnacestrensis
815 4051 857 4106 liis
870 4057 986 4123 quatuor
1039 4055 1156 4118 viderat,
1176 4053 1250 4120 upde
1265 4053 1418 4124 psallebat:
1439 4057 1626 4132 serapem,
1646 4063 1743 4139 impp,
1767 4067 1840 4126 peu,

182 4140 275 4212 primo
292 4139 427 4196 hodierna
446 4139 585 4210 processio
605 4139 744 4198 celebrata
763 4147 814 4206 εει,
835 4155 897 4212 quas
911 4147 987 4211 post·
1039 4142 1267 4203 misericordiam
1288 4147 1367 4200 tuam
1385 4146 1418 4202 tn
1435 4148 1526 4204 medio
1546 4151 1647 4224 templi
1666 4153 1731 4212 tui?
1749 4153 1837 4226 (Prot.

181 4229 294 4285 modum
319 4229 500 4286 exsultatione
523 4227 659 4286 universe
682 4235 763 4284 terrm
785 4227 814 4287 tn
836 4227 912 4284 omni
926 4229 986 4284 loco
1039 4247 1129 4298 xsvn,
1154 4231 1208 4304 llll.
1238 4230 1364 4302 Suscepit
1388 4232 1458 4289 hanc
1490 4236 1703 4298 misericordiam
1731 4229 1841 4302 Domini

181 4321 212 4372 et
224 4315 345 4372 abomni
363 4323 447 4388 gente
460 4315 654 4374 celebraretur.
671 4317 732 4373 Nec
746 4330 813 4371 sane
832 4314 940 4381 mirum,
962 4311 985 4369 si
1038 4320 1136 4391 David,
1147 4320 1267 4390 suscepit
1281 4321 1402 4388 Simeon,
1422 4325 1594 4398 suscepimus
1609 4338 1636 4386 er
1654 4345 1715 4397 110³,
1731 4339 1759 4388 er
1773 4333 1837 4404 qui.

179 4408 339 4474 tuncparva
352 4403 413 4477 luit,
429 4403 657 4478 quandoquidem
672 4420 772 4477 parvus
787 4412 845 4462 erat
860 4405 906 4478 qui
920 4421 984 4460 sus·
998 4435 1024 4514 u
1039 4425 1147 4482 cunque
1162 4417 1224 4464 sunt
1237 4409 1413 4481 preordinati
1428 4411 1579 4482 advitam:
1603 4416 1740 4490 siquidem
1754 4420 1835 4479 chri.

179 4491 344 4562 cipiebatur.
376 4493 487 4550 Nullum
523 4493 561 4554 ibi
588 4493 676 4552 locum
712 4502 839 4568 peccator
870 4494 980 4565 habuit,
1038 4506 1096 4552 stus
1114 4495 1185 4564 beri,
1204 4506 1233 4552 ει
1250 4497 1342 4570 bodie,
1358 4505 1386 4554 ct
1407 4500 1435 4554 in
1451 4507 1593 4558 aeternum.
1612 4503 1747 4573 inmedio
1761 4507 1836 4569 enlm

178 4594 279 4636 ornnes
304 4580 380 4651 justi,
404 4595 503 4655 cmpos
518 4581 615 4648 sancti,
635 4597 732 4638 omnes
755 4583 833 4639 fuere
853 4581 980 4653 perlecti.
1037 4585 1130 4658 templi
1145 4583 1330 4641 misericordia
1346 4595 1398 4654 εει,
1419 4604 1473 4644 non
1490 4587 1631 4666 insugula
1646 4601 1692 4648 aut
1706 4593 1834 4658 diverso-

179 4667 238 4726 Sed
252 4669 375 4742 nunquid
390 4670 441 4726 hos
457 4677 561 4728 tantum
575 4670 703 4737 salvabis,
724 4671 858 4727 Domine?
872 4674 983 4728 Crescat
1036 4677 1088 4742 rio,
1104 4673 1231 4745 quianon
1246 4681 1288 4730 est
1307 4676 1430 4747 acceptio
1450 4692 1626 4748 personarum
1647 4682 1719 4752 apud
1735 4683 1833 4741 Deum.

176 4771 290 4827 corpus,
310 4766 416 4816 crescat
439 4766 467 4816 ει
485 4759 635 4820 miseratio.
661 4759 793 4817 llomines
812 4767 840 4816 et
857 4761 982 4830 jumenta
1034 4765 1065 4820 ln
1084 4762 1218 4818 communi
1238 4763 1326 4834 posita
1345 4763 1528 4828 sanctientur
1545 4768 1681 4837 omnibus,
1703 4779 1730 4828 et
1750 4789 1832 4832 nemo

177 4843 307 4912 salvabis,
341 4847 468 4912 Domine,
488 4863 551 4904 cum
573 4847 796 4920 multiplicaveris
827 4848 982 4906 misericor·
1033 4852 1105 4908 illius
1121 4866 1228 4922 expers,
1244 4851 1297 4906 nisi
1321 4851 1368 4924 qui
1386 4857 1486 4918 renuit.
1506 4855 1760 4932 Derivantureqqae
1779 4869 1833 4921 tnae

176 4935 253 4992 diam
262 4943 347 5001 tuam,
371 4938 545 5011 [teusll'acl.
561 4954 651 5008 xxxv,
674 4941 703 5007 ’1,
728 4943 767 5012 8).
800 4940 832 4997 lu
857 4939 980 4996 secunda
1033 4940 1117 5012 toras,
1143 4938 1257 4995 Domine
1278 4940 1371 4997 Dens:
1394 4941 1568 5002 nibilominus
1588 4948 1755 5014 tamensem
1770 4957 1833 5006 tuus

174 5027 233 5100 iarn
253 5027 429 5098 processione
452 5036 575 5100 praeeunt
593 5032 690 5097 turbae,
702 5032 789 5088 turbas
811 5037 978 5104 sequuntur3
1034 5031 1084 5087 tibi
1102 5028 1228 5103 proprius
1247 5036 1298 5095 est,
1322 5036 1351 5085 et
1364 5043 1419 5084 non
1445 5031 1512 5086 bibit
1534 5033 1640 5093 alienus
1663 5052 1697 5114 ex
1719 5047 1763 5093 eo.
1779 5037 1833 5106 Qui

176 5133 232 5174 nec
247 5117 327 5191 virgo
346 5125 446 5191 portat,
463 5118 512 5176 sed
526 5117 638 5176 asellus.
658 5119 803 5176 Neminem
823 5120 914 5193 itaque
934 5120 981 5176 de·
1034 5127 1096 5175 tuus
1119 5125 1173 5184 est,
1193 5131 1247 5171 non
1270 5115 1372 5173 videbit
1388 5127 1513 5186 mortem,
1533 5120 1622 5178 donec
1640 5122 1738 5181 viderit
1752 5125 1832 5180 Chri-

175 5206 317 5280 dignatur,
349 5223 402 5265 nec
433 5206 507 5277 ipsos
520 5207 568 5279 qui
595 5215 819 5280 computruerunt
850 5214 980 5280 tanquam
1033 5211 1104 5262 stum
1119 5205 1279 5276 {lerninint
1293 5221 1409 5262 securus
1423 5207 1572 5268 dimittatur
1590 5210 1619 5266 in
1633 5227 1710 5286 pace.
1726 5211 1829 5282 Quidni

174 5295 302 5366 jumenta
335 5293 363 5350 in
394 5301 515 5354 stercore
549 5313 619 5354 suo:
653 5312 708 5360 non
736 5296 910 5368 dedignatur,
941 5296 980 5352 in·
1033 5297 1181 5353 dimittatur
1198 5294 1226 5349 in
1242 5309 1320 5366 pace,
1340 5295 1387 5368 qui
1405 5298 1539 5356 Christum
1563 5299 1670 5355 Domini
1695 5302 1778 5360 babet
1800 5303 1829 5358 in

176 5397 271 5456 quam
304 5383 354 5440 sed
387 5383 410 5440 si
450 5384 603 5454 apostoliea
641 5385 806 5442 vestimenta
838 5399 893 5441 non
931 5385 979 5441 de·
1032 5383 1169 5458 pecteret
1185 5381 1329 5453 lpseenim
1344 5393 1387 5440 est
1400 5387 1771 5459 paxnostra,quiperlidcm
1784 5390 1829 5446 hs·

175 5471 242 5536 sint,
266 5471 290 5527 si
318 5473 441 5529 doctrina
470 5489 576 5542 eorum,
606 5474 630 5531 si
663 5487 773 5530 morum
801 5473 916 5546 justitia,
955 5473 978 5530 si
1031 5470 1140 5530 bitatin
1159 5469 1286 5526 cordibus
1303 5468 1393 5532 Μ
1410 5474 1521 5534 nostris.
1546 5475 1585 5532 Tu
1608 5477 1746 5549 quomodo
1765 5479 1829 5536 bine

175 5559 345 5633 obedientia,
361 5559 384 5618 si
397 5562 667 5636 charitascooperiat
691 5562 895 5620 multitudinem
908 5579 978 5636 pec·
1031 5560 1128 5628 exibis,
1152 5558 1243 5615 anima
1265 5561 1372 5628 misera,
1399 5578 1460 5634 quae
1481 5563 1579 5621 ducem
1602 5566 1710 5625 itineris
1735 5569 1827 5626 lesum

175 5656 313 5717 catorum,
339 5665 372 5708 ex
395 5650 446 5708 hoc
459 5651 516 5724 J'arn
537 5651 721 5726 processionis
743 5666 801 5709 suae
821 5650 907 5730 gloria
922 5666 978 5709 non
1031 5647 1165 5725 ignoras?
1189 5647 1372 5722 termnum
1396 5651 1471 5708 enim
1504 5652 1559 5710 Dei
1581 5655 1694 5730 quidam
1716 5659 1828 5716 habeut.
