4150 6348
264 453 319 516 559
739 451 768 511 S.
789 447 956 512 Btuuthttl
974 449 1112 512 lautus
1130 451 1443 514 cttflmtamtllsts
1857 445 1913 514 560

265 576 452 650 hujuscemodi
477 575 614 651 gloriam,
643 584 671 634 et
694 576 804 650 penitus
822 575 1058 638 contemnendam.
1074 592 1097 672 g
1149 582 1176 636 3.
1189 579 1298 636 Interim
1312 594 1378 639 vero
1402 575 1493 639 nolite
1510 583 1577 638 oute
1602 581 1713 652 tompus
1722 575 1855 650 iudicmc
1875 577 1916 634 ait

265 667 319 726 Sed
332 667 537 724 considerantes
550 665 658 734 deinde,
675 683 706 724 ac
726 665 875 724 studiosius
893 666 1060 739 inquirentes
1112 670 1270 740 Apostolus,
1280 670 1469 728 demoveretur
1482 667 1683 742 hominesque·
1696 667 1912 726 utillumiuubit

265 771 389 828 qnaenam
404 755 556 827 appetenda
580 762 651 812 esset
669 754 756 828 gloria
777 755 914 825 sapienti;
939 755 983 812 hic
1003 756 1059 826 iam
1114 757 1277 816 absconditu
1297 759 1477 816 tenebrarum
1487 759 1512 829 (l
1522 757 1582 815 Cor.
1593 772 1633 824 tv,
1649 755 1687 828 t).
1699 756 1745 812 llla
1759 755 1832 812 enim
1846 773 1912 830 per-

265 846 345 920 plane
369 853 538 902 evanuerunt
560 844 587 900 iu
610 843 821 916 cogitationibus
843 843 910 910 suia,
925 844 1060 916 propriam
1114 843 1186 902 lecta
1200 847 1311 902 omnino
1325 847 1376 902 erit
1389 854 1417 902 et
1430 861 1527 903 secure
1540 843 1678 920 gloriatio,
1699 860 1760 901 cum
1776 845 1828 901 erit
1851 844 1913 902 uni-

265 933 363 1004 cuique
392 932 515 990 sulficere
543 932 660 1007 gloriam
684 931 858 1003 arbitrantes,
886 932 965 1004 quasi
994 945 1061 990 vero
1115 933 1213 1005 cuique
1227 933 1398 994 lausalleo.
1412 935 1492 992 Nunc
1506 950 1612 1006 quoque
1627 931 1691 990 licet
1705 949 1764 990 non
1779 933 1911 1005 plenarie,

265 1021 364 1091 anima,
375 1037 437 1094 quae
453 1038 468 1076 u
483 1022 629 1092 semetipsa
643 1036 704 1076 esse
719 1035 773 1075 nou
789 1026 888 1090 potest,
902 1037 919 1076 a
932 1037 961 1077 se
976 1020 1062 1093 possit
1114 1020 1176 1077 lucet
1189 1034 1243 1077 non
1257 1020 1316 1077 sine
1330 1022 1427 1078 timore
1441 1030 1467 1078 et
1482 1021 1665 1079 sollicitudine
1687 1021 1779 1094 multa,
1804 1021 1913 1096 aliqua·

266 1128 327 1168 esee
344 1113 432 1168 beata.
448 1111 524 1168 Sicut
537 1127 602 1183 ergo
616 1109 708 1182 cupidi
723 1109 812 1166 laudis
826 1110 919 1167 alienae
933 1118 988 1167 tota
1003 1111 1060 1168 sol·
1115 1115 1194 1165 tenus
1222 1118 1312 1166 tamen
1336 1109 1366 1165 in
1391 1109 1508 1168 Domino
1532 1110 1691 1186 gloriamur,
1729 1109 1913 1168 testimouium

266 1201 407 1258 licitudine
422 1216 531 1272 operam
547 1201 645 1256 dabant
655 1215 688 1256 ea
701 1196 809 1268 operari
824 1214 886 1271 quaa
900 1198 1062 1255 mirarentur
1116 1197 1274 1268 perhibente
1305 1198 1406 1270 Spiritu
1448 1209 1541 1257 sancto
1576 1199 1683 1271 spiritui
1710 1209 1804 1256 nostro
1839 1201 1913 1270 quod

266 1290 393 1346 homines
414 1297 442 1344 et
459 1288 601 1343 laudarent
618 1307 624 1344 :
642 1287 680 1342 sic
703 1286 749 1341 isti
774 1287 831 1342 sola
856 1285 1061 1357 adjudicabant
1115 1284 1161 1342 tilii
1181 1287 1229 1343 Dei
1243 1303 1348 1348 sumus.
1365 1287 1433 1345 ilinc
1448 1289 1521 1344 enim
1543 1304 1609 1345 vera
1626 1303 1774 1359 possumus
1789 1287 1911 1360 gloriari,

266 1379 537 1447 sectandaesse‚quae
547 1375 658 1432 interior
666 1373 765 1431 arbiter
775 1374 882 1430 unimus
890 1376 1060 1446 approbaret.
1114 1377 1187 1446 quod
1201 1383 1303 1431 tautum
1330 1376 1462 1433 habemus
1475 1377 1591 1444 Patrem,
1611 1377 1684 1450 quod
1715 1377 1850 1449 majestati
1869 1377 1913 1432 in·

303 1470 329 1523 2.
347 1466 382 1522 Et
396 1466 455 1522 haec
468 1465 577 1536 quidem
591 1479 696 1520 summa
710 1461 880 1534 philosophia
900 1463 1062 1536 sapientium
1114 1461 1220 1520 eiiabili
1232 1480 1294 1521 cura
1309 1473 1350 1522 est
1364 1465 1398 1520 de
1412 1466 1500 1524 nobis.
1518 1465 1592 1522 Unde
1616 1473 1643 1520 et
1679 1467 1812 1537 propheta
1832 1481 1839 1520 :
1854 1466 1912 1522 Do-

268 1553 458 1625 hujusmundi
482 1561 534 1618 est,
551 1553 608 1624 ipsa
631 1567 740 1625 quoque
763 1551 853 1606 minus
876 1550 988 1618 habens,
1001 1548 1063 1605 licet
1115 1550 1304 1624 mirminquit,
1324 1553 1444 1625 quidest
1458 1553 1548 1626 tomo,
1565 1555 1633 1625 quio
1646 1554 1812 1625 magnificus
1827 1551 1913 1610 eum?

269 1643 447 1716 propinquior
458 1641 572 1700 ueritati.
595 1641 673 1698 Unde
689 1648 717 1698 et
732 1648 872 1712 utramque
887 1637 1000 1711 gloriam
1013 1654 1062 1692 su·
1117 1644 1168 1696 out
1179 1641 1249 1713 quid
1262 1642 1378 1715 opponis
1392 1657 1457 1714 erqo
1470 1657 1538 1698 eom
1551 1656 1598 1698 cor
1613 1641 1785 1699 tuumilod.
1801 1641 1914 1714 rudi).

270 1731 343 1786 olimi
359 1729 480 1790 ueritatis
494 1729 721 1800 contemplatione
735 1727 926 1784 transcendens
940 1725 1061 1795 toosm-
1117 1729 1207 1801 ltaque
1223 1729 1269 1801 qui
1282 1729 1423 1801 gloriatur,
1436 1729 1493 1799 jam
1509 1745 1565 1786 uon
1592 1729 1738 1786 inmeritis
1765 1729 1822 1786 suis
1849 1727 1913 1802 glo·

269 1818 333 1874 lus:
352 1820 406 1888 Qui
419 1820 571 1891 gloriatur,
587 1815 685 1889 inquit,
704 1831 759 1871 non
775 1815 802 1870 in
816 1815 977 1882 altero,non
991 1813 1019 1870 in
1033 1828 1063 1869 se
1118 1817 1210 1872 rietur.
1225 1817 1296 1886 Quid
1310 1817 1382 1874 enim
1402 1818 1482 1875 habet
1510 1819 1583 1889 quod
1613 1831 1668 1874 nou
1697 1816 1856 1888 acceperit?
1883 1815 1914 1872 Si

269 1907 316 1963 sed
330 1907 362 1963 iu
372 1907 490 1964 Domino
512 1906 661 1979 glorietur.
676 1904 709 1960 Et
723 1919 793 1974 eam,
810 1917 872 1975 quae
894 1901 1001 1960 ueritati
1020 1900 1062 1958 vi·
1080 1886 1102 1964 Β
1117 1913 1206 1961 autem
1220 1905 1334 1976 accepit,
1351 1905 1414 1977 quid
1434 1905 1568 1979 gloriatur
1580 1905 1659 1978 quasi
1685 1921 1738 1963 nun
1752 1903 1911 1978 acceperit?

269 1996 384 2054 debatur
407 2010 468 2051 esse
491 1994 615 2061 vicinior,
640 1992 735 2064 majori
758 1990 874 2063 proinde
898 1991 1065 2062 redarguens
1118 1995 1149 2049 ln
1163 2009 1196 2050 eo
1210 2008 1277 2065 ergo
1293 1993 1498 2066 aquoaecepit,
1514 1992 1653 2066 glorietur,
1666 1993 1728 2066 juon
1750 1993 1827 2067 quasi
1855 1992 1915 2064 ipse

270 2084 462 2153 sollieitudine,
478 2091 505 2138 et
517 2083 701 2140 condemnans
715 2089 790 2138 certo
803 2079 905 2151 judicio
920 2077 1039 2136 veritatis
1056 2095 1064 2132 ι
1120 2098 1233 2154 mugnus
1251 2081 1296 2153 sit,
1306 2081 1356 2136 sed
1370 2080 1432 2152 quia
1446 2080 1597 2152 magnificet
1610 2098 1674 2140 eum
1687 2082 1762 2140 Deus
1777 2103 1784 2141 :
1800 2083 1914 2152 hocest,

272 2175 332 2232 Non
346 2174 433 2239 euim.
457 2169 554 2243 inquit,
569 2171 619 2242 qui
641 2186 670 2227 se
689 2170 785 2242 ipsum
809 2167 998 2237 commendat,
1015 2165 1065 2222 ille
1120 2180 1149 2228 ut
1162 2170 1190 2227 in
1205 2170 1259 2227 illis
1286 2185 1347 2243 quae
1366 2172 1511 2242 acceperit,
1529 2184 1585 2228 non
1599 2171 1676 2244 quasi
1697 2187 1728 2228 ea
1755 2187 1810 2227 nou
1836 2186 1914 2228 acce·

269 2260 520 2337 protuleratque
529 2260 691 2332 ΜΒΝ
704 2253 1068 2314 ¹¹⁰⁰00mmetldtll·Ul·
1119 2261 1199 2334 perit,
1219 2261 1266 2316 aed
1282 2258 1357 2329 quasi
1371 2259 1418 2332 qui
1433 2274 1465 2315 ea
1492 2261 1630 2330 acceperit
1639 2259 1789 2333 glorietur.
1820 2260 1914 2333 Neque

270 2351 334 2424 quid
344 2350 417 2406 enim
428 2358 474 2405 aut
488 2348 522 2406 de
533 2348 643 2404 alterius
653 2347 781 2415 hominis,
797 2349 843 2401 aut
857 2348 891 2399 de
902 2359 964 2400 meo
978 2343 1066 2415 ipsius
1120 2347 1237 2404 enimait
1255 2347 1400 2418 Apostolus
1416 2346 1462 2404 :si
1477 2355 1565 2404 autern
1578 2348 1715 2419 accepisti,
1728 2349 1793 2420 qmd
1808 2347 1913 2424 gloria-

268 2441 371 2513 judicio
389 2438 521 2496 sollicitus
534 2454 606 2504 suus,
617 2436 696 2507 cujus
710 2451 760 2492 nec
778 2434 911 2506 vituperio
923 2433 1065 2502 reprobus,
1120 2437 1157 2492 ris
1166 2436 1181 2493 i
1190 2435 1238 2494 sed
1250 2453 1257 2492 :
1268 2436 1336 2510 quid
1345 2435 1584 2508 qtorrurtsinquit,
1594 2437 1674 2508 quusi
1687 2437 1915 2510 uouocceperis?

271 2547 320 2586 nec
340 2529 419 2586 laude
440 2528 567 2600 probatus
590 2524 735 2582 inveniar?
759 2523 874 2592 Fratres,
892 2521 916 2578 si
939 2537 983 2576 me
1004 2528 1066 2576 ante
1120 2524 1148 2594 (l
1160 2526 1222 2585 Cor.
1243 2527 1323 2594 rust)
1336 2535 1365 2580 ut
1380 2524 1596 2597 nonprohiheat‚
1613 2524 1663 2580 sed
1677 2524 1774 2581 doceat
1787 2523 1909 2596 gloriari.

271 2629 388 2676 vestrum
404 2613 545 2690 oporteret
559 2614 676 2671 tribunal
695 2621 792 2680 astare,
808 2610 905 2668 merito
924 2624 1008 2682 super
1017 2623 1067 2666 ve·
1157 2615 1182 2670 d.
1200 2613 1254 2670 Sed
1269 2613 1335 2686 quid
1349 2613 1400 2670 sibi
1417 2613 1472 2670 vult
1484 2614 1556 2684 quod
1570 2613 1607 2669 ait
1627 2632 1633 2670 :
1651 2614 1710 2670 Noc
1724 2614 1801 2672 euim
1814 2615 1863 2686 qui
1885 2631 1915 2672 rc

272 2710 336 2766 stris
359 2706 486 2764 laudibus
501 2703 627 2778 gloriare.
642 2702 762 2772 Quodsi
782 2702 822 2758 uel
838 2718 899 2758 meo
918 2699 1004 2772 ipsius
1024 2713 1069 2755 es·
1119 2704 1215 2776 ipsum
1228 2702 1468 2768 commendabilia
1477 2704 1664 2775 probatorest
1680 2702 1727 2759 red
1748 2719 1828 2774 quum
1841 2705 1915 2762 Deus

272 2815 328 2854 sem
346 2795 513 2867 judicandus
528 2792 663 2858 examine,
677 2792 737 2860 jure
752 2805 813 2846 meo
836 2789 923 2861 ipsius
941 2787 1066 2844 testimo·
1120 2791 1323 2850 commeudut?
1345 2791 1411 2860 Quis
1426 2799 1466 2846 est
1482 2790 1554 2846 enim
1577 2807 1656 2864 quem
1678 2789 1706 2845 in
1733 2793 1785 2848 hoc
1816 2793 1915 2848 seculo

272 2887 318 2942 nio
337 2879 493 2950 contentus,
522 2881 639 2953 propriis
662 2879 788 2936 laudibus
811 2878 965 2935 delectarer.
989 2878 1068 2933 Nune
1122 2882 1292 2940 commendat
1306 2882 1403 2938 Densi
1417 2876 1562 2949 Quomodo
1584 2880 1786 2936 commendabit
1811 2881 1917 2938 Veritas

272 2985 360 3030 aurem
375 2988 435 3029 cnm
450 2986 501 3028 nec
514 2980 615 3034 aestro,
631 2983 682 3025 neo
697 2981 769 3032 meo,
785 2966 834 3023 sed
852 2967 900 3022 Dei
923 2965 972 3020 siu
990 2965 1068 3036 judi·
1121 2987 1193 3037 euro,
1213 2969 1259 3043 qui
1275 2967 1363 3026 adhuc
1378 2968 1599 3040 reprehensibilis
1614 2969 1751 3025 invenitur
1765 2969 1779 3025 t
1795 2968 1916 3040 lienique

273 3063 315 3119 cio
330 3059 550 3135 presentandum
566 3053 849 3128 quantaeinsipientiae,
860 3053 915 3111 imo
922 3061 949 3111 et
958 3054 1068 3111 insaniae
1121 3075 1178 3130 eqo,
1193 3058 1431 3132 inquit,quoaomo
1445 3071 1535 3130 urguo
1550 3060 1579 3114 et
1594 3057 1916 3130 cuatiqotdpoc.1rr,t9)

272 3157 323 3222 est,
338 3157 385 3208 aut
399 3149 426 3205 in
441 3155 532 3205 aestro
556 3162 610 3212 me,
624 3153 670 3201 aut
693 3143 721 3200 in
740 3158 800 3200 meo
814 3142 900 3214 ipsius
914 3141 1067 3198 testimonio
1082 3161 1105 3240 ο
1120 3147 1242 3204 llaeccine
1255 3145 1453 3203 commendatio
1468 3153 1509 3203 est
1527 3145 1611 3204 total
1632 3147 1758 3214 Prorsus,
1784 3157 1917 3218 quantum

272 3239 383 3316 gloriari
399 3251 406 3292 :
422 3233 573 3308 praesertim
587 3248 651 3289 cum
665 3231 724 3305 ipse
745 3230 779 3286 sit
798 3231 874 3299 cujus
895 3230 982 3287 ocutis
1004 3245 1067 3286 om·
1121 3234 1187 3290 mihi
1201 3235 1319 3300 videtur,
1335 3235 1458 3306 ipsaest.
1476 3234 1545 3304 Quae
1567 3240 1607 3290 est
1621 3233 1695 3291 enim
1719 3231 1813 3291 melior
1826 3241 1853 3290 ει
1874 3233 1916 3290 ei·

272 3329 319 3385 nia
333 3326 407 3384 nuda
420 3329 483 3381 sunt
497 3325 525 3380 et
544 3329 647 3395 aperta,
661 3330 687 3377 et
701 3319 743 3376 cui
759 3333 932 3392 nequaquam
946 3333 1017 3390 opus
1030 3320 1068 3376 sit
1123 3322 1233 3381 ficarior
1250 3323 1460 3394 commendatio,
1480 3337 1560 3396 quam
1578 3322 1678 3378 diuinae
1707 3338 1772 3395 erga
1798 3337 1849 3379 nos
1875 3329 1917 3379 at·

273 3427 303 3474 ut
316 3417 378 3489 quis
393 3412 420 3471 ei
433 3411 616 3470 testimonium
628 3407 770 3482 perhibeat
784 3408 816 3464 de
831 3406 1070 3465 homineillerito
1123 3411 1229 3470 testatio
1244 3411 1406 3468 charitatis?
1435 3411 1632 3468 Testimonium
1647 3425 1712 3468 vero
1727 3409 1828 3467 amoris
1855 3413 1918 3483 ejus

271 3504 387 3578 proinde
401 3500 550 3575 Apostolus
566 3501 635 3571 ipse,
649 3513 726 3555 vanae
749 3504 775 3554 ει
798 3495 903 3552 fallacis
917 3495 1010 3571 gloriae
1024 3511 1069 3552 re·
1122 3499 1229 3558 nullum
1243 3499 1410 3568 credibilius,
1422 3499 1523 3556 nullum
1538 3497 1641 3556 certius
1653 3498 1682 3554 in
1697 3499 1748 3556 hac
1760 3498 1825 3566 vita,
1835 3513 1918 3571 mam

273 3593 403 3667 probator
419 3608 426 3646 :
444 3586 520 3660 dite,
537 3587 634 3660 inquit,
649 3603 702 3660 pro
713 3585 836 3644 minimo
851 3589 895 3642 ert
918 3588 953 3644 ut
967 3603 984 3643 u
997 3585 1069 3644 uobis
1123 3589 1195 3660 quod
1206 3587 1488 3661 desideratprophetu,
1500 3587 1593 3644 ubiait
1605 3605 1612 3643 :
1622 3587 1918 3659 correptrtmojortor

268 3682 393 3755 judicer,
404 3682 458 3736 aut
469 3679 503 3736 ab
519 3677 643 3736 humano
653 3675 699 3732 die
709 3693 717 3731 .·
729 3675 776 3731 red
785 3691 874 3749 neque
883 3675 1022 3748 meipsum
1027 3676 1072 3746 ju·
1123 3679 1153 3732 iu
1163 3676 1395 3747 misericordium
1410 3676 1568 3750 increpabit
1577 3692 1623 3733 me
1632 3675 1842 3745 (Psalmxmb.)
1857 3674 1920 3729 llam

274 3771 345 3828 dieo.
362 3768 441 3826 Nihil
455 3769 533 3824 euim
547 3765 838 3832 mibicoosciuasum,
852 3763 1006 3822 sednouiu
1021 3764 1070 3822 boc
1124 3781 1241 3837 namque
1260 3764 1420 3837 increpatio,
1434 3781 1487 3838 qua
1510 3763 1613 3838 iugiter
1633 3764 1712 3821 nebia
1739 3762 1864 3837 suggerit
1891 3760 1918 3818 ia

269 3859 446 3932 justificatus
456 3855 595 3930 cumquei
604 3855 816 3928 outemJ‘udicut
825 3853 1019 3912 multominus
1027 3857 1071 3910 eet
1123 3854 1232 3913 occulto
1248 3853 1364 3926 Spiritus
1385 3851 1509 3910 ueritatis
1522 3851 1587 3926 quid
1618 3853 1688 3907 desit
1703 3851 1793 3920 nobis,
1822 3865 1919 3922 super·

275 3949 302 4018 (l
320 3948 380 4004 Cor.
393 3961 432 4011 ru,
448 3947 475 4012 3,
491 3943 529 4015 ι).
545 3944 575 3997 ln
590 3942 690 4016 quibus
703 3940 793 4000 verbis
815 3940 883 3999 illud
898 3957 1007 4014 quoque
1025 3941 1069 3998 di·
1124 3942 1207 4010 biam,
1233 3942 1439 4016 negligentiam,
1471 3940 1693 4015 iugratitudinem
1716 3940 1830 4013 repellit.
1858 3937 1919 4009 Quo

273 4036 390 4108 ligenter
402 4031 630 4090 considerandum
655 4031 799 4102 estquod,
821 4030 939 4087 alienum
962 4029 1071 4102 quidem
1124 4029 1223 4104 triplici
1238 4031 1302 4089 titio
1317 4047 1397 4088 omne
1411 4029 1493 4102 paulu
1516 4029 1605 4086 minus
1618 4029 1807 4104 religiosorum
1832 4029 1921 4086 homi·

273 4121 408 4195 judicium
426 4119 600 4193 prominimo
613 4119 727 4186 habens,
743 4134 822 4175 suum
842 4134 949 4190 quoque
972 4133 1073 4190 nequa·
1124 4134 1189 4176 num
1203 4135 1289 4193 genum
1303 4118 1455 4190 periculose
1470 4120 1583 4186 laborat,
1612 4133 1661 4191 pro
1687 4118 1805 4192 ecquod
1832 4118 1920 4174 minus

275 4227 356 4286 quam
369 4215 539 4280 sequeretur,
554 4207 677 4280 quamuis
691 4221 747 4262 non
771 4207 838 4263 illud
858 4207 927 4263 adeo
947 4222 997 4278 pro
1018 4205 1072 4262 mi·
1125 4215 1227 4264 attenta
1240 4208 1329 4265 cordis
1347 4223 1413 4265 aure
1434 4207 1594 4282 percipiant,
1610 4207 1678 4279 qnid
1699 4207 1772 4264 intus
1795 4205 1920 4279 loquatur

275 4299 350 4356 nimo
362 4297 495 4368 iudicaret
512 4296 676 4352 habendum.
692 4296 779 4351 Nemo
790 4294 863 4352 enim
875 4294 1073 4352 scithominum
1125 4297 1159 4366 is,
1175 4295 1220 4369 qui
1231 4295 1365 4353 nemiuem
1379 4296 1480 4368 palpat,
1514 4295 1622 4354 ittet
1646 4296 1761 4369 Spiritus
1784 4293 1918 4365 ueritatis,

276 4405 338 4461 quae
356 4393 421 4443 sunt
443 4386 472 4442 in
490 4385 612 4455 homine,
626 4383 680 4440 nisi
703 4383 815 4456 spiritus
838 4382 955 4441 hominis
974 4385 1021 4455 qui
1044 4383 1073 4439 in
1127 4385 1207 4456 Quod
1221 4386 1359 4442 nonnullis
1374 4386 1472 4444 exinde
1500 4387 1632 4458 prouenit,
1666 4386 1719 4443 nisi
1744 4385 1833 4453 lallor,
1847 4384 1920 4458 quad

277 4476 337 4549 ipso
354 4484 396 4533 est
410 4475 437 4548 (l
450 4476 513 4533 Cor.
538 4489 568 4546 tl,
585 4475 642 4544 tl),
659 4479 689 4529 ut
711 4472 913 4544 comparatione
937 4471 1072 4530 interioris
1088 4435 1111 4514 n
1127 4472 1242 4545 propriae
1256 4472 1353 4546 gloriae
1370 4473 1471 4546 cupidi,
1486 4476 1563 4532 nulls
1577 4475 1681 4531 ratione
1696 4473 1838 4546 quiescere
1851 4489 1918 4544 pos-

276 4563 430 4635 testimonii,
446 4563 564 4622 exterius
578 4561 688 4620 omnino
702 4577 751 4633 pro
762 4562 845 4618 nihilo
855 4561 892 4619 sit
906 4563 1070 4630 habendum,
1126 4569 1199 4632 suut,
1214 4578 1275 4619 cum
1285 4563 1314 4618 iu
1333 4563 1442 4634 seipsis
1455 4563 1566 4636 penitus
1584 4563 1650 4620 nihil
1676 4563 1816 4621 inveniunt
1847 4563 1920 4619 unde

276 4652 348 4724 Quid
362 4657 435 4710 euim
450 4651 515 4708 milri
529 4668 591 4708 cum
609 4665 703 4708 eorum
718 4650 845 4707 laudibus
867 4651 967 4722 quibos
990 4651 1070 4724 igno·
1125 4650 1230 4720 possint
1249 4651 1418 4724 aliquatenus
1437 4651 1556 4724 gloriari.
1578 4651 1696 4709 Perfecta
1712 4661 1803 4708 autem
1828 4657 1857 4707 et
1877 4666 1921 4708 se·

289 4758 321 4797 us
334 4742 413 4799 sumi
427 4741 505 4811 Quod
519 4739 542 4795 si
557 4741 600 4798 vel
615 4739 673 4810 ipse
688 4739 734 4812 qui
749 4739 777 4794 in
790 4739 900 4795 homine
912 4745 954 4794 est
963 4738 1074 4810 spiritus
1124 4753 1189 4796 eura
1203 4739 1326 4813 gloriatio
1339 4747 1389 4811 εει,
1404 4755 1464 4796 curn
1472 4757 1597 4799 veremur
1610 4741 1701 4798 omnia
1715 4753 1801 4813 opera
1815 4746 1919 4808 nostra,

276 4829 366 4883 omnia
390 4845 450 4901 quae
476 4827 594 4884 horninis
621 4833 684 4882 sunt
711 4843 791 4884 nome
818 4832 928 4899 posset,
953 4825 1072 4898 proiecto
1125 4827 1320 4885 sicuttestatur
1334 4829 1492 4886 heatusiob
1506 4829 1541 4886 de
1566 4829 1670 4900 seipso
1694 4828 1762 4894 (lob.
1787 4843 1825 4894 rx,
1844 4827 1917 4900 28):

276 4915 411 4973 sulficeret
424 4917 603 4973 testimouium
614 4914 682 4988 ejus.
698 4915 776 4971 Nunc
790 4925 880 4972 autem
895 4931 1007 4986 prauum
1030 4922 1072 4970 est
1124 4922 1160 4984 et,
1171 4931 1233 4972 cum
1248 4916 1319 4972 lsaia
1333 4919 1476 4990 propheta,
1491 4933 1585 4976 omnes
1598 4916 1715 4988 jrustitias
1733 4923 1841 4973 nostras
1864 4931 1921 4974 nun

277 5020 327 5061 cor
353 5004 485 5076 hominis,
511 5011 538 5059 et
569 5001 803 5075 imperscrutabile
824 5002 906 5062 ,etiam
937 5002 990 5058 sibi
1016 5001 1070 5074 ipsi
1124 5005 1195 5062 aliud
1219 5021 1300 5078 quam
1327 5023 1445 5079 pannum
1473 5015 1645 5064 menstruate
1668 5007 1832 5078 reputandas
1859 5021 1921 5064 esse

276 5093 389 5166 (ierem.
405 5107 474 5160 xttt,
489 5092 532 5162 9);
548 5090 617 5146 adeo
631 5089 824 5163 utspraesentia
842 5105 952 5164 qnoque
971 5105 1070 5164 magna
1123 5094 1311 5166 cognoscimus
1333 5097 1412 5166 (leui.
1440 5112 1519 5167 uxrv,
1549 5096 1589 5169 6).
1621 5093 1802 5154 Nihilominus
1830 5103 1921 5151 umen

274 5197 308 5240 er
336 5189 413 5256 parte
439 5180 557 5254 ignoret,
579 5179 669 5237 lutura
691 5194 757 5237 vero
784 5194 835 5234 sua
858 5179 969 5235 omnino
988 5194 1069 5236 nosse
1122 5183 1283 5240 confidimus
1309 5184 1389 5240 etiam
1412 5195 1438 5240 ot
1465 5185 1612 5258 gloriamur
1632 5184 1660 5241 in
1686 5183 1816 5251 Domino,
1838 5184 1920 5254 cujus

273 5287 329 5329 non
344 5271 440 5344 possit.
455 5269 524 5338 Quia
538 5277 628 5325 tamen
642 5267 811 5342 aliquatenus
825 5267 901 5323 norit
913 5268 1067 5340 presentia,
1122 5272 1308 5329 misericordia
1322 5281 1396 5330 tauta
1411 5281 1453 5332 est
1475 5290 1558 5348 super
1580 5289 1647 5342 nos,
1665 5280 1694 5329 ut
1713 5289 1729 5330 a
1747 5273 1921 5346 gravioribus

273 5361 297 5417 si
315 5377 371 5417 non
391 5359 571 5434 reprehendat
582 5374 634 5415 uos
648 5357 814 5414 conscientia
828 5363 931 5428 nostra,
947 5371 998 5413 nos
1011 5356 1068 5428 qui·
1120 5362 1242 5434 quidem,
1263 5371 1365 5434 atquae
1379 5363 1411 5418 ad
1428 5371 1543 5421 mortem
1558 5371 1669 5435 peccate
1691 5373 1765 5430 suut,
1783 5361 1922 5420 custodiat

271 5449 333 5505 dean
347 5449 471 5521 gloriam,
486 5447 534 5503 sed
544 5447 681 5518 fiduciam
697 5445 830 5502 babemus
848 5445 884 5502 ud
900 5461 975 5512 mm,
996 5447 1066 5503 sicut
1119 5467 1179 5520 nos,
1193 5459 1222 5507 et
1234 5461 1286 5505 tam
1301 5449 1421 5524 benigne
1435 5451 1494 5523 ipsa
1509 5450 1726 5524 imperfectionis
1747 5457 1850 5508 nestrae
1874 5449 1920 5508 de·

270 5535 687 5608 beatualoaunesaittlourmrr,
704 5533 1066 5606 aa).Cnnautanvertutis
1118 5537 1190 5607 licta,
1218 5548 1245 5596 et
1267 5539 1482 5598 conuersationis
1508 5539 1689 5613 impuritatem
1718 5539 1798 5596 uobis
1826 5539 1918 5596 mani-

271 5624 369 5698 ipsias,
383 5640 465 5697 quam
478 5625 543 5681 nihil
558 5624 622 5680 latet
637 5641 643 5681 :
660 5621 818 5678 sententiam
833 5621 867 5678 de
882 5621 960 5681 nouis
974 5629 1064 5680 tenera
1119 5625 1227 5698 testare,
1241 5633 1268 5684 et
1279 5627 1397 5701 agnitam
1411 5630 1567 5686 condonare
1581 5628 1722 5702 dignetur,
1737 5633 1875 5701 quatenns
1890 5623 1918 5680 in

270 5713 461 5782 meruerimus,
475 5713 547 5770 inea
561 5712 642 5785 plane
652 5709 776 5769 securius
789 5709 942 5784 poterimus
955 5711 1066 5785 gloriari
1118 5715 1267 5774 humilitate
1274 5723 1301 5774 et
1307 5715 1486 5777 solicitudine
1495 5725 1523 5778 et
1531 5717 1680 5794 gutiarum
1687 5717 1794 5776 aeduae
1803 5713 1918 5776 inuitur
