3996 6350
317 433 356 491 JD
796 431 824 490 S.
845 431 1165 494 reilluminatus
1184 433 1496 496 uttam-latuimus
1941 433 1979 488 ιω

316 571 400 626 guum
428 553 595 626 promittitur
622 555 648 609 ei
675 553 723 625 qui
751 555 830 612 sedet
856 572 939 628 super
968 557 1114 616 Cherubim
1133 572 1156 650 Α
1173 566 1246 628 sunt,
1261 565 1449 616 convenerunt
1471 557 1499 611 in
1517 571 1610 623 unum,
1625 555 1660 610 ad
1681 552 1849 610 laudandum
1874 551 1963 608 scilice

316 646 402 714 (Prot.
427 660 520 711 cxxix,
549 645 588 717 2),
618 651 700 714 qu'em
722 645 857 716 propbeta
879 645 946 702 vidit
972 647 1115 704 sedentem
1171 655 1199 703 et
1219 645 1424 721 glorificandum
1448 661 1509 701 eum
1538 644 1584 716 qui
1611 659 1696 715 super
1722 658 1820 698 omnes
1851 648 1900 696 est
1922 641 1962 696 ltu

315 749 399 805 super
425 733 523 790 solium
555 733 693 789 excelsum
716 739 744 789 et
771 733 906 790 elevatum
925 734 1003 805 (lsai.
1018 751 1056 804 m,
1077 735 1117 806 l),
1171 750 1278 810 regum,
1293 743 1321 791 et
1333 735 1463 792 Dominus
1477 733 1674 790 dominantium
1686 750 1693 788 :
1704 733 1739 787 de
1753 731 1836 800 cnjus
1849 729 1962 800 splendi-
1978 771 1979 786 ι

317 826 415 882 sedere
434 825 462 880 in
486 826 585 880 throno
610 823 696 880 David
721 824 888 896 patrissui?
914 825 968 881 Sed
995 826 1118 882 novimus
1170 823 1522 895 dissimacontemplatione
1544 820 1689 897 fulgebunt
1709 820 1776 892 justi
1799 819 1876 876 sicut
1892 817 1961 872 solia

317 914 463 988 quamdam
484 913 564 968 aliam
585 911 736 970 Jerusalem
750 913 785 968 ab
799 929 833 969 ea
856 930 918 985 quae
932 930 1005 970 nunc
1020 922 1073 985 est,
1089 915 1117 970 in
1171 928 1258 986 regno
1281 913 1366 969 Patris
1387 927 1481 968 eornm
1503 911 1689 986 (licilianum,
1706 909 1762 982 la).
1779 907 1847 965 0si
1872 913 1905 962 et
1925 923 1960 962 ne.

317 1020 372 1076 qua
385 1003 509 1078 regnavit
522 1001 619 1070 David,
634 1000 822 1074 significatam,
839 1003 1117 1060 multoistanobilio·
1171 1001 1323 1072 peccatoris
1348 1000 1502 1057 meminerit
1524 1002 1605 1057 Jesus
1627 1000 1657 1055 in
1679 997 1859 1071 beneplacito
1886 999 1959 1068 popul

318 1108 388 1158 rem,
403 1093 487 1149 multo
500 1091 638 1149 ditiorem
653 1091 731 1148 llanc
744 1091 828 1166 igitur
842 1100 908 1163 pnto
922 1091 966 1148 hic
980 1091 1063 1149 luisse
1077 1092 1115 1146 si·
1170 1089 1222 1160 sni,
1237 1105 1299 1147 cunt
1313 1091 1419 1146 venerit
1433 1091 1462 1145 in
1486 1106 1602 1162 regnum
1625 1089 1723 1146 snum!
1740 1087 1764 1145 O
1780 1086 1804 1143 si
1819 1102 1869 1142 me
1885 1085 1914 1140 in
1932 1086 1960 1140 ib

316 1179 482 1252 gnificatam,
510 1179 556 1236 illo
574 1178 701 1235 videlicet
723 1195 774 1234 usu
801 1179 943 1250 loquendi,
965 1195 1020 1251 qno
1043 1195 1117 1252 saepe
1170 1177 1226 1250 die,
1249 1179 1359 1250 quando
1383 1179 1531 1235 traditurus
1554 1185 1598 1235 cst
1618 1195 1734 1252 regnum
1754 1178 1816 1233 Deo
1842 1181 1874 1231 et
1897 1174 1977 1240 l’ata¹

317 1269 423 1341 reperis
437 1268 465 1324 in
480 1267 625 1339 Scripturis
639 1266 797 1339 significans
810 1269 874 1338 poni
889 1282 939 1334 pro
955 1267 1115 1343 significato.
1170 1265 1279 1323 visitare
1300 1266 1458 1342 dignabitur
1484 1267 1513 1322 in
1541 1268 1652 1324 salutari
1676 1281 1737 1336 suo,
1761 1264 1800 1321 ad
1827 1262 1977 1319 videndun

315 1357 391 1414 Tunc
405 1371 472 1414 sane
490 1355 565 1412 dedit
586 1354 625 1410 illi
647 1357 721 1412 Deus
745 1356 840 1412 sedem
854 1357 940 1413 David
954 1358 1039 1428 patris
1063 1360 1114 1424 sui,
1170 1354 1272 1410 scilieet
1293 1355 1322 1410 in
1335 1354 1456 1412 bonitate
1471 1355 1620 1412 electorum
1636 1370 1757 1426 snomm,
1774 1353 1812 1408 ad
1827 1351 1958 1408 laeundaa

315 1446 424 1519 qnando
435 1447 609 1502 constitutus
620 1451 660 1501 est
670 1447 767 1503 recab
779 1462 809 1503 eo
819 1447 980 1518 supersim
989 1453 1117 1505 monte-m
1170 1442 1199 1498 in
1219 1443 1311 1499 laetitia
1332 1445 1423 1516 gentis
1437 1461 1504 1516 suae,
1528 1451 1559 1500 ut
1576 1445 1702 1500 laudetur
1716 1443 1802 1499 etiam
1824 1456 1845 1495 a
1861 1456 1906 1496 me
1918 1456 1958 1495 tun

312 1538 449 1591 cunctam
461 1535 522 1606 ejus
536 1533 625 1605 (Ptol.
640 1549 673 1601 ιι,
688 1533 727 1607 6).
743 1533 798 1591 Sed
808 1535 852 1591 hic
861 1537 997 1607 propbeta
1011 1536 1046 1591 de
1060 1552 1116 1609 quo
1170 1532 1332 1589 lraereditate
1353 1532 1413 1589 sual
1432 1532 1501 1590 Veni
1524 1533 1644 1598 interim,
1659 1530 1776 1589 Domine
1801 1530 1888 1595 Jesu,
1903 1529 1959 1583 aule·

313 1639 400 1696 regno
422 1623 532 1688 dixerit,
555 1623 712 1695 expressius
741 1623 883 1696 aperuisse
901 1625 1019 1693 videtur,
1035 1624 1063 1680 ln
1082 1641 1115 1681 eo
1170 1621 1298 1676 scandala
1311 1620 1347 1677 de
1361 1636 1447 1697 regno
1471 1629 1529 1687 tuo,
1552 1622 1625 1692 quod
1641 1628 1667 1676 et
1681 1619 1773 1676 anima
1786 1633 1868 1685 mea,
1884 1624 1914 1672 ut
1931 1633 1960 1670 re·

242 1707 248 1715 '
314 1712 388 1785 quod
407 1727 462 1768 non
477 1711 505 1766 in
521 1711 587 1768 Sion
602 1712 702 1783 posuit,
716 1712 766 1769 sed
776 1729 862 1786 snper
876 1715 952 1771 sion,
968 1717 1038 1772 Nam
1051 1713 1115 1771 ideo
1170 1724 1241 1783 gneo
1256 1709 1351 1781 tu(qui
1360 1709 1456 1780 debes)
1470 1709 1497 1762 iu
1511 1723 1555 1764 ea.
1566 1709 1648 1765 Venit
1658 1705 1878 1774 enimavaritia,
1889 1703 1961 1760 etn‘n

312 1801 435 1858 tortassis
453 1802 555 1856 dictum
580 1809 633 1870 est,
656 1817 751 1873 snper,
777 1801 840 1874 quia
858 1802 887 1858 in
911 1802 976 1859 Sion
1003 1803 1113 1875 quidem
1169 1796 1243 1853 dicat
1264 1797 1293 1852 in
1317 1814 1362 1854 me
1382 1797 1433 1852 sibi
1456 1797 1565 1862 cederat
1589 1796 1720 1868 iactantia
1738 1795 1820 1868 cupit
1845 1793 1962 1850 domim

297 1890 438 1963 ¹regnavit
450 1890 537 1948 David
552 1907 559 1943 :
575 1906 658 1962 super
671 1889 736 1946 Sion
758 1905 824 1946 vero
841 1906 957 1965 regnum
976 1899 1019 1947 est
1031 1891 1118 1960 illius,
1168 1885 1254 1954 mihi;
1274 1884 1402 1956 superbia
1421 1883 1478 1942 vult
1498 1884 1562 1940 mihi
1577 1901 1639 1942 csse
1662 1901 1720 1942 rex.
1741 1882 1871 1941 Lnxuria
1893 1881 1962 1938 dicit:

313 1979 348 2036 de
367 1996 422 2052 quo
436 1979 537 2034 dictum
551 1978 641 2034 estad
656 1978 741 2034 David
763 1997 769 2035 :
783 1978 821 2033 De
830 1980 932 2050 fractu
946 1981 1055 2036 ventris
1069 1981 1114 2036 lui
1131 1957 1153 2034 Β
1169 1973 1228 2045 Ego
1238 1974 1373 2045 regnabo;
1385 1973 1508 2041 ἃῐῑὼὶῑῑῡ,
1517 1974 1661 2046 detractio,
1673 1974 1775 2032 invidit
1791 1981 1823 2030 et
1838 1971 1962 2029 intelldia

309 2084 512 2140 ponomsoper
527 2068 620 2124 sedem
638 2073 719 2123 tuam
730 2067 818 2136 (Paul.
836 2082 928 2133 cxxxi,
939 2069 1000 2139 tl):
1015 2068 1114 2141 dequo
1168 2063 1311 2118 certantia
1325 2062 1438 2134 meipso
1454 2062 1542 2118 deme
1557 2063 1628 2135 ipso,
1639 2064 1718 2134 cujas
1732 2078 1786 2138 ego
1804 2061 1961 2132 potissimum

297 2165 341 2220 ,et
353 2145 457 2212 dictum
472 2164 514 2212 est
537 2171 587 2227 per
608 2155 690 2211 alium
710 2157 883 2227 prophetam,
899 2158 988 2230 Super
1011 2159 1114 2215 solium
1169 2165 1230 2206 esse
1250 2150 1352 2208 videar·
1368 2151 1429 2224 Ego
1447 2158 1536 2206 aulem
1550 2157 1682 2223 quantum
1698 2151 1777 2208 vale0
1793 2150 1920 2214 resisto,
1934 2164 1960 2202 ιι

313 2246 550 2316 Dauid,etsoper
564 2245 1115 2317 repnumejassedcbit(lsci.rx,'l).Vi-
1169 2239 1241 2296 nitor
1265 2249 1396 2309 quantum
1418 2241 1508 2311 juvor.
1530 2240 1676 2296 Dominum
1691 2256 1783 2296 meum
1814 2241 1915 2295 Jesum
1931 2254 1960 2292 rc·

311 2335 361 2390 ces
375 2333 438 2405 quia
452 2332 554 2403 unique
577 2332 692 2402 reperis,
709 2333 816 2406 super?
832 2336 921 2407 super
936 2336 1013 2401 son,
1029 2351 1114 2408 saper
1151 2327 1268 2394 -ctam0;
1280 2327 1331 2399 ipsi
1339 2343 1382 2383 ma
1393 2327 1526 2395 aerenum
1538 2329 1601 2400 quta
1610 2327 1695 2401 ipsius
1704 2344 1748 2384 me
1757 2327 1833 2398 juris
1844 2341 1959 2399 agnose

294 2421 415 2487 ,sedem
430 2435 515 2493 super
528 2420 642 2486 solium,
659 2435 745 2492 super
758 2436 887 2492 rapacum.
905 2422 987 2478 Dabit
1006 2437 1073 2498 ergo
1087 2422 1114 2479 ei
1168 2417 1260 2489 Ipsum
1274 2417 1339 2472 milri
1359 2419 1455 2484 Deum,
1478 2416 1567 2489 ipsum
1587 2416 1651 2472 mibi
1669 2415 1823 2474 Dominum
1843 2423 1959 2481 teneo,et

293 2507 439 2583 ,Dominus
454 2508 631 2564 Deusscdem
647 2507 730 2563 David
745 2509 894 2578 patrissui,
911 2526 967 2566 non
982 2511 1112 2583 typicam,
1167 2505 1229 2561 dico
1246 2522 1253 2561 :
1270 2508 1332 2561 Non
1346 2506 1435 2562 habeo
1449 2520 1544 2577 regent
1559 2506 1612 2561 nisi
1625 2505 1771 2561 Dominum
1786 2504 1901 2560 Jesnm.
1911 2501 1959 2558 leri

309 2596 359 2652 sed
373 2613 483 2666 veram;
498 2612 553 2651 non
565 2595 757 2667 temporalem,
768 2597 818 2652 sed
833 2605 982 2668 aeternam;
994 2615 1049 2656 non
1061 2607 1113 2656 ter·
1167 2608 1244 2668 ergo,
1259 2593 1386 2661 D0miss02
1405 2594 1534 2668 diflpersse
1549 2593 1609 2650 illos
1628 2593 1655 2648 in
1676 2593 1777 2650 villule
1803 2601 1867 2656 1¹18.
1885 2599 1913 2646 el
1928 2607 1958 2644 lt

293 2701 417 2756 renam,
430 2685 480 2740 sed
494 2684 644 2741 ooeleatem.
667 2683 735 2754 Quae
757 2685 870 2752 idcirco,
886 2693 917 2742 nt
931 2687 987 2758 jam
1011 2687 1113 2744 dictum
1166 2682 1263 2754 gnabis
1282 2680 1309 2736 in
1329 2697 1385 2749 me,
1408 2681 1471 2754 quia
1495 2690 1524 2738 tu
1546 2698 1575 2738 es
1590 2681 1650 2753 ipse
1673 2681 1732 2738 Rex
1745 2695 1845 2752 meus,
1862 2689 1893 2736 et
1906 2679 1958 2734 Dens

310 2782 363 2841 est,
379 2781 546 2830 memoratur
556 2773 642 2830 luisse
655 2773 753 2840 David,
770 2774 833 2846 quia
848 2775 916 2839 haec,
933 2775 960 2829 in
974 2791 1027 2848 qua
1040 2782 1112 2833 tem·
1166 2785 1255 2837 meus,
1269 2770 1315 2842 qni
1329 2771 1443 2826 mandas
1458 2771 1560 2826 salutes
1574 2770 1667 2827 Jacob·

292 2919 296 2924 ,
310 2860 442 2933 porriitur
456 2861 537 2932 sedit,
557 2867 669 2918 oemrnae
682 2861 754 2917 illius
772 2862 888 2934 gerebat
901 2864 1058 2937 imaginem.
1202 2862 1228 2914 3.
1244 2860 1326 2934 Dixit
1337 2865 1432 2917 cutem
1446 2861 1533 2916 llario
1547 2859 1583 2915 nd
1597 2860 1750 2931 capelom:
1764 2858 1913 2928 Quomodo
1925 2857 1958 2926 pat

292 3018 297 3028 Ι
343 2955 370 3006 2.
381 2953 417 3008 lit
430 2950 562 3024 reputabit
576 2953 608 3008 in
619 2951 700 3008 domo
714 2951 796 3010 Jacob
811 2953 842 3007 in
857 2957 1009 3021 aeternum,
1025 2958 1053 3012 ct
1066 2970 1112 3011 rc·
1165 2947 1509 3021 iatodl’qaonicmuiram
1523 2965 1581 3004 non
1595 2963 1737 3020 capnosco.
1753 2946 1850 3002 Primo
1866 2943 1960 3018 quiden

290 3099 298 3108 ,
306 3042 431 3113 pulejum
445 3057 503 3097 non
513 3041 570 3096 erit
580 3041 659 3111 fiam.
674 3040 725 3096 llic
734 3055 856 3113 quoque,
871 3040 896 3096 si
908 3041 1019 3098 domum
1027 3042 1112 3100 Jacob
1165 3037 1317 3108 prudenter
1331 3036 1424 3104 tacuit,
1440 3052 1502 3093 oum
1515 3037 1604 3092 adhuc
1622 3036 1706 3091 dubia
1727 3034 1875 3107 cogitabat
1889 3033 1961 3106 qualis

306 3129 487 3201 temporalem
507 3129 665 3200 accipimus,
680 3129 817 3201 quomodo
831 3129 859 3185 in
872 3129 928 3197 illa,
940 3147 1001 3203 quae
1010 3139 1113 3187 aetema
1167 3134 1240 3182 esset
1263 3127 1315 3182 ista
1334 3126 1473 3193 salutatio;
1493 3125 1598 3182 malens
1612 3125 1740 3181 nimirum
1754 3124 1901 3181 humiliter
1920 3137 1962 3178 non

290 3231 363 3299 ¹non
383 3224 436 3287 cst,
450 3217 480 3272 in
497 3224 633 3273 aeternum
647 3224 811 3288 regnaturus
826 3218 889 3274 est?
902 3217 1056 3288 Quaerenda
1071 3227 1112 3276 est
1126 3255 1148 3332 c
1165 3216 1344 3286 respondere,
1360 3231 1441 3287 quam
1461 3224 1566 3272 temere
1587 3214 1662 3289 loqui
1676 3215 1750 3288 quod
1764 3215 1906 3272 nesciret.
1917 3213 1962 3267 Jan

307 3321 375 3380 ergo
386 3305 484 3362 domus
498 3313 603 3362 aeterna
612 3305 707 3372 Jacob,
718 3305 747 3361 in
758 3322 811 3378 qua
821 3315 919 3380 regnet
927 3309 955 3364 in
967 3318 1110 3376 aetemnm,
1165 3319 1231 3360 vero
1244 3304 1396 3361 confortata
1410 3313 1439 3362 et
1452 3303 1524 3361 bene
1534 3305 1732 3377 praemeditata,
1742 3303 1849 3379 angelo
1865 3301 1961 3376 quiden

306 3397 385 3465 cuius
400 3395 480 3468 regni
494 3409 550 3452 non
574 3393 627 3451 erit
647 3392 719 3450 linis.
736 3396 779 3452 An
798 3411 853 3452 non
874 3396 994 3470 denique
1014 3400 1110 3456 domus
1165 3391 1231 3447 loris
1240 3391 1381 3465 loquente,
1395 3393 1447 3450 sed
1460 3394 1519 3451 Deo
1532 3395 1605 3450 intus
1618 3393 1809 3466 persuadente
1819 3391 1961 3464 (eratenim

305 3484 352 3539 illa
364 3484 449 3540 Jacob
469 3498 638 3555 exasperans
651 3484 733 3556 impie
748 3485 895 3558 abnegavit
909 3503 983 3555 eum,
998 3494 1027 3543 et
1040 3486 1109 3543 insi.
1163 3480 1295 3537 Dominus
1304 3497 1367 3537 cum
1380 3481 1434 3550 illa,
1446 3482 1556 3540 dicente
1567 3483 1683 3558 angelo:
1699 3483 1846 3540 mmanas
1857 3483 1961 3545 ceant:

304 3572 416 3641 pienter
429 3572 534 3651 respuit
548 3579 612 3629 ante
633 3572 731 3630 taciem
750 3573 838 3643 Pilati,
854 3577 965 3648 quando
978 3575 1025 3633 illo
1044 3591 1108 3648 per·
1164 3569 1201 3624 ita
1216 3585 1283 3642 crgo
1292 3569 1461 3640 confirmata,
1473 3571 1527 3628 fide
1541 3573 1644 3629 scilicet
1658 3571 1821 3643 depellente
1839 3573 1962 3628 timorum

305 3658 1110 3735 bibente,Depemvestramcracifiqomlunoorerespon·
1164 3657 1256 3712 laetitia
1278 3659 1481 3729 verecundiam,
1508 3661 1574 3716 dirit
1595 3661 1630 3717 ad
1652 3661 1810 3734 angelum:
1832 3660 1959 3731 Quomnb

304 3747 397 3806 dendo
406 3747 627 3806 clamavittlllon
637 3750 770 3808 babemus
780 3767 873 3823 repom
882 3752 942 3807 atsi
952 3751 1110 3809 Coeaarem?
1163 3746 1569 3821 delictadlqaoniomvirum
1578 3748 1962 3822 noocoprtoeco.Nondubito

306 3837 397 3906 (Jocn.
417 3853 474 3904 ιιι,
497 3839 551 3910 lta)
567 3838 686 3911 llequire
709 3839 801 3911 itaque
825 3839 997 3912 Apostolum,
1024 3847 1052 3894 et
1068 3840 1109 3895 di·
1164 3835 1199 3890 de
1213 3834 1295 3905 lacto,
1309 3837 1359 3893 sed
1374 3838 1483 3894 modum
1499 3839 1613 3911 requirit
1626 3846 1655 3894 et
1669 3838 1810 3898 ordinem.
1826 3839 1893 3895 Nec
1905 3837 1960 3894 enin

301 3934 412 3982 scernet
433 3925 480 3981 tibi
495 3942 556 3982 eum
572 3927 619 3998 qui
642 3927 671 3982 in
685 3929 792 3985 occulto
806 3928 918 3984 Judaens
931 3935 985 3994 est,
1005 3927 1039 3982 ab
1062 3927 1108 3984 illo
1165 3926 1261 3996 quaerit
1273 3941 1310 3980 an
1323 3924 1371 3982 liet
1378 3926 1461 3999 istud,
1475 3927 1525 3983 sed
1540 3926 1685 4000 quomodo.
1697 3926 1783 3996 Quasi
1794 3927 1878 3984 dicat
1894 3929 1961 3987 :Can

301 4013 390 4086 quiin
405 4013 565 4084 maniies103
581 4023 611 4071 et
625 4031 686 4088 quae
705 4017 734 4071 in
748 4017 847 4088 spiritu
862 4024 905 4072 est
927 4015 1109 4076 circumcisio,
1164 4011 1232 4068 aciat
1248 4013 1380 4071 Dominus
1393 4033 1478 4084 meus,
1497 4017 1573 4073 testis
1587 4016 1764 4073 conscientia
1778 4032 1870 4084 meae,
1886 4025 1961 4074 votur

301 4103 336 4158 ab
355 4118 389 4158 ca
409 4118 471 4174 quae
493 4104 525 4158 tit
548 4103 576 4158 in
590 4119 671 4160 carne
688 4105 779 4176 (Dora.
797 4118 828 4173 n,
853 4104 899 4176 28)
916 4103 1108 4174 :spiritualem
1164 4117 1226 4157 esse
1240 4103 1344 4160 anciDae
1356 4120 1414 4160 suae
1435 4120 1492 4161 non
1504 4108 1681 4178 {cognoscere
1702 4106 1813 4175 virum;
1832 4123 1893 4179 qua
1906 4105 1960 4177 lege

299 4191 414 4248 israela
429 4192 540 4258 carnali,
562 4200 590 4248 et
604 4191 674 4248 lilios
689 4191 754 4249 fidei
768 4193 887 4249 Abrahae
901 4207 917 4246 a
933 4192 995 4249 filiis
1008 4193 1107 4252 carnis.
1165 4205 1220 4261 quo
1233 4190 1328 4247 ordine
1349 4191 1468 4264 placebit
1486 4193 1512 4249 ei
1532 4200 1562 4250 ut
1583 4193 1630 4250 fiat
1652 4193 1748 4251 istud?
1764 4195 1796 4252 Si
1821 4193 1962 4267 oportuerl

287 4281 567 4361 ,Noncnt'minquit
577 4298 674 4340 omnes
685 4283 736 4354 qai
746 4297 783 4337 ex
793 4282 892 4350 lsrael,
907 4281 1013 4338 bisant
1023 4285 1110 4339 lsrae—
1165 4295 1210 4336 me
1223 4279 1350 4353 frangere
1364 4290 1466 4351 votum,
1484 4291 1514 4340 ut
1527 4283 1632 4355 pariam
1647 4283 1729 4340 talem
1739 4281 1851 4353 filium3
1870 4293 1900 4342 et
1912 4299 1961 4358 gaa-

304 4371 363 4427 lt'toe
374 4373 537 4445 :nequeqat'
546 4370 853 4437 semenscntlbrcloe,
863 4371 894 4426 ιιι·
902 4371 959 4440 filii
968 4371 1058 4440 (Rom.
1070 4390 1107 4440 ιιι,
1165 4368 1218 4425 deo
1226 4370 1261 4426 de
1269 4371 1334 4438 lilio,
1352 4372 1467 4430 etdoleo
1481 4371 1517 4429 de
1530 4373 1671 4446 proposito
1686 4388 1692 4428 :
1708 4373 1756 4428 liat
1767 4385 1872 4432 tamen
1882 4375 1961 4434 volun

301 4461 328 4525 6,
344 4463 381 4528 7).
398 4459 520 4530 Sequere
536 4465 644 4530 ergoet
657 4458 720 4512 dic:
736 4457 868 4512 Similiter
885 4474 940 4514 non
954 4462 1109 4533 omnesqui
1166 4467 1209 4515 tas
1224 4461 1296 4531 ejus.
1313 4458 1361 4516 Sin
1375 4476 1440 4518 vero
1454 4460 1530 4534 virgo
1539 4462 1702 4534 concipiam,
1714 4463 1797 4536 virgo
1813 4473 1845 4520 et
1863 4466 1961 4537 patiar,

293 4547 335 4603 'ex
348 4547 442 4614 Jacob,
459 4547 486 4601 bi
502 4545 648 4619 reputandi
666 4551 730 4600 sunt
754 4545 783 4599 in
806 4545 888 4602 domo
907 4547 1001 4603 Jacob.
1025 4549 1108 4604 Jacob
1124 4557 1147 4634 fl
1164 4549 1238 4620 qnod
1261 4549 1355 4620 utique
1383 4549 1407 4604 si
1430 4550 1561 4621 placuerit
1582 4553 1617 4617 ei,
1637 4551 1811 4623 impossibile
1835 4570 1900 4610 non
1914 4554 1962 4610 erit:

302 4637 405 4711 quippe
420 4637 481 4708 ipsc
497 4645 539 4692 est
554 4635 602 4707 qui
615 4635 710 4690 lsrael.
727 4635 806 4691 Solos
826 4635 910 4708 igitur
930 4639 976 4708 qui
999 4637 1028 4692 in
1052 4636 1107 4696 lide
1164 4644 1229 4694 tunc
1241 4637 1298 4694 seio
1308 4653 1374 4694 vere
1388 4638 1450 4709 quia
1458 4640 1579 4711 respexit
1589 4641 1769 4697 bumilitatem
1778 4643 1900 4700 ancillae
1913 4657 1963 4698 sue.

297 4726 383 4782 Jacob
398 4725 516 4796 perlecti
530 4723 690 4782 inveniendi
700 4732 773 4791 sunt,
783 4733 881 4796 reputa
895 4723 1015 4784 Ὶὸθίιι
1025 4727 1106 4784 domo
1164 4727 1302 4794 Quomodo
1316 4742 1380 4800 erpo
1393 4727 1444 4797 fiet
1458 4729 1557 4786 istud?
1568 4731 1704 4803 quoniam
1727 4733 1832 4789 virum
1849 4751 1914 4792 noa
1930 4748 1963 4788 cu·

298 4815 395 4879 Jacob,
411 4814 457 4870 vel
477 4815 569 4885 potius
582 4811 658 4883 ipsos
683 4813 791 4870 noueris
813 4813 872 4871 iore
892 4815 1063 4887 spiritualem
1078 4825 1106 4873 et
1160 4830 1271 4885 pnosco.
1286 4819 1322 4873 nt
1336 4815 1507 4887 respondens
1528 4819 1647 4890 capetus
1661 4819 1738 4875 dixit
1763 4824 1793 4878 ei
1811 4843 1823 4880 :
1844 4823 1964 4897 Spiritus

299 4909 432 4958 aeternam
447 4903 559 4958 domum
583 4901 676 4966 Jacob,
691 4903 720 4957 in
744 4919 798 4975 qua
822 4905 947 4976 regnabit
971 4904 1104 4960 Dominus
1161 4911 1274 4961 sanctas
1289 4906 1469 4977 superveniet
1480 4907 1512 4961 in
1522 4911 1561 4973 tc,
1576 4912 1604 4964 et
1612 4910 1705 4966 virtus
1719 4909 1876 4967 ditissimi
1886 4915 1965 4970 eburi·

298 4992 379 5046 Jesus
393 4991 422 5045 in
437 4997 581 5046 aetemum.
597 4988 663 5059 Quis
676 5005 710 5046 ex
720 4993 799 5047 nobis
810 4997 862 5060 est,
872 4992 918 5063 qui
931 4993 1104 5062 juxtainter-
1159 4990 1252 5048 brabit
1268 4993 1330 5048 tibi.
1347 4992 1480 5063 Superius
1494 4995 1566 5051 dicta
1580 5005 1623 5052 ost
1638 4995 1723 5052 luisse
1737 5003 1844 5070 pratia
1868 5003 1965 5074 plena:

299 5078 484 5152 pretationem
503 5078 621 5133 nominis
638 5078 732 5147 Jacob,
747 5080 902 5151 supplantet
915 5081 1055 5137 diabolum
1069 5082 1103 5138 dc
1159 5086 1187 5136 et
1202 5095 1274 5135 nunc
1287 5082 1423 5150 quomodo
1434 5082 1541 5146 dicitur,
1559 5085 1686 5158 Spiritus
1700 5091 1828 5144 sanctus
1843 5103 1966 5164 superae

299 5167 384 5225 corde
410 5181 471 5234 suo,
505 5167 624 5222 luctetur
645 5183 706 5223 cnm
733 5168 806 5224 uitiis
828 5177 857 5224 ct
877 5170 1104 5242 concupiscentiis
1158 5171 1220 5225 niet
1233 5170 1265 5224 ιἰι
1276 5173 1312 5234 te,
1324 5173 1353 5224 et
1362 5171 1453 5227 virtus
1464 5173 1604 5230 ditissimi
1617 5172 1800 5231 obumbrabit
1812 5175 1979 5248 ιιὶιίῗιιιι·Ὶ

300 5255 367 5324 suis,
384 5263 414 5311 ut
428 5270 483 5311 non
508 5264 606 5329 regnet
628 5262 770 5328 peccatum
793 5258 822 5315 in
845 5275 895 5315 suo
909 5260 1017 5317 mortali
1039 5275 1102 5316 cor-
1158 5256 1223 5330 quid
1238 5255 1327 5328 potuit
1339 5258 1440 5330 repleri
1450 5261 1547 5332 gratia,
1557 5271 1585 5320 ct
1595 5263 1713 5320 necdum
1722 5263 1834 5321 babere
1842 5267 1968 5340 Spiritnn

300 5359 379 5416 pore,
400 5345 449 5400 sed
471 5352 570 5418 regnet
594 5345 621 5400 iu
645 5363 679 5404 co
692 5346 768 5414 Jesu,
794 5356 822 5404 et
839 5364 913 5404 nunc
927 5347 1039 5420 quidem
1053 5364 1103 5419 per
1158 5351 1291 5411 sanctum,
1308 5361 1369 5402 cum
1392 5347 1452 5419 ipse
1474 5350 1509 5406 sit
1529 5351 1609 5408 dator
1630 5353 1807 5424 gratiarum?
1826 5355 1862 5412 Si
1890 5365 1969 5412 auton

299 5434 425 5506 gratiam.
442 5435 509 5490 etin
531 5444 665 5492 aeternum
679 5453 731 5509 per
744 5438 884 5510 gloriam?
901 5437 978 5493 Beati
995 5436 1024 5490 in
1040 5437 1100 5507 qui·
1157 5435 1213 5503 jam
1238 5434 1355 5506 Spiritus
1383 5446 1492 5495 sanctus
1518 5440 1545 5496 in
1570 5457 1604 5498 ca
1624 5450 1692 5509 erat,
1720 5445 1877 5514 quomodo
1892 5447 1969 5502 adnue

299 5523 351 5580 bus
364 5523 443 5582 lesus
460 5527 585 5599 regnabit
598 5528 627 5584 in
641 5537 786 5592 aetcrnum
803 5526 867 5598 quia
881 5532 908 5581 et
923 5526 976 5597 ipsi
991 5541 1053 5581 cum
1068 5541 1101 5583 eo
1158 5529 1285 5594 tanquam
1310 5523 1417 5580 noviter
1439 5538 1654 5598 superventurus
1678 5531 1923 5603 repromittitur?
1941 5540 1969 5591 ln

300 5613 462 5688 regnabunt,
478 5623 507 5671 et
529 5605 616 5692 regni
633 5618 717 5686 hujus
738 5631 794 5672 non
816 5614 868 5670 crit
893 5613 965 5670 sinis.
981 5613 1005 5669 0
1019 5629 1101 5685 qaam
1157 5611 1228 5666 torte
1252 5611 1315 5668 ideo
1339 5628 1394 5668 non
1416 5613 1482 5670 dixit
1505 5616 1672 5689 simpliciter,
1686 5622 1784 5680 veniet
1804 5625 1845 5680 in
1864 5630 1910 5695 te,
1935 5623 1968 5679 se¹

297 5700 445 5778 gloriosam
460 5714 504 5761 est
515 5721 632 5780 regnum
645 5705 723 5774 illud,
734 5703 762 5758 in
777 5718 831 5777 quo
845 5717 927 5773 reges
941 5704 1102 5775 congregati
1156 5700 1261 5757 addidit
1279 5718 1373 5774 super,
1389 5702 1453 5775 quia
1475 5711 1504 5762 et
1524 5706 1600 5777 prius
1614 5709 1726 5782 quidem
1744 5711 1776 5770 in
1790 5728 1832 5769 ea
1849 5713 1913 5772 luit
1933 5728 1971 5787 per
