4150 6348
278 401 331 462 483
743 395 770 454 S.
791 391 957 458 bailliol
973 395 1108 458 lactata
1121 395 1430 460 omum-labilibus
1873 403 1925 464 itit

277 521 500 597 dispositionibus
512 518 579 588 suia,
595 518 668 593 quod
683 518 968 594 indiguosuosbcatae
978 521 1110 619 mortha
1128 530 1173 580 tur
1200 523 1353 598 malignari.
1376 527 1515 600 Tanquam
1544 525 1655 584 malleus
1677 524 1796 586 caelestis
1820 526 1927 599 opificis

277 616 337 684 ejus
353 615 487 666 honorare
503 609 658 682 praeseutia,
669 610 740 683 quod
756 627 889 682 pauperes
898 628 962 669 auos
972 613 1072 684 pretio·
1122 611 1276 680 fecissem,
1293 613 1405 672 malleus
1423 617 1556 672 universa
1569 617 1648 671 terra
1665 633 1670 674 :
1691 615 1755 674 terit
1774 615 1878 674 clectos
1891 617 1925 673 ad

278 700 387 758 sissimo
407 699 530 770 corporis
557 699 617 768 ejus
644 698 812 771 locupletare
839 703 977 776 thesauro,
998 701 1071 774 quod
1125 717 1222 758 corum
1234 703 1388 775 utilitatem,
1397 705 1530 775 reprobos
1545 703 1660 762 conterit
1673 704 1702 760 iu
1731 719 1826 764 eorum
1846 707 1924 762 dam·

278 788 402 846 infirmos
421 805 471 844 noa
495 795 568 844 tanta
595 789 724 845 Ecclaaiae
751 806 808 846 aua
824 790 909 846 voluit
932 790 1011 847 facile
1025 807 1072 846 co·
1124 791 1663 866 nationem.Qualisergopaterfamiliaa,
1689 795 1756 852 tales
1774 804 1802 853 et
1827 795 1924 854 dome·

279 879 383 935 lumina.
400 879 525 935 Alterum
553 877 685 951 siquidem
700 879 835 935 evduobus
862 880 971 953 signum
987 879 1069 948 istud,
1125 882 1184 938 stici
1200 883 1271 951 ejus,
1287 879 1576 954 peccatumscilicetct
1595 899 1677 940 mors.
1692 884 1761 941 Nam
1776 891 1804 942 et
1826 902 1925 958 pccca-

275 970 348 1042 quod
371 968 450 1026 uobis
465 969 492 1024 in
506 968 608 1026 bonum
622 966 719 1024 factum
744 979 796 1036 est,
828 970 979 1041 persuadet,
999 970 1070 1041 quod
1124 977 1191 1036 tum,
1208 969 1270 1027 licet
1283 970 1363 1026 simul
1379 987 1440 1028 cum
1464 972 1571 1030 Christo
1590 973 1665 1030 cruci
1682 972 1769 1046 ipsius
1793 991 1847 1032 uon
1869 975 1923 1032 du·

276 1066 322 1115 aut
335 1057 452 1130 placitus
466 1058 525 1114 Deo
541 1059 575 1114 sit
592 1058 678 1126 locus,
699 1066 747 1114 aut
761 1057 812 1113 sihi
835 1058 961 1129 placitum
977 1058 1071 1116 facere
1125 1058 1224 1116 bitctur
1238 1058 1360 1127 affixum,
1375 1061 1465 1119 adhuc
1485 1071 1572 1119 umen
1597 1062 1704 1118 interim
1724 1079 1778 1119 non
1807 1079 1922 1137 regnare

276 1149 352 1216 velit,
377 1148 515 1220 adquam
539 1153 618 1202 tautae
642 1147 792 1203 sanctitatis
815 1147 908 1205 virum
938 1145 1070 1204 afinibus
1123 1149 1245 1220 quidem,
1266 1149 1313 1204 aed
1328 1149 1448 1207 hahitare
1466 1151 1548 1208 etiam
1565 1151 1592 1207 in
1621 1153 1692 1224 ipso,
1718 1152 1783 1208 dum
1809 1154 1921 1224 viveret,

275 1247 354 1294 terrae
368 1238 539 1308 moriturum,
555 1235 796 1310 sepeliendumque
810 1235 946 1308 perduxit.
1123 1238 1253 1309 Apostolo
1262 1237 1478 1311 permittebatur.
1490 1239 1606 1297 lfeutior
1619 1240 1642 1296 ai
1652 1256 1707 1296 nou
1716 1240 1776 1313 ipse
1786 1244 1841 1300 sit:
1857 1244 1922 1301 fam

312 1328 480 1386 3.Caetemm
496 1328 596 1400 populo
615 1326 655 1382 illi
673 1325 851 1383 affectuosius
873 1323 1027 1394 condolere,
1044 1333 1071 1383 ct
1124 1343 1183 1384 non
1196 1343 1243 1400 eqo
1254 1343 1352 1402 operor
1363 1329 1448 1396 titud,
1461 1329 1508 1388 aad
1517 1330 1589 1405 qood
1602 1329 1713 1388 habitet
1727 1331 1760 1387 t'o
1772 1348 1924 1405 mepacoa-

274 1417 336 1490 ejus
351 1433 412 1490 quae
435 1424 488 1473 tam
505 1415 651 1472 miserabili
665 1415 794 1474 Ecclesia
808 1417 895 1471 dirum
910 1417 962 1472 hoc
975 1415 1071 1472 vulnus
1125 1420 1190 1474 tom
1200 1416 1291 1490 (Rom.
1306 1434 1352 1476 vta.
1368 1421 1425 1490 ti).
1437 1419 1481 1475 Sia
1490 1429 1518 1476 et
1532 1434 1607 1476 mors
1617 1418 1676 1492 ipsa
1688 1419 1801 1476 minime
1810 1420 1921 1492 quidem

277 1505 390 1564 lim
405 1521 460 1562 non
488 1504 609 1577 peporcit
635 1505 745 1575 inferre,
770 1505 956 1563 crudelitatem
975 1504 1070 1562 mortis
1124 1505 1317 1564 adhucahesse
1331 1508 1450 1580 copitar,
1466 1509 1515 1565 sed
1529 1509 1635 1582 copitar
1653 1523 1709 1564 uon
1726 1511 1834 1566 obesse.
1863 1511 1922 1566 Erit

258 1595 463 1672 ,vehementius
486 1594 642 1664 ahhorrme,
666 1595 740 1651 beati
755 1595 836 1668 hujus
850 1594 937 1667 patris
951 1593 1069 1652 charitas
1123 1605 1214 1652 autem
1228 1611 1289 1654 cum
1301 1595 1405 1655 dicetur
1422 1614 1429 1653 ι
1449 1597 1497 1657 libi
1509 1601 1564 1670 est,
1585 1614 1671 1664 mors,
1691 1597 1814 1655 maforte
1829 1601 1879 1656 tua
1894 1601 1919 1672 (f

275 1685 336 1758 ipsa
348 1683 494 1755 compellit.
518 1683 582 1739 Dira
612 1683 738 1757 profecto
752 1689 779 1740 et
793 1683 969 1742 inexorabilis
985 1699 1067 1754 mors,
1126 1685 1186 1742 dor.
1199 1700 1247 1756 xv,
1263 1686 1321 1758 oo.)
1335 1686 1368 1742 lit
1381 1685 1583 1759 ipsssiquidem
1598 1684 1920 1747 iuimioauovissimade·

272 1789 333 1847 quae
349 1781 451 1830 mutum
470 1774 609 1829 homiuum
625 1773 823 1830 multitudinem
848 1773 928 1830 unius
951 1789 1067 1847 percus-
1121 1781 1250 1832 struatur.
1265 1777 1342 1832 Nunc
1369 1790 1433 1832 vero
1458 1775 1616 1832 moderante
1648 1791 1681 1832 eo
1701 1775 1748 1847 qui
1775 1775 1919 1850 imperium

272 1862 349 1920 sione
363 1861 508 1920 multavit:
533 1876 604 1918 caeca
627 1869 654 1919 et
668 1862 831 1935 improvida,
855 1877 917 1936 qua
931 1861 1068 1920 Malachiae
1084 1831 1106 1908 fl
1122 1864 1203 1920 hahet
1217 1865 1316 1921 vitaeet
1329 1865 1436 1935 mortis,
1451 1871 1478 1920 et
1495 1880 1575 1938 ¹mare
1588 1863 1678 1938 ipsum
1697 1863 1776 1921 certia
1797 1865 1920 1922 littorum

272 1953 366 2026 ligavit
379 1951 511 2024 linguam,
533 1951 674 2024 impedivit
682 1967 806 2025 grossus,
822 1951 945 2010 dissolvit
959 1967 1065 2025 manus,
1121 1960 1230 2012 coercet
1239 1953 1328 2026 metis,
1352 1969 1425 2011 mors
1452 1954 1511 2026 ipsa
1535 1953 1642 2010 dilectis
1671 1953 1779 2010 Domini
1805 1969 1920 2012 somnus

273 2042 368 2099 oculos
384 2041 491 2098 clausit.
515 2041 589 2109 illos,
617 2041 735 2116 inquam,
764 2041 878 2098 devotos
892 2041 996 2112 oculos,
1021 2041 1067 2113 qui
1121 2041 1252 2115 refrigerii
1266 2050 1318 2114 eat,
1346 2043 1483 2114 Propheta
1510 2049 1666 2115 attestante,
1697 2043 1743 2116 qui
1766 2043 1825 2100 ait:
1849 2045 1919 2103 Gom

272 2131 402 2206 piissimis
428 2131 538 2188 fletibus
560 2130 677 2190 divinam
687 2130 874 2204 peccatoribus
888 2130 1066 2188 reconciliare
1119 2131 1920 2198 dederitdilectisauiasommomeoeeboereditosflomina'

271 2221 389 2296 gratiam
396 2235 564 2278 consuevere
581 2220 658 2277 :illas
678 2219 868 2277 mundissimas
881 2235 988 2290 manus,
1005 2234 1067 2292 quae
1121 2220 1209 2291 (Psoi.
1225 2235 1323 2292 cxxvi,
1338 2224 1365 2287 2,
1386 2223 1425 2292 3).
1440 2219 1561 2276 Pessima
1574 2220 1683 2294 quidem
1703 2236 1776 2279 mors
1791 2232 1916 2294 peccato·

270 2310 413 2368 laboriosis
435 2317 462 2367 et
483 2309 631 2367 humilibus
655 2309 783 2382 operibus
811 2309 933 2368 exerceri
960 2325 1066 2381 semper
1120 2325 1318 2383 rum,quorum
1337 2308 1506 2366 etnativitas
1519 2309 1601 2377 mala,
1620 2319 1647 2367 et
1667 2309 1722 2370 vita
1742 2311 1838 2381 peior3
1867 2310 1916 2366 sed

270 2406 436 2470 armaverant,
453 2415 514 2472 quae
532 2399 667 2456 Dominici
689 2398 812 2472 corporis
841 2399 955 2454 bostiam
969 2397 1067 2455 saluta·
1119 2398 1714 2472 pretiosaestmorssanctorum(Psal.axv,
1727 2400 1783 2470 ti).
1796 2397 1917 2456 Pretiosa

271 2489 595 2563 rempropeccatoribus
618 2488 698 2546 toties
722 2487 1066 2559 offerehaut30tsioeira
1119 2491 1209 2562 plane,
1232 2499 1360 2562 tanquam
1387 2488 1449 2545 finis
1479 2489 1613 2561 laborum,
1642 2499 1769 2560 tanquam
1799 2488 1916 2547 uctoritas

270 2588 296 2637 et
310 2579 506 2652 disceptatione
524 2579 552 2634 iu
571 2580 694 2635 oratione
708 2579 870 2637 levabantur
891 2577 919 2634 in
944 2576 1063 2643 ooelum3
1119 2581 1324 2647 consummatio,
1341 2589 1468 2651 tanquam
1483 2577 1545 2636 vitae
1562 2579 1656 2650 janua,
1676 2586 1703 2635 et
1721 2575 1847 2648 perfectae
1873 2594 1916 2635 se·

269 2685 329 2742 quae
344 2669 459 2725 infirmis
479 2669 562 2724 multa
581 2667 712 2725 beneficia
734 2668 900 2738 praestitisse,
926 2675 953 2724 et
980 2665 1066 2740 signis
1119 2668 1242 2726 caritatis
1257 2670 1405 2741 ingressus.
1870 2678 1872 2687 ·

269 2758 349 2816 variis
371 2757 507 2814 affulsisse
530 2769 677 2814 noscuntur
695 2774 701 2813 :
718 2757 780 2812 illos
806 2771 913 2828 quoque
927 2757 1066 2829 speciosos
1155 2761 1181 2814 b.
1198 2759 1423 2832 congratulemur
1438 2757 1538 2832 itaque,
1554 2757 1662 2829 fratres,
1682 2755 1914 2830 congratulemur,

269 2865 383 2923 gressus
397 2847 607 2924 evangelizantis
621 2863 723 2918 pacem,
744 2847 953 2919 evangelizantis
972 2847 1063 2916 hona;
1119 2854 1149 2903 ut
1162 2848 1273 2920 dignum
1289 2855 1340 2918 ast,
1355 2846 1426 2920 patri
1444 2854 1550 2918 nostr03
1575 2847 1638 2920 quia
1659 2856 1686 2904 et
1709 2845 1787 2920 pium
1810 2853 1851 2902 est
1865 2847 1913 2904 de·

269 2937 329 2994 illos
342 2936 437 3008 pedes,
457 2936 504 3007 qui
520 2935 598 2992 toties
622 2935 725 3008 fatigati
744 2944 805 2992 sunt
828 2936 918 2992 studio
934 2935 1061 3008 pietatis3
1119 2938 1240 2994 functum
1255 2937 1384 3010 plangere
1398 2937 1563 3004 Malachiam,
1588 2943 1615 2991 et
1635 2935 1711 3008 pium
1726 2935 1815 3008 magis
1829 2933 1912 2991 lfala·

268 3024 385 3098 vestigia
398 3024 453 3092 illa,
468 3025 550 3097 digna
562 3039 622 3099 quae
637 3039 744 3095 semper
758 3024 863 3080 devotis
881 3025 980 3081 osculis
995 3042 1061 3096 proe-
1117 3026 1184 3082 chiae
1205 3028 1376 3100 congaudere
1400 3027 1510 3083 viventi.
1530 3025 1657 3098 Nunquid
1685 3039 1741 3081 non
1765 3023 1853 3082 vivitf
1880 3024 1914 3080 lit

269 3121 410 3170 merentur
426 3131 433 3168 z
449 3122 542 3170 sancta
556 3113 673 3187 denique
688 3112 760 3168 labia
774 3112 822 3170 illa
836 3113 993 3182 sacerdotis,
1003 3129 1065 3186 quae
1080 3115 1102 3194 c
1116 3115 1206 3172 beata.
1221 3115 1353 3173 Nimirum
1372 3116 1449 3173 visus
1463 3124 1504 3172 est
1522 3113 1607 3172 oculis
1621 3113 1804 3186 insipientium
1831 3113 1912 3181 mori,

268 3203 456 3261 custodiebant
483 3201 644 3272 scientiam3
665 3217 696 3258 os
723 3201 800 3274 justi,
817 3201 891 3274 quod
906 3202 1063 3274 sapientiam
1117 3201 1913 3276 itte1⁰45antenostinpacatteniquepmeoneinis
1991 3243 1998 3255 .

266 3293 464 3351 meditabatur:
476 3293 714 3368 etlinguamejus,
726 3290 1062 3365 quaejudiciumloquens‚
1118 3303 1271 3352 sanctorum
1286 3303 1313 3351 et
1326 3296 1490 3353 domesticus
1505 3294 1566 3361 Dei,
1585 3293 1675 3364 psallit
1699 3291 1840 3364 peniteret
1855 3307 1914 3366 gra-

265 3382 322 3438 imo
337 3394 363 3440 et
377 3382 600 3449 misericordiam,
616 3381 697 3438 tantia
723 3380 828 3438 mederi
856 3381 959 3438 solebat
972 3381 1064 3438 vulno·
1117 3384 1169 3440 tias
1183 3383 1348 3456 apit‚dicens
1364 3402 1371 3440 :
1392 3385 1585 3442 bansioimus
1594 3385 1747 3456 peripsam
1759 3385 1910 3455 etoqoom,

266 3471 341 3528 rihua
355 3472 515 3528 animarum.
532 3473 588 3527 Nec
604 3469 715 3540 mirum,
731 3471 840 3536 fratres,
854 3469 974 3543 iniquam
985 3485 1063 3526 mor·
1116 3476 1145 3531 et
1160 3474 1383 3532 cdooeiafinotitt
1393 3473 1576 3548 refriqcrium
1586 3469 1911 3543 (Psal.uxv,li).l'rans·

265 3571 403 3627 temesae,
419 3574 502 3633 quam
517 3559 1060 3633 generavitiniquitas:inconsideratam
1115 3558 1162 3616 ivit
1181 3562 1259 3633 plane
1273 3561 1394 3630 viriliter,
1424 3567 1451 3618 ot
1470 3561 1586 3618 feliciter
1607 3557 1791 3633 pertransivit.
1821 3557 1909 3616 Verus

268 3664 350 3720 quam
364 3651 487 3706 noscitur
501 3649 623 3706 seductio
653 3648 802 3721 peperisse.
832 3649 915 3719 Nihil,
939 3648 1060 3721 iuquam,
1114 3649 1243 3707 llehraaus
1256 3652 1358 3707 Pascha
1373 3650 1516 3708 celebravit
1527 3649 1556 3705 in
1567 3649 1675 3720 spiritu,
1694 3659 1722 3705 et
1735 3646 1813 3705 uobis
1823 3649 1909 3704 trans-

265 3741 374 3800 mirum,
389 3739 412 3794 si
426 3737 487 3795 ferit
501 3737 559 3793 sine
573 3737 747 3805 discretione,
769 3753 830 3811 quae
852 3739 926 3796 veuit
941 3754 972 3794 es
988 3755 1061 3811 pvae-
1114 3739 1172 3796 iaus
1190 3739 1370 3812 loquebatur:
1393 3739 1534 3798 Desiderio
1562 3737 1714 3796 desideravi
1739 3739 1791 3793 boc
1809 3737 1909 3794 Pascha

265 3825 426 3884 varicatione
438 3847 446 3898 3
462 3828 485 3883 si
501 3827 536 3884 sit
550 3827 668 3882 crudelis
682 3835 710 3883 et
724 3826 804 3896 fatua,
827 3844 888 3900 qua
911 3844 944 3884 ex
959 3827 1060 3900 antiqui
1115 3829 1279 3887 manducare
1295 3829 1364 3901 apud
1375 3845 1434 3888 vos.
1450 3828 1583 3886 Transivit
1594 3844 1642 3900 per
1655 3827 1748 3904 ignem
1762 3835 1789 3884 et
1802 3841 1907 3900 aquam,

263 3917 397 3988 serpentis
423 3915 541 3984 fallacis,
570 3923 598 3971 et
625 3916 746 3973 mulieris
770 3915 927 3988 insipientia
949 3915 1060 3990 prodiit.
1112 3935 1194 3990 quern
1208 3935 1259 3976 uec
1278 3919 1366 3977 tristia
1379 3918 1515 3996 frangere,
1538 3933 1590 3977 uec
1607 3917 1727 3976 detinere
1742 3917 1834 3975 mollia
1852 3929 1932 3990 po-·

263 4004 333 4076 Quid
349 4019 436 4064 umen
451 4019 596 4063 causamur
609 4005 681 4076 quod
699 4005 854 4061 llslachiam
869 4023 934 4064 ausa
956 4005 991 4062 sit
1015 4012 1059 4062 st·
1114 4015 1234 4065 tuerunt.
1250 4009 1301 4065 Eat
1314 4008 1387 4066 enim
1409 4009 1534 4065 deorsum
1554 4024 1605 4064 uos
1632 4008 1719 4075 locus,
1746 4021 1826 4079 quem
1854 4004 1908 4062 sihi

262 4103 378 4166 tentare,
402 4095 483 4152 fidele
498 4095 623 4169 equidem
650 4094 802 4150 membrum
821 4095 929 4165 Christi,
951 4094 1059 4168 quaudo
1113 4103 1197 4154 totum
1212 4097 1330 4155 vindicat
1344 4097 1428 4172 ignis,
1443 4098 1510 4154 adeo
1529 4105 1558 4153 ut
1580 4112 1614 4154 ue
1633 4095 1771 4151 minimam
1798 4093 1908 4168 quidem

262 4194 290 4242 et
304 4188 392 4259 ipsum
407 4183 547 4243 blalachiaa
558 4182 659 4255 pariter
673 4190 700 4239 et
716 4183 838 4240 omnium
853 4185 1002 4242 electorum
1013 4199 1057 4240 ca·
1111 4203 1187 4259 aquae
1202 4193 1305 4260 guttam
1320 4187 1353 4244 de
1367 4187 1461 4244 Lazari
1476 4185 1561 4260 digito
1589 4185 1671 4242 misor
1697 4185 1744 4241 ille
1770 4183 1847 4240 dives
1870 4183 1909 4239 ihf

261 4281 312 4350 put
326 4274 470 4332 furibunde
483 4273 618 4346 pervasit?
642 4273 762 4330 Pervasit
784 4273 875 4345 utique
897 4273 1056 4341 immunem,
1111 4276 1210 4333 hahere
1223 4276 1353 4350 potuerit.
1378 4277 1429 4334 Est
1448 4284 1475 4333 et
1497 4292 1606 4332 sursum
1624 4274 1719 4332 civitas
1745 4274 1806 4345 Dei,
1826 4287 1908 4347 wem

262 4367 311 4422 scd
326 4381 379 4422 uon
402 4363 531 4419 immunis
545 4361 641 4420 evasit.
657 4362 771 4438 lmpogit
785 4362 814 4417 iu
829 4361 910 4418 vitam
924 4380 1009 4432 mora,
1030 4373 1056 4420 et
1073 4407 1096 4486 n
1111 4365 1232 4422 latificat
1244 4365 1364 4423 fluminis
1377 4365 1504 4438 impetus,
1528 4364 1673 4438 voluptatis
1703 4371 1817 4433 torrens,
1839 4361 1907 4418 calix

261 4453 369 4514 inclusit
383 4453 453 4511 intra
472 4469 501 4510 se
516 4451 572 4509 vita
590 4461 717 4520 mortem,
733 4462 760 4509 et
786 4453 912 4524 absorpta
926 4461 968 4510 est
982 4468 1057 4509 mors
1112 4455 1248 4513 inebrians
1262 4454 1502 4528 quampraeolarus.
1526 4455 1558 4511 lu
1576 4454 1629 4510 hoc
1651 4467 1718 4509 sane
1744 4451 1832 4534 medio
1845 4451 1908 4508 honi

262 4545 354 4604 avita.
384 4544 497 4600 hamum
525 4541 578 4598 sihi
606 4541 749 4614 devorans,
764 4539 828 4599 inde
855 4543 941 4600 teneri
964 4543 1057 4616 coepit,
1111 4552 1139 4601 et
1154 4545 1216 4601 mali
1231 4545 1344 4602 scientia
1361 4545 1526 4616 continetur,
1540 4549 1569 4600 et
1583 4541 1731 4614 voluptatis
1754 4549 1781 4598 et
1796 4540 1908 4598 tribula·

261 4637 333 4694 uude
347 4636 404 4691 visa
418 4645 460 4690 eat
476 4633 606 4700 tenuisse,
1110 4634 1192 4693 tionis
1203 4634 1249 4692 hic
1271 4650 1369 4708 capere
1384 4641 1426 4690 est
1447 4632 1672 4706 experimentum.
1691 4629 1785 4688 Infelix
1807 4630 1863 4688 Eva
1878 4629 1907 4685 iu

297 4726 325 4782 i.
336 4727 372 4782 At
392 4724 504 4781 fortasse
518 4723 581 4795 quis
595 4719 684 4778 dicat:
699 4719 841 4791 Quomodo
855 4736 930 4779 mors
943 4720 1057 4794 scopite
1109 4724 1159 4780 has
1173 4723 1372 4786 vicissitudines
1384 4723 1556 4780 nosiuduxit.
1572 4722 1622 4777 llic
1632 4722 1712 4794 plane
1722 4718 1817 4777 dieset
1830 4734 1905 4776 nox:

260 4824 388 4886 superata
402 4812 519 4878 videtur,
533 4827 595 4885 quac
609 4818 683 4892 tauta
696 4811 784 4868 adhuc
798 4811 921 4868 libertate
940 4809 1016 4869 saevit
1028 4811 1055 4866 in
1109 4829 1171 4869 uam
1188 4813 1217 4871 in
1236 4813 1342 4870 inferno
1356 4820 1459 4870 tantum
1473 4827 1537 4879 nox,
1553 4819 1580 4870 et
1593 4811 1621 4867 iu
1636 4810 1706 4868 coelo
1720 4813 1823 4867 mulum
1837 4807 1906 4867 dies.

260 4902 411 4959 membra?
426 4902 454 4958 Si
463 4918 536 4958 mors
551 4909 667 4974 mamus,
681 4901 819 4972 quomodo
834 4900 991 4957 Malachiam
1007 4916 1054 4956 oc·
1108 4903 1189 4959 beata
1205 4903 1319 4975 proinde
1333 4901 1424 4958 aalma
1437 4917 1499 4974 quae
1518 4913 1665 4974 utrumque
1685 4899 1844 4971 pertransit,
1860 4913 1910 4954 neo

260 4991 350 5052 oiditl
364 4995 388 5048 ai
401 4993 482 5063 victa,
500 4992 638 5064 quomodo
657 4991 746 5049 adhuc
760 4991 886 5065 praevslet
902 4989 1034 5047 universis
1043 5010 1053 5059 ;
1107 4991 1237 5064 voluptati
1252 4993 1399 5060 inhaerens,
1410 5007 1459 5048 uec
1471 4990 1598 5049 deficiens
1608 4990 1636 5047 iu
1652 4989 1837 5047 tribulatione.

258 5094 286 5141 et
312 5084 520 5140 nonesthomo
535 5080 677 5154 quivitat,
692 5080 892 5136 etnonvidoat
916 5081 1053 5137 mortem?
1144 5083 1171 5138 6.
1189 5082 1312 5140 Breviter
1329 5081 1505 5140 vobisunum
1520 5081 1630 5152 aliquod
1656 5095 1690 5137 ex
1717 5077 1809 5136 multia
1825 5077 1912 5148 hujus

259 5173 341 5232 Victa
363 5173 442 5245 plane
463 5187 548 5244 mors,
572 5185 641 5242 opus
665 5167 776 5239 diaboli,
793 5177 820 5224 et
833 5167 934 5240 peccati
948 5184 1052 5243 poeua;
1106 5171 1158 5228 viri
1172 5170 1324 5245 magnificis
1337 5171 1442 5228 actibus
1455 5170 1571 5228 arbitror
1593 5169 1775 5235 referendum,
1799 5167 1827 5222 iu
1855 5181 1911 5236 quo

257 5265 356 5324 rictum
371 5272 608 5336 peccatum,ceusa
631 5257 747 5324 morast
773 5256 859 5315 victus
870 5265 898 5314 et
916 5257 1052 5334 malignus
1106 5271 1217 5319 strenue
1233 5261 1300 5318 satis
1314 5268 1342 5318 et
1355 5260 1459 5336 ignem,
1476 5268 1503 5316 et
1518 5275 1614 5332 aquam
1635 5257 1756 5316 noscitur
1768 5265 1909 5329 pertrans·

257 5358 327 5428 ipse,
342 5362 369 5410 et
388 5354 493 5429 peccati
507 5360 611 5417 auctor,
631 5356 657 5406 et
682 5345 787 5406 mortis.
813 5347 870 5404 Nec
889 5347 970 5404 modo
985 5349 1052 5407 victa
1105 5345 1168 5408 isse.
1197 5351 1288 5424 Magni
1311 5349 1385 5406 illins
1408 5348 1521 5406 Patricii
1539 5349 1758 5406 lliherniensfum
1790 5345 1909 5420 apostoli

262 5452 328 5503 sunt
347 5447 415 5514 haec,
431 5443 479 5500 sed
501 5450 528 5499 et
540 5440 659 5512 judicata
672 5435 768 5508 jamet
787 5434 1051 5493 damnatabefinita
1104 5442 1198 5499 sedeur
1226 5441 1459 5513 metropolitanam
1489 5439 1631 5512 tyrannica
1667 5437 1719 5494 sibi
1748 5434 1908 5511 progenies,

256 5535 377 5608 quidem,
387 5533 436 5591 sed
450 5533 573 5590 nondum
588 5527 759 5601 promulgata
773 5525 906 5583 saumatis
916 5537 967 5582 est.
994 5527 1050 5583 fle-
1104 5531 1290 5589 successionis
1311 5529 1406 5588 ordine
1425 5544 1520 5586 creans
1537 5526 1768 5601 archiepiscopos,
1785 5523 1909 5583 vindica·

258 5626 341 5698 nique
349 5627 404 5698 jam
417 5623 529 5682 diabolo
551 5619 622 5694 ignis
636 5626 758 5690 paratus,
782 5616 834 5674 etsi
865 5616 985 5676 noudum
1003 5617 1048 5676 ille
1102 5620 1159 5695 hat,
1174 5619 1330 5678 haereditate
1344 5618 1488 5692 possidens
1502 5618 1686 5674 sanctuarium
1705 5615 1767 5672 Dei.
1791 5614 1915 5686 Rogatus

255 5714 439 5792 precipitatus
457 5713 486 5770 iu
499 5712 602 5786 ignem,
622 5707 730 5767 modico
743 5705 831 5768 adhuc
845 5711 966 5781 tempore
981 5708 1046 5764 sini·
1103 5709 1194 5784 itaque
1215 5725 1232 5766 a
1250 5707 1376 5768 fidelibus
1402 5705 1547 5766 llalsohias
1572 5713 1676 5781 notor,
1705 5711 1737 5767 ut
1755 5701 1837 5764 ands
1849 5715 1914 5760 sese
