3996 6350
215 345 255 421 'tl
947 343 1129 417 rnsrrno.
1825 349 1872 411 ,ς
1981 325 1983 392 ι

216 483 286 551 sino,
302 503 315 536 ι
330 477 477 554 appulisse,
494 494 553 536 sac
565 478 705 536 deindoin
719 479 959 537 claram-Vallem.
972 478 1081 536 cerum
1091 479 1156 535 inde
1172 485 1323 536 oromatum
1343 491 1373 532 se
1394 474 1460 531 dicit
1476 475 1532 531 rin
1551 471 1620 530 ines
1641 481 1751 542 terrm»
1772 475 1867 533 recla-

215 577 306 628 manre
319 568 529 627 scilicetabbme
546 567 736 624 arremarensi
751 563 852 638 (Gui'do
866 569 962 624 iserat
970 585 978 638 ;
993 569 1072 639 cujas
1081 575 1179 643 rogatu
1197 566 1324 623 cilicium*
1334 565 1370 621 de
1385 570 1479 620 sancto
1494 561 1602 620 Victore
1616 562 1772 620 bmnardus
1785 573 1868 621 com-

214 655 313 732 posuit)
328 657 374 731 qui
389 656 479 729 ipsum
494 656 565 713 ione
580 656 609 711 in
622 655 767 729 quemdam
783 656 932 728 prioratum
945 656 1075 724 retrusit,·
1090 656 1163 712 uude
1179 657 1228 711 has
1241 654 1346 711 litteras
1360 652 1468 723 scripsit
1481 651 1609 708 Nicolaus
1624 650 1792 724 impatientis
1803 653 1866 710 voti

213 748 323 820 plenas3
335 753 417 819 atque
432 745 501 802 alias
513 746 548 801 ad
558 744 752 812 Fromuudam,
766 761 834 818 quas
849 761 900 818 per
913 746 1057 818 quemdam
1078 745 1219 816 clericum,
1234 739 1280 816 qui
1304 755 1399 799 secum
1422 740 1520 797 eodem
1545 755 1574 796 se
1590 749 1744 813 receperat,
1770 749 1865 798 traus-

214 836 295 893 misit.
311 836 342 890 ln
356 834 441 908 priori
455 834 665 891 adcauclremm
679 834 794 906 epistola
815 835 939 910 depingit
963 835 1030 891 sese
1053 835 1080 890 iu
1104 835 1176 891 hunc
1199 833 1319 890 modum.
1352 851 1367 884 a
1387 831 1443 886 Sub
1467 828 1567 900 pannis
1585 828 1744 886 hurrrilitatls
1762 830 1867 888 christi

212 925 316 980 intrans
330 930 358 981 et
372 923 479 994 exiens,
493 923 521 978 in
535 923 703 994 voluptatum
718 922 855 998 gurgitem
871 923 1010 989 saliebam,
1026 928 1056 980 et
1070 923 1105 980 de
1120 920 1281 994 patrilnonio
1290 916 1425 983 crucifixi,
1442 917 1477 973 de
1492 916 1581 990 pretio
1594 916 1737 976 vulnerum
1751 919 1864 976 Domini

213 1012 276 1080 mei,
286 1024 341 1069 uon
355 1010 446 1069 solum
457 1011 529 1068 intra
543 1011 735 1082 sanctuarium,
751 1012 889 1070 sedetiam
904 1011 976 1068 iutra
989 1019 1083 1068 sanem
1095 1018 1263 1075 'sanmomm
1282 1008 1444 1065 monachum
1460 1005 1519 1062 sine
1533 1006 1641 1081 regula,
1664 1007 1862 1080 presbyterum

211 1101 272 1158 siue
287 1100 447 1158 ravemntla·
454 1100 630 1157 exhibebam.
650 1099 853 1158 cicomariam
869 1101 941 1157 enim
957 1100 1058 1157 curiam
1078 1098 1211 1157 curiosius
1224 1097 1285 1154 iens
1298 1103 1325 1155 et
1341 1095 1450 1152 rediens
1470 1095 1522 1166 (ιι).
1541 1094 1663 1152 feceram
1677 1097 1742 1152 milri
1757 1103 1863 1153 nomeu

212 1189 328 1265 grande
342 1190 420 1262 justa
434 1195 534 1246 nomeu
548 1203 710 1262 magnorum
724 1189 771 1261 qui
786 1189 890 1246 suntin
905 1189 985 1246 terris
1000 1207 1007 1242 ι
1025 1196 1054 1245 ct
1067 1187 1095 1244 in
1114 1187 1188 1245 omni
1207 1185 1262 1244 rita
1276 1198 1338 1242 mee
1351 1199 1404 1241 nec
1418 1198 1472 1240 uua
1487 1183 1530 1241 die
1543 1183 1695 1242 nrisseme
1708 1185 1832 1243 memim.
1846 1205 1859 1237 s

211 1279 276 1335 Htec
289 1278 334 1334 ille
349 1277 472 1334 modeste
487 1277 606 1350 quidem,
618 1277 641 1332 si
652 1293 686 1334 ex
700 1277 790 1334 animo
804 1277 926 1350 protulit.
1764 1349 1766 1352 Ι

247 1367 379 1423 XXXIX.
394 1367 509 1422 Domum
523 1366 669 1423 concordia
683 1365 739 1436 (sic
750 1365 842 1422 titulus
856 1373 884 1422 et
898 1372 1088 1442 argumentum
1103 1371 1146 1421 est
1159 1364 1282 1436 epistole
1296 1363 1342 1435 ιιι)
1361 1379 1422 1420 cum
1434 1361 1533 1419 abbate
1552 1377 1602 1419 suo
1626 1362 1701 1429 inita,
1726 1363 1862 1420 admissus

211 1456 239 1512 iu
255 1454 541 1512 claram-Vallemest
555 1463 610 1510 nna
624 1469 685 1510 cum
700 1452 858 1513 'l'lieobaldo
872 1454 975 1526 priore,
996 1464 1079 1528 quem
1097 1460 1193 1525 postea
1217 1452 1282 1509 iude
1309 1467 1452 1525 egressum
1472 1451 1571 1507 trustra
1594 1465 1729 1508 revocare·
1745 1459 1861 1508 conatur

212 1544 326 1617 epistola
339 1545 367 1599 θ’.
383 1543 533 1602 conversio
550 1544 608 1600 haee
622 1542 789 1601 brocardum
802 1560 852 1601 seu
874 1543 1069 1614 burchardum,
1093 1542 1288 1599 calamensem
1306 1541 1497 1599 cisterciensis
1518 1540 1635 1596 instituti
1664 1540 1802 1608 abbatom,
1823 1541 1859 1596 ad

210 1631 261 1689 sibi
275 1632 518 1706 mugramlaudum
541 1631 679 1700 ιιιιοιιιιιι,
704 1633 804 1707 scripta
817 1634 868 1691 bac
888 1634 924 1690 de
941 1632 1112 1704 saepicule,
1138 1631 1209 1704 apud
1237 1629 1378 1688 modium
1402 1645 1484 1702 nona,
1500 1629 1527 1684 ιιι
1547 1621 1601 1702 qua
1621 1631 1680 1686 haec
1703 1629 1856 1704 leguntur:

212 1720 342 1779 «Gratias
352 1735 404 1796 ago
417 1721 487 1790 Deo,
501 1735 571 1780 nora
587 1720 698 1779 sementi
712 1723 813 1790 omnia,
833 1737 883 1794 pro
899 1737 969 1779 noro
983 1716 1104 1778 mirabili·
1123 1721 1158 1777 d'c
1171 1721 1357 1778 immutatione
1367 1718 1570 1776 uorsiunorati
1590 1717 1703 1775 Nicolai.
1720 1717 1771 1788 Qui
1792 1717 1859 1776 lecit

209 1809 301 1868 album
316 1810 351 1868 de
370 1810 460 1887 nigro,
475 1825 575 1869 norum
589 1811 654 1884 quid
668 1811 731 1868 iecit
746 1818 775 1868 et
788 1811 912 1867 mirabile
925 1808 988 1867 :sed
1003 1813 1055 1867 lico
1076 1809 1227 1867 mirabilius
1250 1809 1322 1864 iuter
1339 1809 1431 1865 omnia
1453 1822 1533 1876 nova,
1559 1805 1638 1880 quod‘
1652 1807 1688 1864 de
1711 1807 1766 1863 tali³
1777 1797 1866 1880 nigro‘

209 1897 264 1955 tale
277 1897 368 1956 album
381 1899 483 1956 iactum
498 1907 550 1957 est.
561 1899 613 1956 »Hi
632 1899 759 1956 nimirum
774 1898 997 1956 cisterciensium
1015 1898 1128 1971 plausus
1147 1897 1270 1955 erantdo
1282 1898 1329 1955 tali
1345 1897 1494 1969 proselyto.

244 1987 303 2044 XL.
319 1987 373 2044 Vix
386 1987 414 2044 iu
429 2003 524 2046 eorum
539 1987 663 2044 sodalitio
676 1987 851 2044 conlimratus
864 1995 933 2055 erat,
950 2003 1012 2044 cum
1044 1987 1142 2044 notari
1167 1986 1287 2044 oii'rcirtm
1315 1986 1366 2058 ipsi
1390 1985 1562 2043 commissum
1580 1990 1632 2040 est.
1656 1985 1750 2041 Plures
1777 1993 1860 2041 erant

208 2075 342 2131 barnardi
357 2076 456 2133 notarii
477 2076 513 2133 ob
535 2077 611 2132 varia
637 2089 698 2149 quae
720 2075 836 2133 subinde
865 2075 893 2132 in
912 2075 1001 2149 ipsum
1025 2075 1218 2133 referebantur
1243 2074 1364 2148 nogotia.
1381 2073 1541 2146 Principum
1564 2081 1624 2129 erat
1640 2072 1797 2142 (laufridus,
1813 2073 1856 2130 cui

209 2164 353 2235 adjunctus
373 2164 422 2221 luit
437 2165 574 2222 Nicolaus.
591 2163 639 2220 llir
650 2165 685 2220 de
699 2179 814 2221 munere
832 2163 884 2220 sibi
898 2164 1073 2233 demandato,
1086 2167 1251 2234 ausincero,
1268 2163 1445 2237 conqueritur
1462 2162 1577 2236 epistola
1600 2166 1643 2228 ιιι,
1654 2163 1688 2217 ad
1708 2164 1855 2235 quemdam

209 2251 313 2310 meum
323 2253 565 2310 lmamarensem:
588 2253 656 2309 «Tu
670 2253 724 2310 scis
746 2253 809 2325 quia
832 2253 905 2310 inter
930 2253 1054 2311 homines
1072 2269 1143 2324 sum,
1169 2252 1316 2325 inquibus
1334 2252 1409 2324 viget
1431 2250 1581 2322 discipline
1599 2266 1724 2318 censura,
1749 2265 1857 2308 morum

209 2341 340 2416 gravitas,
355 2341 499 2398 maturitas
513 2340 699 2408 consiliorum,
712 2341 879 2399 auctoritatis
893 2342 1009 2414 pondus,
1025 2340 1215 2400 taciturnitatis
1230 2340 1347 2414 insigne.
1363 2339 1531 2396 Noloautem
1545 2339 1625 2413 argui
1645 2339 1855 2411 singularitatis,

209 2435 238 2484 ut
252 2444 313 2484 cum
327 2429 367 2484 illi
380 2436 487 2496 vacent,
503 2436 531 2485 et
545 2429 662 2487 videant·
672 2430 801 2503 quoniam
815 2431 875 2502 ipse
889 2437 931 2486 est
945 2431 1028 2496 Deus,
1045 2445 1097 2504 eqo
1111 2429 1209 2502 stylum
1225 2437 1253 2486 et
1268 2429 1373 2486 tabulas
1387 2429 1535 2497 revolvam,
1554 2435 1584 2484 ut
1599 2427 1718 2485 revolem
1737 2428 1772 2483 ad
1786 2429 1856 2500 plra-

206 2517 278 2572 lorus
285 2516 454 2592 gloriamque
467 2518 624 2576 verborum.
639 2517 742 2574 Tamen
756 2535 772 2574 a
786 2519 911 2575 custodia
925 2519 1057 2574 matutina
1077 2517 1210 2591 usquead
1226 2526 1334 2574 noctem
1353 2516 1421 2573 nihil
1435 2518 1508 2573 aliud
1522 2516 1604 2573 facio.
1614 2519 1674 2573 Nou
1700 2515 1753 2571 illis
1766 2516 1856 2589 impu-

206 2611 285 2673 tetur,
294 2605 339 2677 qui
355 2605 419 2660 mibi
430 2605 480 2663 boc
495 2606 587 2663 oneris
606 2605 844 2677 imposuerunt,et
856 2615 1062 2679 posuerurtme
1076 2605 1164 2664 surita
1175 2607 1297 2663 scribere
1310 2614 1338 2662 ot
1348 2607 1502 2662 rescribere
1516 2605 1616 2663 multis.
1637 2625 1649 2656 s

241 2693 311 2748 XLl.
331 2693 361 2747 ln
376 2691 428 2747 alia
443 2693 568 2765 epistola,
586 2709 686 2766 nempe
702 2698 748 2761 35,
763 2696 822 2766 ipse
844 2694 1071 2768 «scriptoriolum
1089 2715 1100 2744 ι
1118 2711 1199 2750 suum
1214 2694 1348 2750 describit
1360 2695 1412 2750 hoc
1421 2695 1513 2750 modo.
1528 2712 1542 2745 ι
1556 2693 1679 2750 Estmilri
1694 2694 1854 2766 scriptorio-

205 2781 260 2836 lum
274 2780 302 2836 in
312 2795 374 2835 mea
393 2779 576 2847 clara-Valle,
592 2781 722 2837 vallatum
736 2781 856 2852 undique
871 2779 988 2838 cilicinis
1003 2780 1162 2838 coelestibus
1176 2789 1204 2836 et
1222 2779 1374 2838 celantibus
1392 2781 1467 2836 illud.
1487 2781 1594 2838 Ostium
1613 2783 1673 2853 ejus
1688 2783 1810 2854 aperitur
1825 2784 1854 2838 ιιι

205 2866 302 2925 cellam
317 2867 493 2936 novitiorum,
507 2867 555 2924 ubi
569 2867 700 2942 frequens
709 2867 897 2926 numerositas
907 2877 962 2927 tam
980 2865 1122 2940 nobilium,
1139 2867 1426 2940 quamliaerarolum,
1452 2885 1551 2926 novum
1576 2870 1712 2927 hominem
1736 2871 1764 2926 in
1776 2872 1855 2929 novi-

205 2963 261 3013 tate
273 2955 335 3014 vire
349 2955 534 3028 parturiunt...
554 2957 689 3013 adextra
701 2961 779 3029 parte
792 2959 939 3016 claustrum
949 2959 1141 3014 monachorum
1152 2959 1295 3024 excrescit,
1313 2958 1359 3013 ubi
1383 2957 1505 3013 floridior
1519 2957 1565 3015 ille
1586 2966 1737 3016 conventus
1756 2960 1855 3015 obam-

205 3044 313 3101 bulat...
330 3044 369 3100 lbi
382 3044 534 3102 dirinmum
548 3041 718 3116 eloquiorum
732 3045 815 3101 libros
829 3047 880 3102 sub
900 3045 1116 3120 castigatissima
1128 3045 1271 3118 drsciplina
1286 3045 1445 3118 singillatim
1459 3047 1595 3118 aperiunt,
1611 3062 1667 3103 uou
1690 3056 1718 3104 ιιι
1740 3049 1851 3104 eventi-

204 3133 262 3189 lent
276 3134 419 3190 thesauros
434 3133 553 3191 scientie
567 3149 634 3201 suae,
649 3135 738 3191 sedut
752 3133 936 3206 dilectionem,
952 3133 1191 3207 compunctionem
1201 3135 1323 3203 eliciant,
1344 3141 1372 3190 et
1386 3135 1570 3192 devotionem.
1586 3137 1608 3190 A
1628 3136 1698 3192 'leva
1719 3137 1854 3208 prominet

205 3221 302 3279 domus
316 3230 345 3279 et
358 3221 602 3281 deambulatorium
624 3222 804 3290 infirmorum,
828 3224 876 3279 ubi
900 3239 1015 3295 corpora
1036 3223 1187 3296 disciplinis
1206 3222 1380 3296 regularibus
1403 3224 1503 3282 lassata
1522 3231 1604 3296 atqua
1628 3233 1765 3296 quassata,
1786 3225 1874 3281 cibis·-

204 3308 363 3366 lautioribus
378 3309 552 3367 rolovontrrr:
569 3312 658 3369 donec
673 3311 717 3369 rel
728 3321 833 3380 sanata,
849 3311 892 3368 rel
906 3311 1047 3368 meliorata
1064 3313 1189 3370 revolem
1208 3311 1241 3367 ad
1257 3311 1439 3369 laborantium
1463 3321 1491 3368 et
1510 3313 1644 3370 orantium
1659 3329 1782 3387 gregem,
1804 3315 1852 3386 qui

204 3399 260 3456 rim
271 3398 374 3456 iaciunt
388 3415 474 3474 regno
488 3401 628 3469 caelorum,
638 3404 667 3456 et
684 3401 819 3459 violenter
833 3399 940 3474 rapiunt
952 3401 1031 3458 illud.
1047 3401 1104 3458 Nec
1119 3400 1352 3458 contemnendam
1367 3410 1447 3473 putes
1465 3401 1655 3458 domunculam
1670 3417 1774 3462 meam:
1789 3404 1853 3477 quia

203 3495 232 3544 et
243 3487 431 3546 desiderabilis
446 3496 489 3546 est
503 3490 537 3546 ad
551 3487 689 3562 allectum,
706 3497 734 3548 et
743 3491 912 3547 delectabilis
926 3490 960 3546 ad
975 3495 1129 3562 aspectum,
1153 3499 1180 3545 et
1195 3489 1360 3546 reclinabilis
1378 3490 1413 3545 ad
1437 3503 1586 3548 secessum.
1606 3493 1689 3549 Plena
1716 3499 1759 3548 est
1776 3493 1852 3548 lrbris

203 3575 374 3632 electissimis
386 3585 418 3633 et
429 3577 530 3635 divinis
541 3595 550 3646 ς
560 3577 595 3634 ιιι
606 3593 721 3651 quorum
734 3580 882 3650 jucundam
896 3579 1108 3651 inspectionem,
1125 3577 1331 3650 despectionem
1339 3579 1482 3635 mundane
1492 3580 1571 3650 hujus
1585 3580 1712 3637 vanitatis
1719 3595 1849 3654 agnosco,

200 3664 377 3721 considerans
391 3666 455 3737 quia
469 3667 574 3722 multas
588 3667 746 3734 vanitatum,
763 3675 790 3725 et
804 3669 895 3724 omnia
907 3669 1030 3734 vanitas3
1047 3672 1075 3722 et
1094 3665 1157 3738 quia
1176 3663 1295 3722 nihil'est
1310 3669 1411 3725 vanius
1421 3668 1553 3724 'vanitate
1571 3669 1635 3724 llaec
1657 3668 1723 3724 milri
1744 3669 1844 3724 tradita

204 3761 248 3808 est
260 3753 298 3808 ad'
310 3751 469 3825 legendum,
486 3751 719 3827 adscribendum,
739 3771 772 3813 ac
787 3757 954 3826 dictandum,
976 3769 1009 3810 ac
1031 3754 1230 3825 meditandum,
1252 3756 1288 3810 ad
1308 3755 1441 3811 orandum
1464 3762 1492 3812 et
1513 3755 1681 3814 adorandum
1706 3757 1850 3814 Dominum

203 3837 397 3911 majestates
417 3839 598 3916 Nequerero
620 3845 712 3900 solum·
727 3843 803 3900 libris
825 3839 1025 3908 describendis,
1047 3843 1096 3898 sed
1111 3842 1193 3898 etium
1218 3843 1401 3916 transigendis
1428 3843 1548 3918 negotiis
1575 3846 1689 3902 vacabat
1714 3845 1849 3912 Nicolaus,

203 3933 322 3986 testante
334 3930 447 4001 epistola
466 3931 510 3999 lc,
526 3932 560 3987 ad
586 3933 696 3989 Petrum
714 3932 876 4001 cellensem,
899 3932 946 3988 oui·
965 3931 1037 3988 inter
1061 3931 1113 3985 alia
1127 3932 1165 3985 ita
1186 3929 1299 3986 scribiti
1324 3931 1412 3988 ‹llaec
1432 3930 1490 4004 tibi,
1511 3931 1659 3990 amicorum
1686 3934 1871 4000 dulcissimc,'

204 4016 299 4074 saltem
307 4017 425 4074 saltatim
440 4019 550 4089 dictari,
566 4023 615 4094 qui
628 4022 808 4078 continuatim
823 4036 878 4077 non
894 4019 979 4092 potui,
1003 4019 1174 4075 trahentibus
1198 4028 1226 4075 et
1249 4020 1452 4077 retrahentibus
1467 4021 1587 4096 negotiis
1616 4023 1707 4079 multis
1723 4042 1731 4077 :
1760 4023 1807 4079 sed
1823 4031 1851 4080 et

201 4105 328 4164 manibus
341 4107 411 4163 mels
423 4107 530 4179 scripsi.
546 4103 650 4166 O'mnes
665 4108 738 4166 enim
748 4111 794 4182 qui
810 4107 1033 4179 lrabentnegotia
1047 4107 1161 4164 veniunt
1174 4108 1288 4164 adnos:
1307 4109 1355 4165 scd
1372 4117 1468 4181 et'ego
1488 4111 1561 4166 solos
1579 4127 1641 4167 cum
1658 4121 1752 4168 sancto
1766 4101 1850 4167 Jacob

201 4193 295 4252 dicere
309 4210 420 4268 possum
435 4211 443 4250 r
461 4198 493 4252 ln
505 4213 551 4255 me
560 4195 619 4255 ltoec
632 4198 729 4254 monio
739 4199 819 4254 molo
828 4195 1005 4254 'reciderunt
1018 4196 1100 4268 (cen.
1111 4211 1180 4263 xnrr,
1198 4197 1273 4269 136).

235 4275 319 4338 XLll.
334 4281 373 4339 lix
383 4281 426 4338 iris
440 4282 610 4356 intelligitur,
626 4283 765 4341 Nicolaum
782 4285 864 4342 etiam
879 4283 930 4341 sub
949 4298 980 4340 se
995 4284 1115 4340 notarios
1129 4284 1267 4353 habuisse,
1284 4298 1398 4357 quorum
1413 4298 1485 4342 uuus
1510 4294 1567 4344 erat
1591 4287 1722 4344 Girardus
1738 4288 1774 4344 dc
1799 4291 1850 4344 l‘e-

203 4383 281 4434 rona,
295 4369 399 4427 amicus
411 4372 474 4441 eius
482 4370 639 4445 singularis,
659 4372 842 4429 «individuus
857 4387 960 4443 comes,
977 4392 990 4425 ι
1009 4370 1098 4444 inquit
1116 4371 1143 4426 in
1155 4372 1270 4443 epistola
1284 4379 1327 4442 ιιι,
1355 4393 1368 4425 ι
1387 4373 1613 4447 scriptitationum
1637 4391 1769 4442 mearum,
1787 4397 1799 4426 ι
1821 4377 1850 4432 iu

201 4455 323 4530 pluribus
342 4457 402 4515 aliis
421 4458 543 4531 epistolis
557 4459 592 4515 ab
604 4459 665 4533 ipso
680 4455 814 4517 lauditus.
830 4459 928 4517 Eidem
946 4460 1062 4518 cirardo
1076 4467 1158 4534 atque
1172 4461 1289 4517 Hennoo
1301 4460 1384 4534 regiae
1393 4460 1485 4535 stirpis
1495 4465 1631 4520 inonaclro
1641 4463 1771 4537 epistolas
1785 4481 1850 4520 suas

200 4543 327 4604 Nicolaus
340 4547 399 4621 ipse
410 4549 584 4622 nuncuparit.

236 4633 331 4693 XLlll.
348 4635 491 4694 Libromm
505 4637 700 4694 commercium
710 4651 770 4694 cum
785 4639 866 4695 Petro
880 4636 997 4694 cellensi
1011 4635 1127 4709 aliisque
1142 4635 1276 4711 frequens
1298 4640 1426 4696 habebat.
1447 4641 1514 4710 Ejus
1538 4641 1648 4712 generis
1663 4649 1705 4698 eet
1732 4641 1848 4714 epistola

201 4724 246 4790 at,
263 4723 297 4778 ad
311 4724 465 4782 lmedaom
480 4725 638 4798 episcopum
653 4727 865 4793 causanensem,
882 4725 973 4799 inqua
996 4726 1178 4783 beelserba:
1204 4727 1309 4782 «liitto
1334 4728 1382 4783 tibi
1406 4727 1504 4784 librum
1523 4728 1644 4802 magistri
1672 4729 1792 4786 Auselmi
1810 4730 1847 4786 de

199 4809 301 4882 Spiritu
316 4821 421 4883 sancto,
437 4813 511 4871 boue
521 4817 690 4886 punctatum,
712 4813 764 4870 uisi
778 4813 864 4880 iallor,
876 4820 904 4870 et
926 4813 1137 4871 emendatum.»
1160 4815 1202 4870 lio
1225 4824 1317 4871 autem
1336 4815 1551 4886 pactolibrorum
1568 4817 1732 4889 exemplaria
1757 4826 1846 4874 trans·

204 4899 319 4956 mittere
332 4899 446 4968 solebat,
461 4908 491 4958 ιιι
507 4902 623 4959 remisso
636 4901 794 4974 exemplari,
809 4902 880 4959 aliud
895 4903 950 4960 sibi
965 4904 1118 4974 exemplum
1133 4903 1220 4974 qratia
1233 4903 1428 4960 remitteretur.
1451 4906 1492 4959 lta
1506 4905 1578 4960 enlm
1603 4905 1720 4978 postulat
1738 4909 1849 4964 aPetro

201 4985 322 5044 cellensi
339 4988 452 5060 epistola
468 4993 521 5047 st:
536 4992 582 5047 cui
598 5007 659 5048 oum
673 4991 733 5048 dno'
742 4991 872 5048 bernardi
884 4991 1023 5048 volumina
1035 4990 1242 5057 transmisisset,
1257 4991 1426 5058 sliestinate,
1440 5011 1452 5042 ι
1464 4991 1562 5066 inquit,
1576 5014 1589 5046 ι
1605 5001 1631 5050 et
1646 4996 1705 5051 lraec
1716 4994 1850 5051 festinau-

199 5083 248 5132 ter·
256 5076 419 5144 rescribere,
440 5086 470 5136 et
483 5080 647 5151 exemplaria
661 5079 788 5137 remittite
806 5080 892 5139 mihi:
908 5081 988 5137 etsie
1003 5080 1037 5136 ad
1051 5094 1120 5150 opus
1133 5095 1224 5135 meum
1234 5081 1387 5136 secuudum·
1399 5085 1507 5153 pactum
1520 5099 1611 5138 meum
1627 5083 1743 5139 rescribi
1755 5085 1847 5141 tacite.

200 5164 255 5220 Sed
269 5174 298 5220 et
310 5163 356 5221 illa
370 5183 432 5240 quae
450 5167 512 5222 misi
525 5169 613 5240 robis,
629 5177 657 5224 et
671 5169 802 5242 rescripta
816 5167 935 5240 illorum,
951 5169 1101 5224 secundum
1116 5169 1188 5238 quod
1208 5168 1308 5223 dictum
1328 5177 1380 5238 est,
1396 5169 1499 5226 mittite·
1513 5170 1587 5238 milri,
1599 5179 1628 5228 et
1645 5171 1739 5228 videte
1751 5180 1781 5228 ut
1796 5189 1850 5229 nec

197 5264 282 5308 unum
319 5254 373 5311 iota
387 5255 510 5325 perdam.
529 5277 540 5306 ι
555 5257 618 5314 llaec
635 5256 681 5314 ille
695 5258 728 5314 ad
742 5259 861 5314 Petrum.
877 5257 921 5312 Ab
935 5255 994 5311 aliis
1008 5257 1090 5312 etiam
1103 5255 1219 5312 subinde
1232 5257 1316 5312 libros
1330 5265 1423 5314 mutuo
1438 5261 1613 5330 exposcebat,
1628 5267 1658 5315 ut
1673 5277 1688 5315 a
1703 5262 1784 5318 Petro
1796 5260 1852 5316 de—

200 5355 269 5397 cauo
282 5341 413 5399 Tracensi
429 5343 552 5415 epistola.
573 5349 626 5402 l‘l:
646 5368 657 5398 ι
676 5346 811 5419 Epistolus
826 5345 928 5402 domini
952 5344 1167 5401 cenomanensis
1191 5345 1299 5401 remitte
1313 5347 1402 5413 nobis,
1417 5349 1480 5421 quia
1495 5350 1619 5405 volumus
1642 5363 1689 5404 eas
1713 5349 1852 5405 transcri-

240 5589 363 5661 lbpalide
373 5593 450 5649 rou.
467 5593 570 5651 leuen
577 5595 627 5651 lib.
642 5611 673 5651 rr.
689 5555 771 5667 epist.
789 5596 834 5664 ic,
848 5602 881 5650 et
895 5593 942 5649 lib.
964 5607 1007 5662 ιιι,
1022 5593 1104 5664 epist.
1119 5595 1147 5648 i.
