4118 6346
266 475 319 534 bb'i
729 468 759 527 S.
778 467 955 526 satutant
973 463 1118 524 tubanis
1133 457 1458 524 mamistiensis
1863 453 1916 510 tet

264 595 393 670 pientius,
407 590 451 648 cui
469 605 526 649 aen
538 605 603 649 earo
618 599 646 649 et
668 592 790 668 sanguis,
814 592 865 649 sed
878 592 961 649 Pater
973 592 1020 666 qni
1032 592 1061 647 in
1078 603 1103 684 g
1119 588 1288 662 coinquinati
1301 593 1364 646 sunt
1377 603 1437 645 cum
1456 583 1580 650 mortuis,
1599 579 1721 654 deputati
1735 593 1797 638 oum
1810 577 1853 634 his
1867 577 1916 650 qui

266 683 342 742 coalia
355 687 408 750 est,
423 679 583 752 sapientiam
598 681 682 748 illam,
697 697 758 754 quaa
777 682 812 738 de
827 681 903 738 coelis
917 688 968 748 est,
980 681 1061 738 multa
1117 680 1146 736 in
1160 680 1348 738 infernosnat.

265 771 391 845 largitate
404 768 532 827 revelarit
545 769 624 842 (itali
639 769 1063 841 LibentissimePaulurnseqaor,
1153 774 1181 826 o.
1197 771 1259 825 Non
1283 776 1342 825 erat
1356 767 1394 823 ita
1416 764 1551 823 solitarias
1577 761 1634 828 illo,
1658 761 1694 818 de
1721 767 1777 834 quo
1805 766 1916 814 sanctus

266 861 313 934 qui
327 876 383 933 prae
401 857 483 916 nimia
498 857 643 914 dulcedine
657 859 732 932 luget
746 858 853 932 eosqui
872 866 1063 931 peccauerunt,
1116 858 1249 915 ieremias
1265 856 1302 913 ait
1315 876 1320 915 :
1334 859 1442 914 Donum
1450 857 1567 921 csteiro,
1577 869 1643 910 cnm
1651 851 1808 926 portaverit
1813 850 1916 922 jupam

267 951 370 1007 et‘nen
388 954 505 1020 egerunt
519 947 705 1019 poeaitentiam
720 946 761 1020 (tl
775 948 835 1004 Ger.
855 962 907 1016 xrr,
931 948 993 1019 att:
1018 946 1065 1020 qui
1119 947 1153 1002 ob
1167 947 1357 1004 adobsmctie
1371 961 1433 1002 seo.
1459 943 1566 1002 Sedebit
1585 943 1738 1006 solitariae,
1759 943 1787 995 et
1805 937 1915 1004 tacebit,

268 1037 364 1095 fortior
377 1045 419 1094 est
433 1039 506 1094 omni
527 1036 679 1108 principata
704 1042 731 1092 et
752 1042 886 1107 potestate
901 1037 991 1108 (Rom.
1004 1050 1064 1102 vrrr,
1119 1036 1186 1108 quic
1202 1035 1304 1093 tenerit
1318 1051 1345 1092 sc
1359 1050 1443 1105 super
1458 1049 1486 1089 se
1506 1033 1667 1102 (fircera,
1683 1032 1728 1096 at,
1744 1029 1802 1096 28).
1817 1025 1855 1082 llli
1869 1041 1917 1082 er·

269 1127 335 1200 iil:
351 1127 397 1200 qui
410 1125 571 1200 sapientiam
586 1133 613 1182 et
625 1125 773 1182 medullam
787 1139 925 1182 sacrorum
936 1140 1065 1182 sensuum
1119 1130 1258 1190 naverunt,
1273 1122 1323 1179 sed
1343 1122 1392 1180 iste
1416 1120 1533 1178 sedebit.
1549 1120 1666 1192 Semper
1685 1117 1757 1174 enirn
1770 1115 1808 1172 illi
1822 1120 1916 1172 emant

269 1232 324 1273 non
338 1231 354 1270 a
369 1215 456 1289 primo
470 1214 513 1272 vel
528 1213 659 1281 secando,
678 1214 730 1270 sed
743 1229 759 1268 a
774 1213 854 1269 tertio
869 1213 939 1270 coelo
953 1212 1067 1288 largiter
1119 1212 1218 1281 cerde;
1241 1212 1291 1268 iste
1302 1219 1393 1267 autern
1406 1225 1462 1267 non
1476 1209 1564 1277 sedet,
1586 1207 1635 1266 sed
1649 1207 1756 1264 sedebit
1769 1205 1914 1274 solitarius,

269 1303 416 1377 asportavit
430 1302 470 1375 (ll
481 1303 605 1368 Germa,
622 1304 675 1370 tl).
1119 1317 1181 1358 oum
1195 1300 1321 1357 habuerit
1335 1301 1466 1356 bonorem
1485 1296 1689 1370 singularitatis,
1702 1295 1774 1352 illius
1791 1292 1918 1350 videlieet

306 1397 333 1450 3.
349 1391 381 1448 lli
395 1400 458 1448 sunt
472 1391 593 1464 magistri
613 1389 763 1463 nostri,qui
778 1391 933 1465 amagistro
945 1389 1065 1445 omnium
1119 1388 1267 1460 judiciariae
1290 1387 1432 1460 potestatis
1456 1387 1576 1460 insigne,
1591 1385 1664 1457 quod
1683 1382 1770 1440 saneti
1792 1382 1820 1438 in
1844 1390 1918 1438 terra

268 1480 327 1538 vias
345 1480 406 1536 vitae
421 1479 528 1552 plenius
540 1479 702 1546 didicerant,
723 1478 862 1535 etdooent
880 1494 930 1535 nes
944 1477 1067 1549 usquein
1120 1494 1169 1534 saa
1192 1477 1380 1549 possidebant,
1408 1491 1469 1532 oum
1496 1475 1587 1531 laetitia
1608 1474 1775 1545 sempiterna
1787 1472 1840 1528 erit
1867 1471 1916 1528 eis,

267 1567 429 1625 hodiernam
443 1568 526 1624 diem.
549 1567 619 1637 Quid
648 1582 715 1639 erge
729 1567 882 1625 docuerant
900 1568 944 1625 vel
968 1567 1068 1624 docent
1121 1566 1233 1622 Tacebit
1251 1567 1341 1633 etiarn,
1366 1565 1394 1620 id
1417 1572 1460 1620 est
1481 1579 1542 1620 cum
1562 1562 1754 1635 tranquillitate
1776 1558 1918 1631 indicabit,

270 1673 322 1712 nos
344 1657 460 1730 apostoli
487 1654 592 1714 sanctif
609 1657 671 1712 Non
694 1656 866 1729 piscatoriam
885 1665 982 1724 artem,
1011 1670 1067 1710 nen
1121 1656 1192 1712 siout
1203 1655 1334 1712 Dominus
1348 1654 1461 1712 sabaoth
1470 1669 1532 1710 eum
1543 1651 1734 1724 tranquillitate
1747 1650 1848 1721 judicat
1861 1664 1919 1705 orn·

268 1746 504 1812 scenofactoriam,
532 1745 577 1804 uel
600 1745 732 1818 quidquid
762 1745 916 1815 hujrrsmedi
940 1753 995 1802 est:
1010 1759 1065 1800 non
1121 1743 1370 1817 armeniensis?
1384 1745 1456 1814 Quia
1467 1744 1569 1801 teoooit
1584 1757 1708 1814 seraper
1719 1756 1757 1806 se,
1768 1740 1794 1795 id
1805 1747 1918 1795 estcum

269 1833 409 1892 Platonem
431 1835 535 1908 legere,
561 1849 616 1890 nen
629 1833 781 1896 Aristotelis
796 1834 927 1890 versutias
940 1834 1065 1889 inversa·
1121 1834 1282 1890 adolescens
1295 1840 1378 1898 essct,
1394 1840 1422 1889 et
1436 1831 1523 1889 aetatis
1543 1828 1652 1886 lubricae
1667 1828 1781 1885 sentiret
1794 1827 1917 1896 ardores,

269 1941 310 1992 re,
326 1939 382 1981 non
409 1939 519 1995 semper
533 1923 649 1990 discere,
679 1930 707 1979 et
724 1937 864 1996 nunquam
885 1921 918 1980 ad
944 1922 1066 1978 veritatis
1082 1903 1105 1982 Β
1120 1937 1214 1978 senam
1234 1919 1330 1986 induit,
1354 1919 1493 1992 reliquens
1516 1917 1587 1988 qued
1603 1923 1672 1981 erat,
1688 1929 1829 1972 assumens
1843 1913 1919 1986 quod

268 2011 409 2069 scientiam
436 2011 592 2082 pervenire.
616 2012 776 2068 Docuerant
797 2011 956 2069 mevivere.
972 2013 1065 2078 Putes,
1121 2025 1175 2066 non
1199 2019 1268 2067 erat.
1290 2010 1413 2075 Leveett,
1435 2007 1530 2080 inquit,
1554 2023 1583 2064 se
1605 2019 1691 2078 saper
1711 2020 1764 2060 sc:
1781 2002 1845 2076 quia
1864 2017 1919 2058 non

268 2115 353 2174 parva
373 2115 419 2157 res
437 2106 483 2156 est
503 2099 573 2156 scira
591 2100 702 2156 viveret
727 2101 854 2172 lingnam
883 2099 994 2172 aliquid,
1013 2101 1067 2155 inae
1121 2099 1232 2171 respicit
1249 2097 1283 2153 ad
1299 2113 1341 2167 se,
1355 2098 1405 2153 sed
1426 2096 1461 2151 ad
1479 2095 1553 2151 illum
1576 2093 1624 2166 qui
1641 2101 1682 2149 est
1710 2106 1793 2164 saper
1810 2105 1852 2157 se,
1867 2090 1921 2147 Se·

267 2188 414 2245 maximum
430 2195 481 2244 est.
496 2188 556 2244 Non
574 2187 640 2244 vivit
663 2186 709 2259 qui
732 2188 860 2260 snperbia
887 2187 1006 2255 inflatur,
1021 2187 1068 2260 qui
1121 2187 1197 2244 debit
1211 2186 1295 2253 enlm,
1310 2192 1338 2242 et
1357 2184 1456 2242 tacebit
1470 2183 1551 2241 etiam
1570 2180 1650 2239 mede
1665 2197 1681 2237 a
1695 2187 1809 2252 strepitu
1822 2177 1920 2235 diabo-

268 2275 373 2333 laxuria
395 2275 561 2344 sordidetur,
585 2275 631 2349 qui
663 2275 770 2332 caeteris
793 2274 911 2334 inlicitur
925 2277 1067 2349 pestibus3
1122 2274 1234 2332 licarum
1248 2274 1464 2350 suggestionum,
1479 2288 1495 2327 a
1508 2271 1623 2343 strepitu
1646 2268 1794 2326 carnalium
1811 2267 1922 2324 deside·

269 2380 399 2437 quomam
414 2380 469 2422 non
482 2371 525 2422 est
538 2365 590 2420 hec
600 2364 703 2431 mucre,
723 2365 773 2420 sed
787 2365 868 2422 vitam
888 2365 1067 2435 confundere,
1122 2365 1234 2434 dorum,
1250 2378 1267 2417 a
1281 2362 1395 2434 strepitu
1408 2361 1511 2418 mundi,
1526 2360 1601 2416 Felix
1620 2358 1720 2424 anima,
1735 2373 1795 2430 quae
1813 2355 1921 2428 linguas

269 2463 297 2510 et
321 2455 543 2528 appropinquare
561 2467 650 2526 usque
674 2454 709 2510 ad
729 2461 824 2524 portas
846 2455 952 2510 mortis.
967 2455 1068 2514 Bonam
1122 2454 1188 2510 istas
1209 2467 1264 2509 non
1279 2450 1400 2520 exaudit,
1415 2450 1507 2506 audmt
1519 2449 1582 2506 lieet
1598 2466 1605 2506 ι
1620 2448 1664 2503 illa
1677 2445 1789 2504 multum
1805 2443 1920 2512 lelioior,

268 2551 360 2600 autem
373 2543 455 2600 vimm
470 2557 522 2616 ego
531 2547 606 2612 puto,
628 2547 657 2597 et
670 2540 740 2596 mala
755 2541 821 2611 pati,
838 2547 866 2597 et
881 2541 1068 2608 benefacere,
1122 2543 1146 2599 si
1159 2549 1253 2598 maren
1266 2538 1356 2610 aliqua
1371 2546 1424 2605 est,
1438 2537 1482 2595 oui
1490 2535 1600 2610 penitus
1614 2551 1670 2592 non
1684 2533 1841 2606 loquantur.
1857 2533 1921 2588 lime

267 2632 350 2690 etsie
363 2645 543 2704 perseuerare
557 2645 646 2702 usqne
660 2629 695 2685 ad
709 2638 838 2687 mortem.
852 2629 958 2688 Dicitur
974 2632 1067 2705 vulgo,
1123 2636 1165 2686 est
1178 2627 1322 2700 sapientia,
1335 2642 1417 2698 qnam
1430 2624 1576 2695 Apostolus
1587 2622 1706 2695 loquitur
1723 2620 1795 2676 iuter
1808 2617 1920 2692 perfee-

267 2723 331 2796 qaia
345 2722 392 2794 qui
405 2722 476 2778 bene
491 2735 521 2776 se
535 2720 632 2790 pascit,
651 2719 722 2775 bene
739 2717 815 2777 vivit.
831 2718 886 2775 Sed
900 2720 1013 2776 mentita
1027 2726 1070 2776 est
1124 2725 1176 2783 tos,
1197 2715 1357 2773 abscondita
1378 2715 1407 2770 in
1421 2714 1562 2786 mysterio,
1577 2728 1658 2786 quam
1673 2725 1753 2768 nenro
1766 2709 1921 2782 principum

268 2805 983 2882 iniquitassibi3qnianonbenevivit,nisiquibonum
993 2806 1066 2862 facit.
1122 2805 1214 2863 saeouli
1233 2805 1315 2875 bajus
1327 2804 1457 2875 cognovit
1469 2805 1497 2872 (i
1510 2803 1572 2861 Cer.
1587 2817 1617 2868 ιι,
1639 2805 1666 2871 6,
1680 2799 1721 2873 7).
1738 2797 1783 2855 Sie
1795 2814 1839 2854 me
1849 2813 1920 2870 ape-

306 2899 334 2954 l.
349 2896 475 2953 Arbitror
493 2902 583 2953 autem
602 2895 676 2966 quod
692 2901 731 2960 tu,
748 2893 795 2967 qui
813 2893 1068 2968 incongregatione
1122 2894 1183 2951 stoli
1200 2905 1228 2950 et
1235 2893 1326 2950 vivere
1341 2901 1369 2950 et
1385 2892 1570 2951 conscendere
1588 2886 1814 2962 [clioacredere]
1824 2886 1922 2943 docue-

269 3001 311 3050 es.
335 2987 407 3042 bene
429 2983 508 3052 uvis,
543 2984 566 3040 si
597 2982 664 3042 vivis
698 2981 894 3048 ordinabiliter,
930 2984 1067 3040 sociabili·
1122 2991 1193 3040 mnt.
1213 2981 1323 3038 Gratias
1339 2981 1460 3055 tibiago,
1479 2980 1593 3036 Domine
1606 2978 1681 3046 iesu,
1695 2977 1740 3049 qui
1754 2975 1922 3032 abscondisti

269 3081 312 3132 ter
344 3080 373 3130 et
402 3071 555 3128 humiliter:
602 3069 792 3128 ordinabiliter
834 3071 893 3136 tibi,
931 3073 1066 3132 sedebili-
1122 3071 1211 3126 lraeoa
1232 3069 1410 3141 sapientibus,
1434 3076 1462 3126 et
1480 3066 1671 3140 prudentibus,
1691 3072 1719 3121 et
1744 3063 1869 3120 revelasti
1888 3079 1922 3120 ea

269 3170 312 3217 ter
339 3158 472 3231 proximo,
497 3157 634 3232 humiliter
653 3157 721 3214 Dee.
754 3157 956 3226 Ordinnbiliter,
985 3167 1015 3216 ut
1037 3159 1065 3214 ia
1120 3159 1239 3232 parvulis
1251 3157 1310 3214 istis
1324 3158 1407 3231 quite
1423 3158 1591 3227 secutisunt,
1607 3168 1635 3215 et
1651 3155 1818 3230 reliquerunt
1830 3151 1922 3210 omnia

267 3248 342 3306 omni
373 3245 580 3304 conversatione
617 3251 664 3301 tna
701 3244 830 3302 sollicitus
853 3245 890 3301 sia
916 3246 1064 3305 observare
1082 3207 1104 3286 Β
1120 3255 1234 3320 propter
1252 3262 1353 3304 nornen
1373 3255 1459 3303 tuum.

267 3337 325 3394 rias
339 3344 411 3408 tuas,
426 3343 454 3392 et
468 3334 497 3390 in
523 3339 672 3405 conspectu
696 3332 814 3400 Domini,
828 3341 856 3389 et
873 3334 901 3389 ia
915 3344 1064 3406 conspectu
1429 3335 1547 3393 SElibe
1570 3335 1604 3392 ll.

268 3424 394 3498 proximi,
409 3437 510 3482 aurens
524 3429 551 3478 et
565 3421 614 3478 tibi
634 3429 786 3493 spectato,
800 3427 829 3476 et
846 3421 884 3476 illi
898 3423 1062 3479 ascandalo.
1155 3430 1182 3482 t.
1213 3425 1305 3482 Sancti
1339 3424 1394 3494 isti,
1418 3439 1534 3496 quoruur
1566 3421 1695 3480 solemnis
1727 3419 1808 3478 bodie
1830 3417 1922 3491 passio

268 3513 451 3580 sociabiliter,
472 3519 504 3567 ut
526 3511 638 3568 studeas
651 3509 745 3576 amari,
761 3516 790 3564 et
812 3524 919 3578 amare;
934 3511 1065 3567 blandum
1119 3515 1285 3580 celebratur,
1313 3512 1424 3569 multam
1443 3511 1571 3568 nobisde
1603 3527 1633 3567 se
1656 3509 1777 3583 loquenti
1800 3522 1920 3568 oausam,

269 3605 297 3658 te
311 3608 340 3658 et
354 3600 493 3658 affabilem
507 3598 656 3668 exhibere;
670 3605 832 3670 supportare
846 3598 1001 3656 noasolum
1015 3615 1065 3671 pa·
1119 3603 1231 3658 multam
1259 3617 1369 3674 quoque
1399 3600 1540 3657 materiam
1563 3601 1716 3673 prebuere.
1742 3598 1842 3654 Verum
1869 3610 1922 3672 ego

270 3691 379 3755 tienter,
395 3689 443 3746 sed
462 3694 492 3745 et
508 3688 627 3744 libenter
638 3685 806 3744 infirmitates
820 3687 931 3744 fratrum
948 3695 1064 3756 tuorem,
1120 3707 1204 3746 naam
1219 3690 1311 3757 timeo,
1340 3706 1375 3747 ne
1399 3690 1480 3747 toties
1500 3688 1592 3746 audita
1611 3689 1696 3745 verba
1722 3687 1817 3744 salutis
1837 3687 1922 3745 viles-

270 3790 325 3837 tam
340 3795 445 3836 moram
459 3793 539 3852 ιιιιιιιι
553 3792 708 3850 corporum.
719 3775 870 3844 llumiliter,
890 3785 920 3834 ut
938 3778 1067 3834 cumbae
1120 3795 1183 3837 cere
1203 3780 1282 3836 nobis
1296 3779 1427 3851 incipiant
1450 3786 1578 3851 tanquam
1596 3778 1691 3835 verba.
1708 3777 1774 3834 Vilis
1788 3776 1922 3848 siqnidem

270 3868 361 3926 omnia
375 3866 482 3934 feceris,
493 3865 619 3938 spiritum
636 3865 762 3922 vanitatis
780 3867 892 3923 studeas
909 3867 1065 3932 exsufflare,
1120 3877 1148 3924 et
1161 3867 1277 3925 volatilis
1291 3884 1335 3926 res
1349 3868 1462 3926 verbam
1475 3867 1601 3933 hominm,
1621 3865 1720 3924 nullius
1734 3865 1813 3921 molis
1826 3865 1921 3938 latios,

270 3957 317 4031 qui
340 3972 374 4013 ex
392 3954 548 4027 huiusmodi
566 3955 641 4012 nasei
668 3955 753 4023 selat;
777 3961 806 4011 et
829 3962 1066 4029 quantumcunque
1121 3957 1225 4031 moral,
1241 3957 1341 4014 nullius
1355 3957 1494 4029 ponderis,
1510 3953 1818 4027 nulliuspretii‚aullias
1830 3954 1923 4010 solidi·

269 4047 342 4104 illum
361 4045 492 4113 senseris,
507 4060 611 4118 negare
626 4044 737 4100 omnino
755 4059 929 4102 eonsensum.
945 4046 990 4103 Sic
1003 4048 1074 4103 etin
1121 4047 1441 4111 tatiaderemverberat,
1452 4046 1525 4102 unde
1540 4044 1687 4103 etverbum
1703 4042 1818 4102 dieitnu:
1834 4042 1922 4100 etalo-

270 4133 400 4208 patiendo
429 4134 541 4200 malum,
572 4132 699 4204 qnoniam
739 4133 836 4206 triplex
862 4135 1067 4206 centuplicem
1119 4144 1150 4192 ut
1164 4134 1258 4192 folium
1276 4133 1348 4208 quod
1363 4141 1445 4190 vente
1459 4134 1572 4204 rapitur,
1588 4132 1684 4198 effluit,
1704 4139 1733 4189 et
1747 4138 1857 4188 nonest
1876 4133 1923 4202 qui

270 4222 468 4295 providentiam
487 4221 617 4278 adbibere
629 4229 656 4277 te
670 4229 788 4292 oportet.
808 4223 857 4278 list
875 4223 947 4280 enim
961 4225 1033 4296 quod
1051 4240 1067 4279 a
1121 4223 1289 4282 consideret.
1304 4224 1393 4280 Nemo
1407 4229 1536 4290 vestram,
1548 4219 1659 4290 iratres,
1674 4221 1713 4278 sio
1728 4220 1853 4292 accipiat,
1868 4219 1925 4276 imo

271 4318 299 4368 te
312 4309 426 4383 pateris,
448 4310 520 4383 qnod
544 4309 714 4381 omonimo,
736 4310 838 4382 quoda
857 4311 925 4368 Deo.
950 4312 1066 4368 Primum
1122 4311 1254 4368 nemesio
1274 4310 1408 4384 despiciat
1424 4310 1537 4369 verbum
1560 4310 1622 4367 Dei.
1650 4309 1716 4366 Dico
1740 4308 1813 4367 enim
1826 4307 1921 4365 vebis:

271 4407 314 4456 est
323 4398 468 4456 austeritas
481 4397 662 4471 paenitentiam
682 4396 772 4456 Μ
785 4400 945 4466 secundum,
960 4402 1067 4459 sexano
1122 4402 1226 4458 Donum
1242 4399 1280 4456 illi
1294 4399 1401 4469 fuisset,
1415 4399 1438 4455 si
1467 4415 1522 4456 non
1545 4399 1666 4456 audisset
1686 4399 1767 4455 horno
1782 4395 1837 4456 illa.
1852 4397 1924 4452 Fru-

270 4486 367 4545 alienae
388 4485 513 4555 malitiae3
547 4486 667 4552 tertium,
687 4485 823 4558 flagellum
837 4489 1014 4545 correctionis
1026 4490 1067 4544 di·
1122 4497 1183 4547 ctus
1197 4488 1259 4544 vitae
1273 4495 1336 4544 sant
1350 4489 1434 4545 verba
1457 4488 1517 4555 Dei,
1538 4503 1594 4546 nen
1612 4486 1693 4554 folia;
1708 4485 1770 4543 etei
1784 4485 1858 4552 folia,
1874 4485 1925 4542 sed

268 4576 349 4636 vinam
364 4577 394 4632 ln
409 4591 443 4634 eo
458 4575 531 4648 quod
546 4591 563 4632 a
581 4585 610 4632 te
629 4575 741 4646 poteris,
764 4575 851 4630 debes
860 4575 1009 4634 voluntarie
1023 4593 1067 4632 sa·
1122 4593 1205 4634 aurea
1217 4583 1289 4634 sunt.
1310 4575 1427 4634 Proinde
1444 4593 1499 4634 non
1522 4576 1766 4649 parvipendantur,
1786 4589 1841 4632 nen
1856 4589 1923 4646 per-

269 4665 409 4732 crificare3
433 4664 507 4739 quod
530 4663 699 4736 aproximo,
714 4664 849 4733 patienter
861 4662 943 4732 ferre,
964 4667 1066 4736 quoda
1122 4673 1272 4733 transeant,
1288 4679 1343 4722 non
1367 4667 1569 4740 praetervolent.
1591 4666 1653 4738 Ipsa
1676 4678 1787 4737 quoque
1801 4661 1923 4738 colligite

270 4755 339 4822 Deo,
353 4753 561 4810 sinemarmure
576 4761 605 4808 et
627 4767 688 4808 oum
707 4751 855 4826 gratiarum
870 4753 1069 4810 actionesnsti·
1122 4753 1275 4826 fragmenta
1298 4769 1334 4810 ne
1356 4765 1482 4826 pereant.
1514 4755 1599 4812 Terra
1628 4753 1711 4821 euim,
1739 4766 1801 4824 qum
1823 4749 1923 4822 sepias

269 4857 347 4900 nere.
361 4843 423 4900 Non
437 4840 566 4897 sicmulti
590 4839 706 4896 filioram
730 4839 827 4912 Adam,
845 4839 892 4912 qui
906 4849 1067 4898 erraverunt
1119 4841 1359 4914 supervenientem
1381 4843 1533 4916 susceperit
1554 4843 1681 4909 imbrem,
1706 4849 1735 4898 ct
1749 4856 1805 4898 aen
1827 4839 1923 4896 feeerit

270 4931 298 4987 in
321 4929 477 4996 solitudine,
501 4930 530 4984 in
543 4929 675 5001 inaquoso
694 4928 783 4999 (Paci.
803 4943 861 4997 cvr,
886 4929 924 4996 i).
950 4931 1067 4986 Errare-
1120 4927 1248 4996 fructum,
1278 4937 1352 4987 terra
1387 4932 1505 5003 reproba
1539 4938 1592 5002 est,
1632 4929 1754 5002 proxima
1776 4925 1923 4984 maledicto

270 5026 334 5077 rant
346 5018 438 5092 plane,
454 5025 483 5075 et
495 5025 588 5074 errant
602 5033 618 5072 a
632 5018 675 5073 via
697 5017 829 5084 veritam,
843 5015 889 5088 qni
903 5017 931 5072 in
944 5016 1067 5074 solitudi-
1120 5019 1212 5092 (ltebr.
1227 5035 1268 5090 vt,
1278 5025 1306 5088 7,
1323 5021 1361 5092 Β).
1377 5019 1422 5077 Sic
1434 5027 1462 5076 et
1483 5035 1515 5076 ea
1530 5035 1591 5091 quae
1609 5019 1638 5076 in
1651 5013 1799 5091 Evangelio
1821 5012 1925 5072 sterilis

270 5123 335 5166 aem
355 5106 492 5179 superbire
513 5103 686 5174 recedentes,
715 5103 843 5160 semelem
862 5103 943 5160 vitam
963 5107 1065 5164 babere
1120 5107 1237 5166 ficulnea
1258 5107 1368 5180 legitur,
1400 5108 1423 5164 si
1446 5107 1623 5182 posteaquam
1652 5105 1752 5165 foderit
1770 5104 1843 5163 circa
1861 5118 1923 5160 eam

269 5213 325 5256 nen
345 5197 451 5263 volunt,
471 5210 588 5270 quorum
612 5193 786 5264 singularitas
806 5193 934 5250 associari
952 5211 1067 5269 nonpo-
1120 5197 1206 5255 vineae
1227 5197 1324 5267 cultor,
1347 5207 1430 5272 atque
1454 5199 1558 5256 miserit
1584 5205 1715 5263 stercora,
1747 5193 1924 5252 nibilominus

268 5295 332 5345 test.
348 5287 404 5344 Sed
421 5293 449 5344 et
462 5284 490 5342 in
503 5284 655 5358 inaquoso;
670 5281 816 5353 quianullo
828 5281 916 5340 imbre
930 5283 1066 5356 lacryma·
1119 5285 1337 5346 sterilisinventa
1364 5287 1447 5346 iurarit
1468 5289 1547 5361 (tac.
1572 5303 1635 5355 ιιιιι,
1658 5287 1734 5358 6-9),
1758 5300 1850 5342 noane
1863 5285 1921 5356 iarn

268 5393 327 5434 rum
343 5374 508 5445 compuncti.
536 5373 564 5428 in
589 5368 763 5427 ltfffl·⁸1⁸fili
782 5378 809 5426 0¹
831 5371 919 5427 utenti
933 5381 1065 5446 perpetua
1119 5373 1222 5434 securis
1235 5375 1271 5432 ad
1283 5376 1402 5434 radicem
1417 5376 1487 5433 illins
1500 5375 1606 5432 arboris
1620 5383 1660 5432 est
1678 5371 1824 5448 penendal

265 5467 387 5524 siccitate
401 5471 550 5520 morantur,
572 5461 719 5529 Propterea
732 5457 803 5514 uam
824 5457 940 5516 cintatis
957 5463 1063 5520 babita-
1154 5468 1181 5521 t.
1192 5465 1227 5521 Et
1238 5479 1292 5540 ege
1305 5465 1367 5521 dico
1377 5465 1464 5533 vebis,
1479 5465 1502 5520 si
1516 5465 1605 5521 minna
1619 5463 1685 5520 boni
1703 5461 1731 5518 in
1746 5457 1922 5520 saecularibus

265 5553 318 5612 eali
331 5553 580 5620 ncninvenerunt3
603 5545 667 5620 quia
682 5545 826 5604 inveterati
840 5548 868 5606 in
883 5551 1062 5621 terraaliena,
1117 5552 1264 5624 inuenerit,
1282 5555 1416 5626 majorem
1439 5554 1468 5610 in
1487 5553 1529 5610 eis
1553 5552 1688 5611 Dominus
1711 5551 1855 5610 habiturus
1879 5560 1923 5607 est

299 5659 356 5732 (65)
370 5659 422 5717 atii
435 5656 512 5738 editi·
523 5654 563 5711 sio
584 5652 688 5734 legunt,
703 5653 818 5712 eatstan
831 5673 897 5718 eure
907 5662 935 5716 st
944 5663 1062 5731 sanguis
1151 5658 1210 5730 (tt)
1220 5659 1283 5716 lieo
1296 5659 1435 5731 periodus,
1451 5661 1559 5719 focam
1562 5698 1656 5720 ......
1679 5663 1787 5727 omnic,
1796 5657 1878 5716 deest
1893 5657 1922 5715 in

262 5732 406 5801 remum,
422 5737 529 5789 aeteus
542 5739 659 5782 emmau.
1115 5729 1175 5786 aliis
1189 5729 1268 5788 editis
1282 5739 1311 5789 et
1328 5731 1490 5804 quibusdam
1505 5747 1570 5790 mss.
