4064 6344
232 437 283 496 titt
698 433 726 492 S.
746 430 914 492 Bbhhhltbl
933 429 1072 492 lintris
1088 430 1402 502 ohtam-vnlnedsts
1822 429 1879 490 m

232 559 408 616 nihilominus
422 555 559 612 dormiunt
571 557 586 614 i
600 555 653 614 Sed
665 571 718 612 non
733 571 820 630 pergo
831 572 903 612 nunc
912 555 1026 612 ulterius
1041 571 1066 650 Α
1080 557 1182 614 semina
1195 557 1319 630 lacrymae
1342 567 1414 618 sunt.
1434 560 1525 624 licut,
1540 553 1638 626 inquit,
1648 557 1678 611 et
1692 551 1800 623 deluat
1812 557 1879 612 atit-

232 647 367 719 rxagitare
392 645 578 702 verecundiam
613 660 710 702 eorum
736 661 742 698 :
767 644 866 700 sufficit
895 643 1025 715 tetigisse.
1081 650 1170 704 untes
1195 651 1304 706 semina
1331 666 1395 707 auu.
1421 647 1475 705 Sed
1500 645 1588 719 qaid?
1615 657 1722 714 semper
1748 641 1879 700 debunt?

232 738 298 792 Puto
312 733 386 806 quod
401 733 497 789 melius
511 735 640 806 deinceps
654 733 812 809 vigilabunt,
829 742 927 789 nostrae
937 732 1027 790 obser-
1079 733 1172 790 Absitl
1183 733 1238 792 Sed
1245 737 1361 795 uenient
1375 753 1441 794 meu
1454 732 1647 794 exsultatione
1656 733 1806 804 portantes
1812 747 1879 788 aaa·

232 822 345 880 radonis
359 821 507 879 cauterium
522 823 646 879 verituri.
668 823 699 877 lu
721 822 772 876 hac
791 836 839 892 spe
854 820 971 891 gerimus
986 819 1026 878 eis
1079 823 1194 896 cipulcs
1213 841 1278 885 suos
1297 827 1385 898 (Paci.
1400 841 1485 891 cuv,
1500 825 1538 894 i).
1553 819 1647 878 blerito
1662 835 1727 878 ιιιιιι
1746 820 1878 878 muue-

232 913 282 967 bac
296 913 353 968 vice
372 926 474 966 morem
489 929 497 982 3
514 919 541 967 ct
555 910 629 984 quod
652 909 867 967 continuandum
882 909 950 964 ratic
970 909 1026 966 eni·
1081 914 1169 980 tiene,
1184 928 1246 968 cum
1260 911 1560 986 reportantmabipulca
1572 907 1678 982 pade.
1689 906 1824 972 Adietud,
1836 907 1879 962 in·

232 1002 323 1074 gebat,
338 1015 431 1056 eorum
446 998 586 1065 charitate,
602 1001 734 1072 pendente
756 999 816 1054 licet
834 997 1024 1070 disputatione,
1080 999 1152 1072 quis,
1167 999 1194 1056 io
1210 1001 1405 1058 resurrectione
1428 1001 1456 1056 iu
1470 997 1619 1057 novissimo
1633 995 1688 1060 die,
1701 1002 1729 1052 et
1741 1001 1784 1050 cst
1797 993 1881 1050 nimia

234 1089 374 1161 partimur,
391 1087 520 1143 lacieutrs
544 1087 634 1152 haam,
665 1087 711 1142 ubi
733 1101 784 1142 aon
805 1093 862 1142 erat
884 1085 956 1141 finis.
971 1086 1026 1159 lpsi
1080 1090 1162 1162 langa
1173 1090 1353 1162 exspectatio.
1367 1090 1430 1148 Noli
1442 1088 1533 1146 aalma
1546 1086 1647 1158 frangi,
1664 1083 1719 1140 noli
1731 1081 1881 1142 deficeres

108 1207 118 1218 ·
233 1193 297 1232 vero
308 1175 451 1232 suborsibi
466 1177 533 1232 lach
545 1174 862 1248 indulgentianoblscum
874 1173 1025 1244 glorificent
1080 1177 1303 1248 pusillanimitate
1325 1179 1456 1252 spiritus3
1471 1176 1554 1234 babes
1576 1175 1683 1232 iuterim
1706 1171 1882 1244 daphnidis

234 1265 368 1334 Sponsum
383 1264 521 1330 Ecclesia,
544 1264 636 1318 lesum
656 1263 793 1320 Christum
808 1262 954 1318 Dominum
975 1278 1025 1320 nc·
1080 1265 1203 1337 spiritns,
1222 1270 1296 1340 qood
1322 1269 1357 1326 ad
1380 1282 1500 1341 presens
1523 1266 1552 1320 itt
1579 1261 1761 1321 exanimiooe
1781 1269 1878 1320 metae.

233 1362 329 1423 strum,
357 1352 402 1424 qni
431 1359 473 1408 est
498 1368 582 1423 super
608 1351 697 1407 omnia
723 1353 797 1407 Deus
825 1351 876 1408 hen
893 1349 981 1407 diuus
1000 1351 1025 1406 in
1079 1353 1234 1422 Sentinate,
1245 1357 1292 1425 ait,
1306 1355 1427 1414 vebum
1434 1355 1592 1428 justitium,
1606 1352 1883 1422 meiiterperacttoe·

232 1443 339 1498 secula.
355 1443 452 1496 hrueu.
1080 1445 1138 1498 Nou
1160 1453 1187 1500 te
1208 1445 1290 1502 modo
1317 1444 1400 1501 mittit
1422 1445 1456 1500 ad
1480 1442 1553 1498 dicm
1572 1440 1759 1507 borbonum,
1772 1437 1883 1511 guado

492 1529 607 1586 SEliblO
626 1529 771 1584 XXXl'll.
1080 1548 1123 1588 res
1138 1532 1195 1601 jam
1209 1533 1261 1588 erit
1283 1534 1311 1588 in
1330 1549 1371 1606 ra,
1387 1544 1415 1590 et
1434 1547 1488 1589 nen
1503 1530 1532 1586 ia
1553 1544 1622 1602 spe;
1636 1527 1687 1584 sed
1703 1529 1741 1583 de
1754 1525 1882 1598 pruenti

234 1641 271 1695 lle
293 1637 402 1709 duplici
424 1636 539 1700 aetitia,
560 1641 588 1692 ct
602 1635 710 1706 duplici
733 1637 916 1707 ipccractr'u5
942 1635 1027 1707 deque
1079 1619 1208 1692 lo‘lullus-
1229 1623 1344 1678 Pf⁰l⁸¹¹⁸
1358 1637 1457 1693 maini
1479 1619 1573 1676 ¹³5¹st
1594 1625 1623 1674 0‘
1636 1617 1779 1674 ‘mm
1794 1615 1883 1672 “⁰¹²⁸

382 1709 466 1764 malis
480 1723 530 1764 scu
543 1707 655 1762 damnis
670 1723 733 1779 quae
745 1708 879 1780 pareunt.
1080 1716 1107 1766 ct
1121 1709 1211 1781 nimis,
1227 1725 1288 1766 cum
1303 1709 1358 1767 aits
1374 1709 1488 1766 venerit.

269 1800 294 1851 l.
324 1795 402 1865 Puto,
433 1811 487 1852 non
516 1797 648 1852 habemus
668 1809 739 1850 nunc
769 1809 840 1866 opus
864 1792 964 1850 hortari
993 1793 1027 1848 ad
1119 1803 1146 1852 3.
1167 1799 1220 1854 Sed
1237 1795 1648 1870 uunquidrantaetaaritteapas
1664 1794 1717 1850 erit
1733 1792 1791 1850 siaa
1810 1791 1880 1848 lasti·

231 1886 407 1959 vigilandum,
424 1901 486 1942 eum
502 1885 603 1956 ubsque
628 1883 710 1940 dubio
725 1898 816 1940 sermo
836 1882 874 1938 illi
896 1881 1028 1955 suggilla·
1044 1852 1067 1931 Β
1085 1885 1145 1942 tia?
1160 1889 1214 1959 Spe
1226 1886 1438 1958 gaudentemit
1450 1884 1599 1956 Apostolum
1612 1884 1703 1948 (Rura
1718 1895 1768 1948 m,
1782 1881 1838 1951 lb).
1851 1880 1883 1935 Et

232 1975 317 2031 torius
330 1973 434 2046 vigilet,
449 1979 545 2036 utpote
563 1974 651 2030 adhuc
665 1987 772 2036 recens,
787 1972 834 2044 qui
849 1971 905 2028 beri
922 1970 1030 2027 anobis
1084 1975 1169 2032 David
1183 1990 1239 2031 non
1254 1975 1415 2044 letatur-um,
1430 1973 1480 2030 sod
1493 1973 1612 2029 letatum
1624 1986 1657 2028 sa
1671 1969 1749 2036 dixit,
1763 1969 1836 2040 quud
1853 1969 1884 2023 io

232 2062 388 2122 charitative
402 2062 531 2134 prolatus,
547 2063 617 2118 bane
631 2062 736 2134 aliquus
749 2059 940 2134 expergefecit.
957 2060 1030 2132 Ergo
1082 2063 1193 2119 domum
1215 2062 1323 2119 Domini
1342 2078 1372 2119 se
1387 2064 1511 2133 speraret
1529 2057 1882 2130 immideshusun.

233 2151 330 2208 tenetis
356 2151 488 2208 memoria
512 2150 585 2222 quod
606 2158 709 2206 teneam
728 2165 873 2206 assensum
896 2157 1028 2217 vestrum,
1083 2149 1210 2206 Nondum
1233 2149 1316 2208 vitam
1340 2151 1461 2217 tenebat,
1475 2137 1537 2204 ‘sed
1564 2161 1641 2218 apem
1669 2145 1794 2218 prolecto
1817 2143 1882 2202 rite

234 2241 369 2296 neminem
394 2240 499 2310 absque
527 2239 569 2296 sui
600 2238 756 2310 cognitione
784 2239 880 2296 salvari
900 2236 957 2296 :da
975 2253 1029 2309 qua
1084 2247 1250 2307 messuerat3
1266 2243 1349 2310 atque
1363 2239 1390 2294 iu
1411 2235 1559 2307 semetipso
1572 2234 1764 2306 experiebatur
1776 2231 1881 2291 ranu-

231 2328 358 2384 nimirum
387 2335 473 2384 mater
500 2326 595 2383 salutis
619 2326 755 2384 humilitas
781 2327 876 2396 oritur,
898 2334 925 2383 ct
952 2325 1030 2382 timor
1084 2333 1138 2382 tem
1152 2325 1298 2397 Scripturas
1315 2323 1485 2398 perhibeatis
1507 2321 1571 2394 aab
1587 2337 1643 2378 aon
1657 2321 1739 2379 modo
1752 2336 1883 2378 renue·

232 2417 355 2484 Domini,
372 2418 416 2489 qui
441 2427 468 2473 et
491 2417 550 2490 ipse
569 2417 639 2474 sicut
652 2416 758 2474 initium
772 2416 922 2489 sapientiae,
938 2416 975 2472 ita
988 2423 1031 2471 est
1085 2416 1164 2482 ratio,
1175 2417 1224 2472 sed
1238 2416 1411 2487 ipsaqnoque
1421 2413 1597 2486 mpectctic
1606 2413 1751 2484 iustorum
1766 2410 1883 2468 letitia

231 2517 259 2562 et
272 2506 379 2564 salutis.
395 2506 493 2576 Nemo,
503 2504 575 2572 dico,
591 2506 697 2578 absque
711 2505 759 2562 ilia
772 2505 929 2579 cognitione
942 2505 1031 2564 salva·
1086 2505 1162 2562 lianc
1175 2505 1246 2576 perit
1259 2505 1288 2560 in
1301 2504 1391 2561 ammo
1405 2503 1477 2558 illius
1490 2501 1537 2574 qai
1551 2501 1603 2558 sibi
1612 2501 1647 2558 ad
1658 2499 1790 2572 inediam
1803 2499 1885 2556 aemi

234 2610 289 2666 pur,
308 2596 354 2668 qni
375 2605 463 2651 tamen
478 2601 585 2650 aetatcm
601 2595 699 2652 habeat
713 2611 743 2652 ac
757 2594 913 2650 facultatem
929 2607 1033 2666 cogno-
1087 2594 1171 2662 navit,
1187 2600 1351 2664 praesumpta
1372 2591 1543 2664 indulgentia
1563 2588 1778 2656 delictorum,ei
1796 2596 1885 2644 tanen

231 2683 338 2740 scendi.
360 2682 440 2752 Quod
463 2689 572 2754 propter
598 2684 726 2754 parvulos
749 2684 854 2756 loquor,
875 2689 902 2740 et
923 2689 1035 2754 propter
1089 2683 1173 2754 ipsam
1210 2681 1408 2753 indulgentiam
1441 2679 1561 2737 efficacia
1595 2685 1734 2736 uocemue
1767 2684 1886 2750 teupi}

230 2771 333 2838 fatuos,
346 2787 463 2844 quorum
474 2773 526 2828 alia
537 2771 607 2828 ratio
618 2778 669 2828 est.
679 2772 763 2844 Quid,
778 2772 801 2828 si
811 2773 921 2846 ignoras
930 2772 1035 2829 Deum?
1087 2771 1182 2842 gmtiae
1209 2770 1243 2825 ad
1270 2770 1414 2826 vivendum
1436 2769 1554 2826 unctius
1580 2767 1719 2838 duocen-
1734 2764 1831 2823 Omnis
1856 2765 1886 2820 io

235 2859 335 2928 poterit
350 2875 384 2913 ne
399 2857 723 2929 spescssesnlutiscum
737 2859 785 2916 Dei
800 2859 979 2931 ignorantia?
994 2859 1035 2914 Ne
1088 2859 1169 2916 vobis
1188 2859 1237 2932 qui
1263 2859 1321 2915 bec
1348 2858 1431 2914 scoot
1457 2859 1527 2912 intra
1556 2872 1585 2912 ae
1602 2855 1725 2927 mouri,
1740 2855 1793 2911 seit
1818 2853 1885 2926 qaid

236 2949 288 3003 boc
302 2947 420 3018 quidem.
436 2949 493 3002 Nec
508 2946 580 3002 euim
602 2953 680 3019 potes
704 2956 855 3005 autumare
875 2963 957 3020 quem
972 2963 1036 3001 ucs·
1089 2949 1213 3019 loquitur
1226 2948 1353 3021 Spiritus,
1367 2948 1446 3017 cujus
1466 2961 1525 3003 vox
1546 2945 1759 3018 uqaeoparatia
1773 2942 1886 3000 minine

232 3035 297 3102 cias,
309 3035 465 3090 anthabere
479 3051 559 3106 quem
571 3050 625 3090 non
634 3035 780 3092 amaveris.
793 3038 907 3093 Noveris
917 3034 1031 3107 proinde
1086 3037 1155 3094 inter
1168 3053 1200 3093 se
1222 3051 1340 3108 unquam
1358 3035 1531 3092 dissentiunt.
1546 3035 1690 3104 Propterea
1701 3046 1769 3105 ergo
1781 3030 1886 3088 iuraba-

233 3133 269 3194 ιι,
291 3132 319 3177 ut
339 3124 425 3180 brun
440 3125 554 3192 timcas;
570 3125 678 3182 novaris
692 3125 794 3198 ipsum,
808 3133 838 3180 ut
852 3140 929 3197 aeque
941 3125 1034 3198 ipsum
1049 3130 1071 3208 Β
1086 3127 1127 3197 git
1150 3142 1212 3199 quaa
1234 3125 1372 3192 dicuntur,
1388 3123 1517 3196 quonism
1535 3137 1598 3195 que
1619 3121 1684 3178 loris
1701 3120 1794 3186 ιιιίι,
1813 3120 1887 3176 intus

232 3211 341 3282 diligas.
357 3212 388 3266 ln
407 3212 490 3267 altero
506 3211 620 3267 initiaris
646 3214 680 3267 ad
691 3213 860 3284 sapientiam,
877 3211 990 3270 tuoe
1004 3213 1031 3268 in
1087 3213 1178 3269 sentit.
1191 3212 1329 3286 Numqui
1342 3212 1369 3267 in
1389 3210 1468 3268 nobis
1481 3208 1612 3283 laquear,
1626 3215 1754 3280 operatu
1766 3209 1794 3264 iu
1809 3207 1888 3266 tob'u

232 3297 319 3354 altero
337 3311 364 3356 et
377 3301 577 3356 consummaris
600 3301 660 3373 quia
677 3301 785 3358 initium
799 3302 937 3372 sapientia
952 3302 1033 3359 timor
1086 3317 1160 3358 unus
1182 3309 1262 3375 amus
1285 3301 1356 3356 idem
1373 3299 1505 3368 Spiritus,
1520 3296 1643 3354 dividens
1665 3295 1782 3369 siugulis
1805 3311 1888 3366 prcus

232 3387 350 3454 Domini,
367 3397 407 3444 est
430 3389 519 3457 (Paul.
539 3404 584 3456 cx,
610 3389 668 3461 ιο),
693 3400 719 3446 et
738 3391 876 3461 plenitudo
906 3391 976 3460 legis
992 3399 1033 3448 est
1086 3391 1143 3447 vult
1158 3391 1253 3460 (ider.
1269 3389 1377 3457 atati)
1393 3405 1401 3443 ι
1416 3386 1477 3442 eliis
1496 3383 1886 3460 quidemloquiali'nateer

232 3476 347 3532 charitas
362 3477 457 3548 (Rom.
470 3494 535 3548 xrrr,
558 3482 613 3549 to).
642 3481 708 3534 Tam
724 3495 790 3553 ergo
814 3488 930 3552 utraque
952 3480 1031 3553 ignc-
1085 3477 1193 3549 operari
1210 3477 1284 3550 qued
1297 3476 1400 3532 bonum
1412 3482 1465 3532 eet·
1701 3533 1706 3540 ,

234 3565 319 3620 rautia
337 3567 457 3622 carcaria
471 3577 510 3622 cst
526 3566 583 3635 tibi,
597 3581 681 3638 quom
698 3567 756 3621 sine
780 3565 878 3622 timore
896 3575 924 3624 et
942 3583 1034 3624 amore
1122 3569 1148 3621 t.
1168 3565 1296 3637 Quisquis
1317 3565 1406 3637 baque
1420 3571 1538 3620 vestrum
1557 3570 1619 3634 post
1640 3561 1686 3616 illa
1698 3568 1832 3618 emarcet
1844 3561 1888 3618 is-

234 3652 284 3708 Dei
298 3653 442 3709 salusosse
458 3669 511 3710 raon
527 3664 624 3724 potest.
638 3656 741 3710 Caetera
755 3653 941 3710 iudillereotia
957 3665 1031 3723 sant,
1086 3668 1209 3725 orymosa
1231 3651 1418 3712 conversionis
1439 3665 1495 3707 soae
1517 3649 1666 3721 primordia
1686 3647 1837 3720 caspium
1859 3648 1888 3704 iu

130 3749 131 3754 ’
235 3756 285 3796 nec
308 3741 434 3808 salutem,
464 3742 488 3796 si
516 3741 647 3814 sciantur,
682 3757 733 3799 nec
760 3742 978 3811 damnationem,
1009 3745 1032 3798 si
1087 3750 1261 3812 spumatque
1274 3740 1302 3795 iu
1321 3738 1458 3812 quoddam
1474 3751 1600 3794 serenum
1615 3751 1742 3809 superba
1755 3735 1888 3794 mosela-

235 3829 401 3896 nasciantur,
417 3829 554 3886 habentia.
1086 3827 1168 3886 tionis
1180 3827 1281 3899 perrois
1293 3829 1387 3900 gratia
1402 3826 1574 3883 sublevatum
1587 3840 1618 3882 es
1634 3825 1888 3892 ardenelututm

272 3921 299 3972 b.
314 3917 373 3972 Non
389 3925 479 3973 tanam
497 3918 560 3974 dico
574 3919 803 3974 contemnendam
816 3927 865 3974 aut
886 3919 1033 3995 negligen—
1088 3918 1112 3973 is
1136 3916 1257 3988 proiecto
1279 3917 1335 3985 iem
1364 3915 1449 3984 metit,
1474 3929 1583 3972 suarum
1610 3913 1745 3986 recipiens
1765 3913 1889 3970 imm

236 4006 296 4058 dam
313 4004 450 4061 scientiam
475 4005 711 4076 litterarumque
738 4013 817 4062 ornat
845 4006 975 4078 animam,
1008 4017 1036 4063 et
1089 4015 1291 4078 temporaneum
1311 4007 1509 4076 lacrymari
1528 4011 1556 4058 et
1577 4001 1638 4075 ipse
1660 4001 1840 4068 adamum.
1860 4007 1890 4056 02

236 4094 326 4151 erudit
340 4109 410 4162 aava,
426 4103 452 4150 et
472 4093 536 4151 lacit
552 4102 580 4148 ut
604 4095 690 4166 possit
712 4095 794 4150 etiarn
823 4095 892 4154 elios
916 4097 1034 4154 erudire.
1088 4092 1889 4164 autivhvoeauuiasnaisztturseidestsctr'bunuum

236 4181 359 4238 Seddm
380 4183 425 4238 illa
448 4192 556 4252 oportet
576 4191 603 4238 ct
630 4183 737 4253 expedit
767 4191 797 4240 ut
825 4186 989 4255 precedant,
1007 4185 1035 4241 iu
1090 4199 1208 4242 aurum
1221 4186 1315 4250 (Prou.
1330 4199 1403 4252 xxxi,
1424 4183 1479 4254 at).
1493 4181 1572 4248 Non,
1585 4181 1724 4254 quamdo
1742 4195 1798 4238 con
1821 4178 1890 4238 riclit

238 4271 338 4344 quibus
377 4287 482 4326 summa
512 4271 606 4326 salutis
642 4272 770 4329 consriaui
808 4274 933 4346 superior
967 4275 1034 4331 ratic
1088 4274 1185 4341 omn,
1209 4273 1256 4345 qui
1283 4273 1402 4346 gustavit
1425 4279 1453 4327 et
1478 4269 1546 4327 vidit
1570 4268 1697 4341 qaouiam
1725 4267 1819 4326 suauis
1844 4277 1890 4326 ut

238 4359 395 4418 declaravit.
422 4361 456 4416 lit
472 4359 543 4426 vide,
565 4359 590 4413 si
614 4375 667 4416 nou
693 4361 858 4432 intuebatur,
882 4370 909 4418 et
931 4363 956 4420 si
979 4379 1033 4420 non
1088 4361 1335 4431 DominusiQuam
1347 4361 1457 4417 dulcem
1466 4367 1614 4416 camaram
1628 4366 1653 4414 te
1665 4357 1761 4428 sensit,
1771 4357 1890 4415 Βοὴ

238 4449 352 4506 docebat
367 4451 438 4504 bunc
452 4448 573 4504 ordiecm
590 4448 636 4519 qui
657 4447 763 4504 dicebat
779 4467 786 4504 ι
803 4451 947 4510 Semiusta
961 4453 1033 4510 mdis
1049 4406 1072 4483 υ
1087 4452 1162 4517 lesu,
1178 4450 1222 4505 cui
1235 4465 1252 4506 a
1265 4457 1292 4506 ta
1305 4463 1362 4505 ncu
1375 4448 1457 4504 modo
1470 4455 1583 4519 peccata
1596 4447 1695 4502 domu
1704 4453 1779 4512 ιιιιιι,
1794 4446 1890 4502 red-et

238 4536 441 4609 adjustitiam,
451 4539 636 4610 metitcepem
646 4539 841 4606 vitm-cltum
850 4539 1033 4598 demamitlu·
1086 4554 1186 4596 manas
1206 4538 1355 4595 sanctitatis
1376 4536 1508 4592 indultum
1528 4543 1584 4602 cst3
1610 4549 1699 4606 neque
1726 4533 1754 4590 id
1777 4533 1888 4606 dm,

238 4627 347 4680 minate
360 4624 447 4689 colb,
462 4624 509 4689 ait,
522 4625 888 4696 tumcnrcientioelomes,
901 4628 956 4698 li).
970 4627 1032 4684 Ulti-
1085 4628 1134 4684 sed
1155 4637 1183 4685 et
1204 4627 1298 4684 addita
1321 4627 1431 4698 insuper
1453 4627 1488 4682 ad
1510 4623 1651 4681 camalam
1667 4623 1802 4679 boam
1823 4625 1888 4682 riae

239 4727 307 4766 ruam
320 4712 1030 4786 posuitscientiam‚tanquampicturam,quaestatum
1085 4725 1192 4776 aetem
1207 4717 1372 4790 promissio!
1394 4715 1470 4772 Felix
1490 4714 1538 4787 qui
1559 4723 1663 4771 ιιιιιιιιι
1684 4715 1740 4784 iam
1759 4711 1887 4780 munit,

240 4799 341 4855 habere
356 4808 471 4870 nequeat
484 4816 566 4871 super
576 4816 672 4856 triaue:
689 4809 716 4857 et
730 4801 790 4858 idco
800 4802 845 4858 illa
859 4803 915 4859 duo
928 4807 1031 4874 praemi
1085 4809 1189 4864 hahens
1202 4807 1309 4864 interim
1328 4805 1437 4876 quidem
1458 4804 1574 4860 fructum
1589 4819 1667 4859 suoru
1683 4804 1711 4858 in
1728 4799 1888 4858 mutun-

239 4887 275 4942 sit
289 4894 317 4942 rt
335 4889 449 4958 subjecit
467 4888 520 4955 illi,
533 4899 660 4960 tanquam
680 4889 703 4944 si
717 4888 835 4946 solidum
854 4892 955 4963 aliquid
972 4893 1029 4964 pic·
1084 4897 1197 4962 tionem,
1213 4895 1295 4951 fluent
1316 4909 1381 4954 raro
1400 4893 1483 4948 vitam
1506 4891 1650 4948 aeternami
1667 4889 1764 4946 llerito
1783 4891 1836 4962 qui
1851 4905 1887 4946 ee

238 4986 306 5033 turre
320 4977 511 5032 substerneret.
524 4976 638 5036 &curus
647 4979 701 5044 jem
719 4977 856 5035 intendam
868 4979 995 5048 scientiae,
1006 4981 1029 5036 si
1083 4985 1191 5042 invento
1212 4982 1296 5049 licvit,
1313 4983 1424 5056 gavisos
1446 4985 1490 5040 cel
1508 4981 1567 5036 riso
1589 4980 1729 5036 Domino:
1749 4980 1784 5035 ad
1804 4981 1887 5050 aiu

236 5066 299 5124 vitae
313 5064 390 5138 prius
401 5080 449 5135 per
465 5063 621 5123 beneficium
632 5068 691 5139 spai
704 5067 874 5124 securitatem
888 5085 1029 5142 accepera.
1082 5073 1177 5144 utique
1210 5071 1391 5128 miserationis
1418 5070 1547 5127 intuitum
1575 5079 1666 5128 ιιιιιοι
1698 5069 1756 5138 jam
1783 5067 1887 5126 levavit

237 5157 277 5212 Tu
289 5171 356 5230 ergo
365 5155 502 5212 seminasti
513 5156 561 5212 tibi
576 5158 608 5210 ad
621 5157 762 5226 justitiam,
778 5158 801 5211 si
815 5173 847 5213 ea
860 5174 922 5214 vcra
936 5159 1030 5216 notitia
1084 5161 1253 5232 nranipuios,
1282 5160 1488 5230 remissionem,
1517 5157 1778 5224 sanctificationem,
1807 5171 1884 5230 spen

236 5246 272 5301 tui
288 5245 422 5318 evigilasti
438 5243 534 5301 timere
557 5247 655 5314 Deum
685 5253 854 5318 temetipsum
872 5247 1029 5318 humiliasti,
1083 5248 1154 5307 ritoe.
1166 5247 1191 5304 0
1205 5261 1285 5321 qoem
1299 5261 1377 5304 verus
1390 5255 1433 5303 est
1446 5245 1597 5316 sermoqui
1616 5244 1643 5300 iu
1661 5243 1796 5315 Propbete
1812 5241 1885 5318 lagi·

235 5335 328 5392 ludisti
342 5338 485 5408 lacrymas,
499 5333 684 5405 eleemosynas
699 5332 851 5404 profudisti,
870 5337 1029 5408 ceterisque
1082 5345 1144 5394 tor:
1159 5339 1213 5408 Qui
1225 5339 1370 5394 seminent
1387 5331 1501 5391 twa
1514 5335 1547 5389 ia
1559 5333 1705 5407 menia,
1715 5331 1886 5389 iam&-

235 5437 261 5484 tc
277 5425 384 5498 pietatis
398 5423 550 5482 acdouibus
563 5421 734 5493 mancipasti,
750 5423 773 5478 si
784 5424 896 5494 jejuniis
911 5432 939 5482 et
961 5425 1029 5496 vigi-
1084 5430 1161 5485 tione
1172 5430 1280 5485 nutem
1294 5427 1382 5497 (Paci.
1395 5437 1486 5492 cxxv,
1500 5421 1539 5494 b).
1554 5421 1607 5480 Ubi
1625 5421 1743 5478 bmriter
1759 5435 1884 5491 europe·

235 5513 278 5568 liis
303 5513 422 5569 alilixisti
446 5529 554 5584 corpus,
571 5513 594 5568 si
620 5517 715 5582 pectus
742 5512 922 5583 tonsionibus,
944 5515 1028 5569 coeics
1083 5513 1165 5568 hensa
1191 5523 1305 5584 utraque
1327 5509 1445 5584 cognitio
1465 5517 1506 5564 eat
1529 5526 1537 5564 :
1558 5515 1586 5564 et
1609 5508 1695 5566 uoshi
1719 5507 1832 5581 quidem
1855 5507 1882 5563 in

234 5601 398 5659 clamoribus
418 5600 546 5674 fatigasti.
562 5601 620 5657 llcc
642 5601 775 5673 siquidem
791 5601 923 5656 sominare
938 5608 981 5656 est
993 5600 1027 5657 ad
1083 5601 1205 5671 iacrymis
1218 5614 1331 5668 serens;
1347 5613 1408 5671 que
1421 5603 1511 5654 auum
1524 5597 1583 5664 liei,
1603 5607 1707 5652 metens
1722 5597 1750 5651 iu
1769 5595 1882 5669 gaudio.

231 5689 372 5763 justitiam.
397 5689 505 5746 Semina
527 5695 590 5746 sunt
616 5687 689 5744 bona
709 5703 804 5770 opera,
825 5689 895 5744 bona
915 5688 1025 5762 studia3
1117 5691 1145 5747 5.
1170 5688 1224 5744 llac
1242 5702 1308 5762 ergo
1331 5687 1359 5742 in
1381 5685 1460 5743 nobis
1485 5685 1598 5759 gemina
1619 5693 1760 5758 praeeunte
1779 5683 1884 5754 botibe,
