3996 6350
241 379 278 440 rs
969 375 1147 440 omuino.
1521 358 1526 366 '
1850 359 1900 434 ao
1975 367 1980 374 ⁴

236 517 318 580 quem
331 505 441 566 'rident
457 498 623 580 transtorare
633 499 800 568 dissimulet,
816 517 851 558 ne
865 501 937 558 forte
951 502 1105 574 recogitent
1120 508 1148 558 et
1162 501 1334 568 erubescant,
1356 501 1469 572 ipsaque
1491 497 1654 556 verecundia
1667 499 1890 555 emendentur.»

239 597 273 651 lit
286 593 376 650 inira:
393 608 408 644 e
423 588 507 646 Vides
521 601 588 661 ergo
598 602 654 644 non
670 589 797 645 omnibus
808 590 949 662 prodesse,
960 589 1032 661 quod
1047 606 1063 646 a
1076 589 1153 661 lepra
1167 589 1307 646 saecularis
1322 587 1545 654 conversationis,
1563 587 1641 658 cujus
1666 593 1777 658 peccata
1799 587 1896 642 rnani-

237 683 308 740 festa
320 685 395 746 sunt,
406 677 589 734 emundantur
605 695 612 732 ι
628 675 677 733 sed
692 678 827 734 nonnullis
840 678 918 749 pejus
928 678 955 732 in
968 677 1074 735 occulto
1087 678 1289 752 ingratitudinis
1316 678 1392 734 ulcus
1423 675 1496 741 oriri,
1512 675 1587 748 quod
1611 683 1686 730 tanto
1704 674 1893 746 periculosius
1979 733 1980 750 ,

237 769 280 835 sit,
294 775 398 842 quanto
411 766 534 824 interius.
553 764 679 821 »Nimius
694 765 756 835 sim,
771 765 794 820 si
809 765 835 820 id
849 781 937 838 genus
950 768 1116 838 argumenti,
1133 767 1223 840 quoad
1237 767 1343 839 liceret,
1366 771 1532 838 pertractare
1547 763 1645 821 velim:
1671 765 1729 820 baec
1751 764 1779 820 in
1795 767 1894 837 speci·

236 872 301 913 men
315 857 344 914 'et
352 855 460 928 piorum
473 855 606 912 lectorum
622 853 808 925 adjumentum
824 845 971 912 sufficiant.

270 945 339 1002 XX.
365 943 494 1002 Doctrina
522 943 618 999 borum
644 957 801 1000 sermonum
819 958 874 999 non
895 945 977 1000 modo
995 941 1098 1016 pietate
1128 943 1231 999 relcrta
1253 951 1304 1013 cst,
1330 942 1378 998 sed
1399 942 1480 998 ctiam
1499 941 1589 1013 plana,
1615 938 1701 996 lacilis
1720 946 1749 997 et
1776 944 1890 1016 absque

205 1030 212 1046 ⁸
235 1031 414 1090 olieudiculo.
430 1032 523 1104 Siqua
542 1038 632 1086 tamen
652 1031 782 1088 lectorem
796 1031 1038 1102 miuuseruditnmf
1052 1030 1183 1089 remorari
1204 1040 1331 1103 possunt,
1347 1047 1381 1087 ea
1394 1029 1461 1086 locis
1473 1031 1528 1086 suis
1551 1028 1765 1100 explicabuntur.
1791 1031 1889 1087 Unum
1979 1037 1980 1042 ’

235 1120 280 1178 bic
295 1121 442 1194 explanare
456 1121 542 1190 iuvat,
557 1135 657 1190 uempe
671 1119 758 1192 qualis
771 1119 858 1188 luerit¹
871 1119 999 1176 bernardi
1014 1121 1049 1176 de
1064 1127 1135 1176 statu
1150 1119 1300 1176 animarum
1313 1127 1466 1174 sanctarum
1482 1131 1597 1188 corpore
1616 1116 1764 1173 soluturum
1786 1119 1888 1189 opinio
1979 1183 1980 1188 η

234 1209 262 1264 in
277 1209 365 1266 tribus
379 1208 559 1276 sermonibus,
576 1209 707 1275 secundo,
729 1209 818 1276 tertio,
839 1215 975 1281 etquarto
989 1209 1017 1263 in
1039 1208 1110 1265 lesto
1132 1207 1259 1266 Omnium
1282 1207 1453 1272 Sanctorum,
1475 1213 1503 1261 et
1525 1205 1554 1260 in
1576 1220 1702 1261 sermone
1726 1214 1824 1278 quarto
1853 1208 1886 1262 in

235 1297 411 1354 Dedicatione
426 1295 559 1364 ecclesiae,
580 1305 608 1353 et
622 1297 696 1353 alibi.
713 1295 847 1368 Principio
865 1304 975 1352 sanctus
989 1296 1129 1354 doctorita
1144 1312 1220 1352 suam
1230 1298 1281 1352 bac
1293 1297 1328 1351 de
1342 1311 1372 1350 re
1386 1305 1505 1350 mentem
1520 1293 1615 1364 aperit,
1627 1300 1659 1348 ut
1673 1309 1728 1349 nou
1742 1295 1839 1350 leviter
1850 1311 1887 1350 ac

235 1384 432 1457 perfunctorie,
446 1386 501 1442 imo
512 1383 573 1441 data
587 1400 672 1456 opera
687 1392 714 1439 et
725 1385 867 1456 praemisse
877 1385 1002 1442 oratioue
1017 1401 1078 1440 earn
1089 1386 1236 1458 expendat,
1252 1385 1300 1440 sed
1319 1403 1331 1435 a
1348 1381 1571 1455 sinepraejudicio
1585 1396 1663 1452 sane,
1692 1383 1715 1436 si
1744 1382 1787 1438 cui
1810 1383 1887 1439 lorte

236 1473 316 1530 aliter
332 1472 414 1530 luerit
428 1473 585 1540 revelatum,
603 1491 616 1524 a
642 1475 747 1528 tametsi
764 1487 877 1544 «super
894 1475 945 1530 boc
974 1490 1085 1529 sensum
1099 1495 1110 1525 ι
1122 1474 1171 1530 liei
1181 1475 1283 1528 habere
1297 1488 1328 1528 se
1342 1480 1429 1543 putet,
1443 1477 1474 1526 ut
1487 1471 1545 1542 ipse
1560 1470 1625 1525 dicit
1640 1471 1670 1524 in
1685 1485 1810 1526 sermone
1823 1472 1887 1527 lde
1979 1475 1980 1514 i

236 1559 346 1629 sanetis,
365 1578 393 1618 n.
411 1566 423 1616 t
442 1568 471 1617 et
484 1565 510 1616 2.
527 1561 632 1618 Deinde
643 1561 783 1632 praemisso
799 1561 897 1632 triplici
912 1561 1066 1618 animarum
1080 1569 1162 1630 statu,
1181 1583 1193 1614 e
1213 1561 1241 1616 in
1262 1576 1376 1632 corpore
1401 1557 1578 1630 corruptibili,
1598 1558 1657 1614 sine
1675 1573 1800 1629 corpore,
1823 1569 1887 1616 aet

237 1671 249 1702 e
265 1650 293 1706 iu
308 1665 423 1721 corpore
437 1651 492 1722 jum
507 1650 667 1722 glorificato,
685 1669 698 1702 v
716 1651 751 1705 de
767 1650 857 1706 medio
873 1659 945 1706 statu
959 1651 1109 1716 disserens,
1125 1650 1288 1707 sententiam
1303 1663 1378 1705 suam
1393 1647 1421 1703 in
1436 1654 1551 1719 quatuor
1575 1645 1707 1717 capitibus
1729 1647 1883 1704 constituit.

234 1737 324 1794 Primo
337 1737 365 1794 iu
382 1754 415 1794 eo
430 1737 503 1810 quod
520 1745 621 1794 sanetae.
637 1738 689 1794 illae
700 1739 797 1794 animae
811 1754 929 1810 corpore
943 1740 1038 1795 solutae
1053 1741 1144 1794 statim
1159 1739 1337 1794 admittuntur
1350 1737 1378 1792 in
1392 1736 1541 1802 coelum,ex
1556 1735 1654 1791 codem
1667 1749 1797 1791 sermone
1812 1739 1839 1803 i,
1852 1755 1883 1792 n.

237 1830 263 1895 l,
278 1827 404 1898 adeoque
419 1849 432 1879 a
446 1827 475 1881 in
485 1827 653 1883 consortium
668 1827 840 1900 angelorum,
860 1851 873 1876 ι
888 1835 919 1882 ut
936 1827 972 1883 de
987 1835 1082 1884 sancto
1093 1828 1224 1884 llalacbia
1239 1826 1332 1882 scribit
1355 1839 1482 1880 sermone
1496 1823 1627 1891 secundo,
1657 1840 1685 1890 n,
1705 1826 1732 1883 5.
1753 1825 1884 1880 Secundo
1979 1835 1980 1858 ι

233 1913 294 1972 istic
306 1923 450 1972 versantur
467 1935 480 1964 r
500 1915 528 1970 in
542 1915 603 1972 luce
618 1915 711 1984 multa,
735 1935 748 1967 s
764 1922 795 1971 ut
810 1915 838 1970 in
848 1915 945 1972 eodem
965 1931 1092 1972 sermone
1106 1919 1131 1984 l,
1148 1932 1176 1972 n.
1196 1921 1220 1970 l.
1231 1913 1424 1971 Tertiovident
1438 1911 1536 1970 Christi
1557 1912 1762 1983 humanitatem,
1777 1911 1884 1969 ibidem

234 2019 262 2060 ιι.
276 2006 310 2072 2;
327 2001 376 2060 sed
390 2019 445 2060 non
455 2003 634 2069 divinitatem,
668 2003 742 2076 quod
757 2003 865 2060 nonnisi
880 2012 941 2074 post
957 2005 1183 2060 resurrectionem
1203 2003 1238 2059 sit
1251 2002 1317 2074 ipsis
1331 2001 1538 2059 concedendum
1557 2023 1569 2053 ι
1590 2001 1702 2056 lnterim
1717 2001 1767 2056 sub
1791 2001 1882 2070 altari,

234 2091 261 2146 id
271 2097 314 2147 est
330 2113 342 2143 ι
359 2092 409 2148 sub
423 2092 523 2149 Christi
538 2091 717 2160 humanitate,
734 2091 850 2148 feliciter
864 2092 948 2150 meoli
964 2091 1117 2165 quiescunt,
1143 2092 1170 2146 in
1192 2107 1272 2164 quarn
1296 2090 1423 2146 nimirum
1437 2090 1595 2146 desiderant
1616 2089 1697 2162 etiam
1716 2088 1807 2164 angeli
1827 2089 1882 2161 ipsi

233 2179 402 2252 prospicere.
425 2200 437 2232 s
454 2180 559 2250 Quarto
573 2180 692 2253 denique
710 2200 723 2232 r
739 2180 867 2251 gaudium
885 2182 988 2236 babent
1001 2180 1029 2236 in
1044 2180 1140 2253 spiritu
1155 2195 1216 2245 suo,
1236 2179 1356 2235 letitiam
1370 2178 1483 2234 multam
1497 2178 1524 2233 in
1552 2178 1635 2234 corde
1651 2193 1712 2247 suo,
1737 2177 1800 2234 licet
1825 2193 1881 2234 non

234 2268 342 2340 plenam
359 2288 371 2320 ι
388 2284 517 2326 sermone
531 2268 652 2326 motando
667 2269 702 2326 de
721 2268 822 2326 sanctis
837 2285 911 2324 num.
928 2272 964 2324 4:
981 2269 1104 2341 adeoque
1120 2285 1175 2325 non
1189 2268 1249 2324 sine
1270 2283 1346 2340 ruga,
1371 2283 1497 2323 sermone
1517 2264 1605 2330 tertio,
1622 2283 1651 2323 n.
1671 2269 1698 2336 2,
1723 2282 1822 2338 nempe
1846 2267 1882 2322 ob
1979 2335 1980 2348 χ

234 2356 401 2414 desiderium
411 2357 569 2414 resumendi
582 2372 708 2429 corpora.
730 2359 835 2413 video
853 2357 985 2428 siquidem
1000 2357 1075 2430 viget
1098 2357 1126 2412 in
1154 2356 1187 2412 iis
1211 2356 1374 2413 desiderium
1397 2356 1449 2412 boc
1471 2354 1603 2423 naturale,
1625 2361 1655 2411 ut
1680 2355 1798 2410 necdum
1826 2362 1883 2411 tota
1979 2421 1980 2430 χ

234 2461 327 2502 aarum
342 2443 451 2502 allectio
466 2445 553 2501 libere
568 2453 667 2516 pergat
681 2445 707 2499 iu
720 2445 804 2501 Deum
823 2462 829 2498 :
847 2445 896 2501 sed
911 2447 1089 2501 contrabatur
1107 2445 1227 2516 quodam
1239 2443 1331 2510 modo,
1348 2450 1376 2500 et
1398 2459 1493 2516 rugam
1510 2443 1602 2509 iaciat,
1626 2443 1691 2500 dum
1717 2442 1882 2500 inclinantur

234 2531 371 2589 desiderio
385 2533 478 2603 ejus.»
494 2531 599 2588 Eadem
622 2531 758 2588 sententia
772 2541 813 2587 est
827 2533 855 2587 ia
869 2532 939 2588 libro
954 2532 989 2588 de
1004 2532 1147 2608 Diligendo
1172 2534 1239 2599 Deo,
1257 2550 1285 2588 n.
1314 2535 1358 2588 32.
1372 2533 1435 2588 llaec
1460 2531 1518 2588 iere
1532 2531 1662 2587 bernardi
1686 2529 1810 2587 doctrina
1829 2539 1881 2600 est,
1979 2523 1980 2538 ¹

234 2635 313 2694 quarn
329 2619 381 2675 sub
394 2619 525 2691 opinione
540 2619 673 2676 duntaxat
687 2619 825 2691 exposuit,
840 2628 870 2674 ut
883 2625 959 2690 patet
973 2636 1007 2676 ex
1022 2620 1091 2677 libro
1110 2637 1128 2675 v
1152 2620 1192 2676 De
1214 2620 1444 2686 consideratione,
1473 2635 1534 2695 cap.
1560 2622 1586 2684 4,
1612 2636 1641 2675 ιι.
1667 2623 1694 2686 9,
1714 2619 1759 2675 ubi
1779 2621 1882 2675 animas
1979 2679 1980 2682 Ἴ

233 2715 341 2765 nectas
353 2715 504 2779 martyrum
518 2706 676 2764 considerat
689 2706 787 2763 insiuu
801 2707 918 2764 Abrabae
932 2729 943 2759 ι
963 2715 990 2764 et
1001 2709 1053 2764 sub
1066 2708 1155 2780 altari,
1171 2709 1352 2780 quodcunque
1367 2706 1433 2764 illud
1446 2715 1498 2773 est,
1515 2708 1544 2763 in
1558 2706 1646 2778 prima
1655 2708 1724 2764 stola
1733 2707 1881 2764 secundam
1979 2771 1980 2790 ,

235 2795 432 2868 patientissime
447 2803 636 2867 expectantes.
654 2817 666 2843 ι
1979 2793 1980 2806 ἢ

271 2884 349 2940 xxi.
363 2883 429 2939 Cum
443 2883 497 2939 ista
511 2882 595 2939 luerit
608 2883 739 2938 Bernardi
756 2883 860 2955 opinio,
876 2883 904 2938 in
920 2883 1082 2954 quibusdam
1097 2891 1189 2942 tamen
1198 2884 1264 2942 locis
1283 2883 1384 2942 sanctis
1397 2883 1539 2940 animabus
1563 2883 1656 2940 tribuit
1676 2883 1808 2941 visionem
1822 2885 1882 2952 Dei,

236 2982 341 3029 etcum
356 2969 516 3028 llalacbiam
539 2971 622 3042 spari
637 2987 698 3027 cum
716 2970 822 3042 angelis
840 2971 927 3046 gloria
941 2978 971 3027 ct
988 2971 1117 3029 felicitate
1134 2993 1145 3022 ι
1162 2973 1248 3029 laetari
1262 2973 1326 3028 dicit
1340 2987 1467 3028 sermone
1478 2976 1494 3027 Β
1506 2973 1592 3040 dceo,
1609 2989 1638 3042 n,
1659 2975 1694 3040 ὃς
1711 2979 1738 3028 et
1751 2972 1883 3046 quosdam

238 3069 348 3117 muetos
368 3062 424 3131 jam
459 3057 593 3116 meruisse
619 3059 755 3115 introduci
780 3060 809 3114 in
838 3067 933 3115 saneta
957 3067 1123 3128 sanctorum,
1150 3061 1224 3118 aubi
1250 3061 1343 3118 vident
1357 3060 1454 3117 taciem
1478 3059 1586 3127 stantis,
1617 3059 1643 3114 id
1671 3069 1713 3117 est
1733 3060 1884 3117 claritatem

238 3149 467 3206 incommutabilis
478 3147 540 3216 llei,
560 3168 571 3198 ι
587 3147 839 3219 sermonequodam
854 3147 883 3202 in
894 3148 1023 3204 Cantica:
1039 3148 1073 3203 ad
1092 3149 1153 3207 haec
1167 3158 1300 3222 martyres
1317 3149 1487 3205 «immersos
1504 3171 1515 3200 s
1533 3164 1620 3205 esser
1636 3147 1771 3205 immenso
1785 3149 1885 3221 pelago

238 3237 333 3295 aeterni
343 3235 452 3292 luminis
466 3244 494 3292 et
504 3235 645 3292 luminosae
661 3236 832 3304 aeternitatis,
852 3256 865 3288 o
881 3236 909 3290 in
924 3236 993 3293 libro
1011 3237 1052 3292 lle
1062 3237 1200 3309 diligendo
1215 3240 1272 3294 Deo
1283 3237 1433 3295 subtiuem.
1453 3236 1556 3294 Clarius
1580 3236 1608 3291 in
1621 3252 1748 3293 sermone
1762 3239 1885 3293 secundo

239 3327 274 3383 de
289 3334 382 3382 sancto
392 3324 514 3394 Victore,
530 3341 559 3380 ιι.
574 3326 610 3380 l:
628 3345 641 3378 e
656 3325 715 3379 lam
730 3323 811 3381 caelos
823 3324 975 3398 ingressus,
991 3340 1061 3398 quos
1075 3333 1103 3381 et
1116 3331 1181 3383 ante
1195 3332 1306 3398 apertos
1319 3327 1406 3382 beatis
1420 3325 1508 3382 oculis
1523 3325 1697 3396 suspiciebat,
1721 3339 1789 3381 vers
1811 3341 1886 3382 nnuc

239 3414 360 3471 revelata
373 3411 442 3470 iacis
456 3411 612 3484 speculatur
625 3412 740 3486 gloriam
752 3413 812 3480 liei,
829 3413 974 3484 absorptus
988 3412 1107 3485 quidem,
1123 3414 1172 3470 sed
1187 3429 1243 3470 non
1255 3414 1357 3471 oblitus
1370 3415 1517 3470 clamorem
1531 3429 1691 3486 pauperum.
1707 3414 1790 3470 Beata
1805 3414 1886 3482 visio,

239 3517 293 3576 qua
306 3503 334 3557 in
349 3501 474 3558 eamdem
488 3501 635 3573 imaginem
645 3501 852 3558 transformatur
865 3503 900 3558 de
914 3501 1035 3558 claritate
1045 3503 1075 3558 in
1087 3502 1246 3571 claritatem,
1263 3511 1391 3575 tanquam
1406 3500 1682 3574 abominiSpiritn.»
1697 3505 1735 3557 nt
1748 3503 1888 3574 quomodo

242 3593 301 3648 baec
315 3607 377 3647 cum
393 3589 527 3661 superiori
542 3590 673 3646 lternardi
686 3591 824 3647 sententia
837 3591 965 3662 componi
980 3599 1105 3662 possunt,
1128 3607 1190 3648 curn
1204 3591 1313 3648 disertis
1330 3591 1423 3648 verbis
1450 3597 1555 3648 asserat
1580 3607 1707 3648 sermone
1735 3602 1833 3663 quarto
1851 3593 1889 3648 de

239 3678 354 3746 uncus,
365 3694 395 3734 u.
411 3683 439 3746 t,
453 3678 501 3734 ubi
515 3679 568 3736 boc
580 3685 771 3751 argumentum
782 3693 814 3735 ex
827 3678 951 3751 prolesso
967 3685 1072 3748 tractat,
1087 3679 1181 3736 Filium
1191 3680 1283 3737 electis
1295 3680 1350 3736 suis
1358 3685 1420 3752 post
1427 3678 1654 3736 resurrectionem
1660 3679 1888 3748 ministraturum,

243 3787 256 3820 e
272 3781 358 3824 novas
372 3767 476 3840 utique,
488 3773 517 3824 et
532 3766 665 3840 usquead
680 3773 788 3838 tempus
803 3766 869 3822 illud
882 3766 991 3840 penitus
1005 3767 1161 3838 inexpertas
1169 3767 1280 3824 delicias
1290 3768 1439 3824 manifesta
1453 3784 1509 3824 sua
1532 3767 1791 3839 contemplationis?
1807 3789 1819 3819 a
1845 3769 1889 3823 An

242 3854 313 3912 lorte
325 3857 397 3912 bane
410 3855 573 3912 septemium
587 3863 684 3928 postea
699 3855 858 3911 retractavit
872 3864 901 3912 et
916 3855 1094 3912 emendavit?
1108 3858 1141 3911 lt
1154 3857 1179 3911 id
1196 3855 1332 3913 affirmare
1347 3857 1511 3928 inpromptu
1530 3870 1586 3913 non
1608 3863 1660 3926 est,
1685 3871 1745 3912 curn
1767 3863 1888 3928 tempus,

241 3955 296 4016 qno
309 3957 452 4000 sermones
466 3943 494 3999 in
504 3944 624 4016 speciem
634 3950 790 4020 pugnantes
800 3942 885 3999 babiti
900 3950 973 4010 sunt,
989 3959 1045 4000 non
1059 3944 1141 4012 liceat
1152 3952 1280 4002 accurate
1304 3945 1431 4002 definire.
1844 3951 1849 3960 ‘

276 4031 367 4088 xxti.
383 4031 434 4088 llio
447 4032 527 4088 nobis
540 4032 788 4089 occurrithomas
803 4031 911 4106 anglus
923 4031 952 4087 in
967 4031 1057 4089 libello
1079 4032 1120 4090 De
1135 4034 1225 4090 medio
1241 4033 1391 4090 animarum
1413 4040 1494 4101 statu,
1513 4035 1647 4090 Demenso
1667 4036 1694 4100 t,
1724 4032 1769 4088 ubi
1790 4043 1892 4090 censet

240 4119 410 4177 bernardum
428 4135 446 4176 e
462 4119 588 4177 Patribus
606 4119 725 4192 primum
746 4120 888 4176 beatorum
907 4119 1050 4177 animabus
1073 4121 1169 4180 solutis
1191 4123 1285 4178 sedem
1308 4122 1336 4178 in
1358 4122 1428 4180 coelo
1446 4122 1589 4189 tribuisse,
1618 4138 1700 4194 quam
1729 4125 1824 4178 Patres
1844 4123 1892 4177 alii

242 4207 413 4280 antiquiores
425 4207 533 4264 nonnisi
544 4214 608 4281 post
626 4215 778 4265 extremum
791 4208 922 4279 judicium
936 4209 1023 4265 beatis
1038 4210 1199 4267 tribuerint:
1214 4211 1366 4269 Divinitatis
1385 4211 1516 4268 visionem
1531 4211 1636 4268 eisdem
1658 4212 1810 4286 denegasse
1824 4221 1892 4266 ante
1924 4273 1927 4278 ,

243 4295 484 4366 resurrectionem,
499 4312 581 4369 quam
594 4297 726 4354 visionem
740 4297 785 4352 isti
793 4297 860 4368 ipsis
882 4298 1076 4354 concesserint.
1101 4299 1132 4354 ln
1146 4300 1229 4370 priori
1257 4301 1345 4373 capite
1372 4301 1502 4357 Tbomam
1531 4299 1670 4356 allucinari
1699 4305 1803 4355 certum
1833 4307 1889 4366 est,
1979 4299 1980 4330 ³

243 4386 362 4458 ejusque
373 4383 456 4442 errati
466 4391 522 4441 tres
536 4393 642 4442 tantum
657 4385 917 4457 testesprolerimus,
934 4387 1109 4459 cyprianum,
1125 4389 1277 4456 alcuinum,
1292 4397 1321 4445 et
1340 4390 1448 4446 Florum
1472 4389 1616 4446 diaconum
1630 4388 1759 4446 Ecclesiae
1780 4387 1893 4460 Lugdu-

244 4473 347 4542 nensis,
362 4487 459 4530 omnes
469 4474 609 4530 bernardo
623 4482 704 4532 vetate
713 4473 795 4546 longe
810 4475 975 4544 superiores.
991 4476 1143 4548 Cyprianus
1156 4476 1207 4533 sub
1216 4477 1298 4534 linem
1322 4477 1385 4534 libri
1398 4478 1434 4535 de
1449 4478 1651 4534 Exhortatiome
1679 4476 1811 4550 martyrii,
1825 4492 1890 4548 cap.

245 4566 298 4619 li:
314 4584 325 4614 ι
341 4562 450 4633 Quanta
465 4570 507 4618 est
519 4562 648 4634 dignitas,
663 4583 675 4614 ι
691 4563 789 4635 inquit,
805 4583 818 4616 a
835 4569 864 4620 ct
878 4571 979 4638 quanta
994 4565 1158 4624 securitas...
1173 4565 1301 4624 claudere
1324 4567 1352 4622 iu
1367 4575 1505 4623 momento
1519 4567 1621 4633 oeulos,
1645 4565 1743 4636 quibus
1766 4563 1892 4619 homines

244 4651 409 4710 videbantur
427 4658 456 4708 et
468 4652 602 4720 mnndus;
611 4659 640 4707 et
653 4651 760 4724 aperire
772 4652 884 4708 eosdem
898 4652 1001 4719 statim,
1016 4659 1046 4708 ut
1073 4656 1145 4710 Deus
1159 4654 1283 4712 videatur
1298 4656 1444 4712 Christus?
1460 4655 1551 4711 Terris
1574 4661 1688 4726 repente
1707 4652 1890 4716 subtraheris,

245 4740 317 4796 utin
332 4739 426 4814 regnis
440 4739 598 4797 caelestibus
612 4741 763 4812 reponaris.
782 4763 793 4790 ι
809 4741 921 4797 Bretina
935 4741 962 4796 iu
977 4741 1046 4798 libro
1061 4742 1096 4798 de
1110 4743 1200 4800 Laude
1213 4745 1345 4816 martyrii.
1364 4745 1466 4801 «uelo
1480 4751 1613 4816 martyres
1626 4742 1757 4814 gaudent.
1768 4761 1781 4792 r
1792 4741 1893 4811 Neque

244 4844 312 4888 vero
326 4829 401 4884 solos
414 4838 558 4901 martyres,
573 4829 624 4886 sed
640 4829 844 4901 etpatriarcbes
857 4845 890 4887 ao
903 4831 1053 4902 propbetas
1073 4847 1136 4888 oum
1156 4834 1286 4903 apostolis
1309 4833 1371 4890 eceli
1393 4833 1449 4903 jam
1469 4847 1642 4904 possessores
1662 4845 1724 4887 esse
1739 4829 1840 4885 asserit
1860 4829 1892 4883 in

245 4915 332 4992 priori
344 4916 415 4974 loco.
424 4916 553 4975 blmdnus
562 4933 628 4976 vero
643 4918 671 4974 in
680 4919 795 4991 epistola
810 4921 841 4973 tl
859 4925 972 4974 testatm
997 4933 1046 4976 suo
1063 4927 1186 4991 tempore
1200 4921 1397 4978 dubitationem
1408 4921 1517 4994 quidem
1527 4937 1560 4977 ea
1573 4921 1609 4977 de
1619 4936 1648 4976 re
1656 4919 1729 4991 apud
1744 4917 1895 4974 nonnullos

245 5005 639 5076 ruse,seeoeeu1nm,n0n
668 5007 860 5064 manifestam:
881 5007 959 5080 quasi
972 5007 1017 5063 isti
1045 5023 1169 5066 errorem
1196 5025 1285 5077 suurn,
1310 5011 1356 5083 qui
1371 5017 1466 5066 contra
1494 5009 1614 5066 omniurn
1643 5006 1805 5064 seutentiam
1820 5013 1894 5070 erat,
1979 5031 1980 5040 ι

245 5094 366 5170 prodere
392 5105 562 5153 vererentur.
594 5096 676 5152 «list
697 5111 840 5168 qnoque.»
866 5095 964 5167 inquit,
987 5097 1043 5151 «in
1066 5096 1228 5168 quibusdam
1255 5097 1376 5154 clancula
1398 5097 1539 5165 dubitatio,
1559 5114 1594 5153 eu
1612 5098 1711 5153 animae
1727 5103 1898 5168 ‚sanctornm

245 5183 441 5258 apostolarum,
458 5194 487 5243 et
505 5191 664 5258 martyrum,
680 5183 850 5256 aliorumque
864 5183 1057 5257 perfectorum,
1074 5193 1138 5242 aute
1155 5186 1228 5243 diem
1246 5187 1339 5258 judicii
1353 5188 1380 5242 in
1394 5188 1507 5244 eoeleate
1537 5186 1701 5258 recipiantur
1720 5199 1834 5259 regnum
1853 5201 1859 5236 ι
1881 5201 1894 5230 ι
1979 5225 1980 5228 .

247 5287 328 5348 ᾳιιιιιι
342 5272 500 5346 opinionem
514 5274 661 5346 improbat,
683 5282 765 5344 atque
781 5271 854 5330 inter
867 5273 985 5330 haereses
1010 5274 1168 5346 llispanioas
1191 5282 1328 5348 computat
1350 5277 1489 5334 alcuinus.
1514 5278 1549 5330 At
1572 5273 1732 5331 luculentior
1760 5279 1801 5328 est
1819 5271 1895 5326 Flori

248 5363 383 5419 εοιιιοιιιίι
396 5362 425 5418 in
441 5363 612 5436 expositione
626 5362 724 5427 llissae,
735 5361 770 5416 ad
785 5361 830 5417 illa
844 5363 1055 5419 Canonisverba
1071 5383 1078 5419 r
1097 5385 1107 5413 ι
1126 5365 1264 5422 blemento
1281 5366 1373 5436 etiam,
1389 5367 1517 5436 Domine,
1543 5361 1716 5430 famulorum,
1734 5381 1746 5413 u
1765 5367 1830 5426 etc,
1846 5359 1896 5415 ubi
1979 5353 1980 5394 l

247 5449 343 5508 Florus
356 5451 394 5506 ita
405 5459 606 5509 commentatur
620 5467 629 5505 ε
648 5469 661 5503 v
677 5450 751 5506 buce
765 5451 864 5507 elarius
877 5458 992 5523 conam,
1009 5452 1073 5524 quia
1087 5454 1271 5525 perlectorum
1281 5453 1416 5524 justorum
1429 5455 1536 5524 animae,
1553 5467 1614 5508 mox
1630 5458 1660 5508 ut
1679 5451 1761 5520 hujus
1774 5451 1896 5505 claustra
1979 5449 1980 5528 ζ

247 5539 337 5597 earnis
350 5548 459 5613 exeunt,
474 5541 503 5596 in
521 5537 679 5597 mesdbus
694 5538 806 5596 sedibus
825 5539 1001 5612 recipiantur.
1017 5561 1030 5594 ι
1049 5541 1120 5599 Nihil
1138 5542 1179 5599 bis
1197 5544 1356 5601 testimoniis
1373 5542 1472 5600 clarius
1485 5543 1617 5601 adversus
1631 5541 1762 5596 Thomam
1775 5536 1897 5610 Argium
1979 5593 1980 5618 ,

247 5643 298 5700 pro
311 5629 453 5698 barnardi,
467 5629 521 5686 iuno
534 5627 663 5685 Ecclesiae
677 5628 823 5685 senwntia.
