4150 6348
243 335 297 401 459
705 327 735 390 S.
753 323 923 390 eumeuii
941 319 1080 386 nuituis
1098 314 1423 384 dummltbuttlffls.
1836 297 1891 364 tot

246 471 362 526 buntur.
377 459 521 522 infirmiori
536 457 733 532 puletocordis‚
749 464 778 514 et
789 456 886 514 animer
901 454 1038 528 languenti
1054 474 1078 554 Α
1093 452 1127 511 de
1139 450 1226 510 Petris
1239 448 1309 516 istis,
1330 444 1377 519 qui
1403 436 1566 500 fiducialiter
1587 433 1733 532 loquantur
1746 424 1866 486 uondm
1882 441 1890 480 :

245 554 414 613 adhucdum
430 560 458 609 et
473 549 589 623 insipide
601 565 644 606 res
657 546 762 604 ridetur
776 563 836 602 esse
854 545 970 616 justitia3
991 542 1040 600 sed
1094 545 1164 600 Eece
1176 557 1228 598 mos
1248 537 1419 612 reliquimus
1443 531 1541 588 omnio
1559 529 1588 584 el
1603 525 1693 583 secuti
1712 534 1812 578 somus
1833 521 1861 574 te
1877 513 1893 568 i

244 644 291 718 qui
315 648 501 716 gustaverunt,
520 654 582 695 eece
605 635 657 707 ipsi
672 634 761 694 sciunt
782 649 862 706 quam
885 633 958 688 beati
978 637 1041 688 suut
1094 625 1339 704 (llotibmrmtl.)
1354 623 1404 681 Sed
1419 619 1550 690 scriptum
1565 613 1677 684 estjam
1696 609 1725 666 iu
1742 603 1892 679 Evangelio

245 733 292 805 qui
306 730 429 788 esuriunt
449 729 533 804 illam,
557 725 690 802 quonium
712 722 770 796 ipsi
783 723 1000 781 saturabuntur.
1017 719 1040 776 l)
1094 729 1206 784 reterns,
1221 718 1249 773 in
1276 716 1346 772 libro
1373 710 1435 768 ritae
1454 708 1641 780 scriptumest
1668 707 1696 758 et
1723 698 1888 774 signatum:

243 838 309 881 rere
323 819 386 876 leliu
400 827 428 876 at
442 817 561 891 gloriosa
571 814 694 872 satietasl
706 828 723 869 o
733 820 858 870 sanctum
870 807 1037 868 convivium!
1094 809 1175 868 Booti
1183 799 1522 873 misericordes,qoorrabm
1531 796 1588 870 ipsi
1593 787 1892 850 misericordiumccrr·

244 925 262 968 o
277 907 473 968 desiderabiles
491 903 594 978 epulael
611 902 658 959 ubi
678 902 804 959 nimirum
818 898 938 956 anxietas
957 899 1040 964 nulla,
1095 900 1257 970 sequemur.
1273 895 1333 950 lam
1348 905 1423 957 reru,
1440 887 1546 956 iratres,
1561 882 1628 940 sdae
1640 877 1824 938 crudelitatem
1832 875 1891 930 haec

245 994 354 1051 nullum
382 991 482 1065 poterit
508 1005 569 1046 esse
596 988 742 1058 fastidium,
779 983 906 1057 quoniam
935 983 1043 1040 satietas
1095 983 1229 1045 sententia
1242 981 1337 1054 tangit,
1353 978 1399 1050 qui
1412 977 1552 1035 videbatur
1566 972 1643 1044 prius
1672 967 1768 1026 uxoris
1796 976 1889 1020 amore

246 1098 363 1150 summa,
388 1088 415 1136 et
434 1094 569 1135 summum
592 1076 672 1132 inerit
696 1072 871 1132 desiderium.
891 1073 975 1128 Beati
994 1071 1043 1143 qui
1097 1089 1232 1148 peccasse,
1249 1067 1529 1135 accessissemus,
1552 1061 1687 1131 eddam,
1717 1054 1781 1126 quia
1812 1065 1844 1107 os
1858 1050 1892 1106 de

247 1173 378 1232 tillium
388 1173 417 1228 ei
427 1167 694 1238 sitiuntjostitiom,
711 1165 846 1237 quoniam
863 1162 1043 1235 illitiaitlra·
1097 1165 1205 1224 ossibus
1220 1161 1285 1228 tuis,
1300 1168 1398 1216 etcaro
1413 1158 1448 1213 de
1462 1169 1545 1212 carue
1555 1160 1602 1208 tua
1616 1156 1669 1216 est,
1684 1153 1711 1202 et
1724 1147 1783 1216 ejus
1798 1153 1893 1198 umore

248 1263 367 1320 icatur.
376 1259 435 1314 lam
445 1271 508 1314 vcro
522 1255 574 1310 hoc
587 1255 699 1310 verbum
714 1254 842 1310 advorsus
851 1251 936 1306 Adam
951 1264 1044 1320 proce·
1096 1249 1227 1325 peccasti.
1242 1249 1389 1307 videamus
1403 1259 1477 1303 nunc
1490 1249 1623 1314 quantum
1637 1236 1732 1308 olims
1745 1247 1817 1290 eum.
1833 1230 1893 1286 Vo-

248 1347 414 1413 derecredo,
427 1338 1044 1420 quiportionemquidemaliquamvideturte-
1097 1341 1137 1399 nit
1150 1341 1283 1398 Dominus
1305 1339 1417 1413 igneum
1445 1343 1541 1390 tenens
1568 1326 1739 1402 gladiumin
1761 1320 1893 1378 ultionem

249 1437 341 1495 fluisse
353 1433 476 1506 insistitis
494 1431 522 1486 5¹¹
539 1445 571 1486 ⁶⁰
585 1429 660 1503 (1¹¹0d
683 1429 787 1486 mulieri
807 1442 963 1499 ⁰⁰l¹¹l>assus
987 1435 1043 1497 est,
1099 1437 1465 1514 praevaricationiscoppoue
1480 1441 1507 1487 te
1522 1424 1674 1486 discrimini
1685 1427 1795 1496 propter
1806 1417 1892 1484 illam,

250 1527 298 1582 sed
320 1524 344 1579 si
358 1523 488 1579 esurisset
501 1517 642 1591 justitiam,
666 1523 789 1575 curasset
812 1516 869 1573 siue
883 1515 965 1572 dubio
985 1516 1045 1572 red·
1099 1539 1127 1586 eq
1141 1529 1185 1586 ,110
1197 1545 1203 1583 :
1219 1526 1344 1592 pomino,
1361 1523 1458 1579 mulie,-
1471 1518 1603 1577 infirmior
1613 1523 1664 1581 εει,
1677 1510 1773 1568 mutter
1782 1507 1895 1565 eoduma

250 1616 316 1672 (¹⁰¹⁰
343 1611 416 1685 quod
440 1609 565 1678 debebat,
585 1623 639 1664 ⁰01¹
668 1608 749 1663 ¹1¹0d⁰
774 1605 861 1674 ⁰l0lis
887 1606 935 1663 led
962 1605 1045 1660 fflu¹i⁰
1101 1626 1142 1676 est
1159 1635 1166 1674 :
1182 1633 1244 1673 mea
1256 1623 1299 1672 est
1318 1612 1455 1686 iniquitas,
1470 1610 1563 1665 meum
1578 1611 1728 1679 peccatum,
1744 1599 1773 1655 iu
1787 1613 1831 1655 me
1845 1611 1894 1650 so·

249 1703 339 1778 magis
353 1699 480 1756 Creatori.
505 1697 625 1753 Debebat
638 1697 709 1753 euim
732 1695 810 1751 uxori
831 1695 1047 1766 compassionem
1101 1709 1158 1764 pum
1173 1705 1291 1762 ,judicu
1305 1702 1441 1776 pmoedqr,
1450 1699 1503 1756 Sed
1513 1693 1696 1767 „0n10ququf
1708 1689 1748 1746 ,10
1761 1686 1893 1751 mmm,

249 1793 343 1864 utique
375 1799 402 1844 et
428 1785 609 1858 disciplinam,
637 1793 762 1859 tauquam
792 1783 924 1840 interiori.
960 1766 1196 1869 caputssinqqq
1213 1781 1691 1868 quamdequmpqq,d0dsqmrpi
1718 1779 1751 1837 d,
1767 1777 1895 1849 imme

249 1881 323 1937 enim
340 1877 461 1934 mulieris
478 1876 518 1933 vir
544 1875 657 1950 (pres.
682 1890 712 1941 v,
733 1874 789 1945 23).
813 1872 933 1928 babebat
955 1879 1045 1928 autem

248 1972 306 2027 Deo
320 1966 501 2026 obedientiam
522 1973 601 2036 atque
614 1965 819 2034 subjectionem.
835 1961 888 2018 Sed
907 1961 971 2034 quid
997 1977 1048 2033 pu·

251 2069 349 2123 tamus,
379 2053 485 2121 iratres,
505 2050 699 2125 quamplurimi
726 2065 813 2122 usquc
840 2050 919 2106 bodie
947 2049 1047 2106 iactum

250 2146 315 2202 illud
338 2142 454 2216 graviter
473 2139 633 2210 dijudicant,
653 2146 680 2195 et
702 2146 790 2194 tamen
810 2138 966 2210 insipienter
991 2137 1050 2194 imi-

251 2231 359 2291 tantur?
371 2231 550 2306 Indignamur
565 2228 693 2286 adversus
707 2229 804 2295 udam,
823 2227 897 2299 quod
917 2225 1050 2282 obedierit

252 2323 312 2382 voci
332 2321 424 2379 uxoris
447 2317 782 2390 suae‚p1usquambei;
805 2323 831 2371 et
855 2316 908 2389 ipsi
930 2315 1050 2388 quotidie

251 2413 333 2470 Evam
355 2424 442 2480 suam,
467 2420 578 2462 caruem
600 2405 734 2475 uidelicet,
756 2404 867 2460 audiunt
889 2403 1050 2476 plusquam

251 2502 349 2557 Duum.
364 2499 480 2565 Fratres,
500 2495 524 2551 si
538 2493 620 2550 modo
631 2501 793 2566 presentem
803 2492 1049 2552 videremusadam

252 2591 281 2647 iu
295 2605 327 2647 co
341 2587 453 2644 articulo
467 2585 594 2656 positum,
611 2582 819 2642 ascendentibus
838 2582 1050 2656 cogitationibus

252 2679 282 2734 iu
302 2693 349 2733 cor
363 2675 434 2745 ejus,
449 2671 580 2730 coarctari
594 2672 663 2728 inter
684 2685 791 2743 precem
807 2671 908 2742 uxoris,
933 2677 959 2726 et
977 2685 1050 2742 prae·

253 2777 361 2838 coptum
379 2761 526 2826 Creatoris;
556 2775 648 2817 noune
671 2760 853 2816 clamaremus
871 2759 1000 2816 adversus
1019 2759 1052 2814 il·

253 2859 321 2925 lum,
343 2853 477 2910 diceutes:
502 2848 573 2908 Cave
597 2849 659 2914 tibi,
681 2848 773 2918 miser,
797 2848 858 2905 ride
879 2863 913 2904 ue
938 2847 1049 2915 fecerim

253 2945 366 3000 seducta
380 2949 420 2998 est
435 2939 542 3006 mulier,
556 2953 612 2996 non
626 2937 784 3012 acquiescas
797 2935 843 2992 eit
858 2936 958 3009 thuid
972 2951 1050 3009 erqo,

1100 1885 1207 1946 cenredi
1220 1883 1300 1956 (Gen.
1311 1898 1352 1954 ur,
1369 1881 1427 1950 lu).
1445 1877 1469 1934 0
1483 1871 1648 1948 perversitas
1659 1869 1665 1924 l
1675 1870 1786 1924 Poenam
1801 1877 1852 1936 pro
1865 1875 1897 1917 ea

1100 1975 1241 2049 suscipere
1254 1971 1369 2044 relegis,
1386 1977 1414 2025 et
1442 1966 1550 2036 culpam
1573 1959 1717 2017 admittere
1739 1969 1795 2012 nou
1813 1965 1897 2008 recu-

1101 2061 1181 2119 sastil
1212 2060 1377 2130 Quomodo,
1409 2072 1460 2129 pro
1481 2049 1573 2110 dolorl
1598 2047 1691 2107 omnia
1717 2040 1863 2102 conludisti
1890 2037 1896 2094 l

1101 2151 1254 2224 perniciose
1268 2146 1433 2211 misericors,
1451 2141 1515 2198 ubi
1534 2153 1647 2196 severus
1668 2148 1728 2190 esse
1745 2130 1897 2196 debueras3

1102 2249 1130 2296 et
1147 2238 1325 2312 perniciosius
1345 2232 1474 2296 crudelis,
1490 2229 1536 2287 ubi
1561 2223 1773 2284 misericordiam
1795 2219 1901 2289 impen-

1102 2330 1169 2386 dere
1181 2326 1341 2399 oportebat?
1356 2325 1426 2380 Nam
1436 2320 1595 2393 delinquere
1609 2320 1724 2387 propter
1737 2310 1813 2365 illum
1826 2305 1901 2362 nullu

1104 2416 1196 2485 nodo,
1213 2414 1443 2472 satislacerevero
1458 2423 1507 2481 pro
1522 2423 1555 2463 ea
1565 2401 1660 2462 libenti
1669 2401 1760 2456 auimo
1770 2393 1900 2453 debuisti.

1105 2505 1234 2562 Siceuim
1258 2509 1364 2574 oportet
1378 2500 1448 2568 lieri,
1464 2499 1573 2564 iratres,
1588 2500 1618 2550 ut
1632 2504 1773 2562 uunquam
1788 2491 1901 2558 propter

1104 2595 1187 2652 ulium
1201 2595 1284 2650 bomo
1298 2601 1400 2663 peccet,
1428 2589 1502 2661 quod
1530 2593 1573 2642 est
1584 2581 1694 2655 justitie
1708 2596 1716 2633 ι
1732 2585 1760 2634 et
1787 2575 1902 2632 libenter

1104 2684 1191 2741 aliena
1206 2689 1316 2753 peccata
1329 2685 1427 2752 portet,
1444 2673 1517 2750 quod
1532 2680 1573 2730 est
1593 2667 1799 2728 misericordia.
1821 2663 1903 2720 beuti

1106 2775 1154 2846 qni
1165 2773 1299 2830 esuriunt
1308 2774 1336 2826 et
1345 2770 1451 2826 clitoni
1457 2758 1754 2839 justitiumquorriom
1763 2755 1902 2827 ipsisctrr

1104 2861 1256 2918 ramerus.
1272 2859 1352 2916 Booti
1361 2853 1564 2920 misericordes,
1577 2851 1712 2925 quonium
1725 2847 1782 2920 ipsi
1794 2841 1904 2900 mseri-

1106 2949 1231 3006 cordicm
1245 2948 1463 3019 consequeretur.
1481 2941 1625 3014 Sequitur:

252 3035 360 3108 quoties
383 3027 561 3103 apprehendit
580 3041 631 3081 uos
650 3026 761 3081 tentatio
785 3023 891 3091 similis,
912 3041 967 3082 uon
987 3041 1091 3132 per-c
1143 3040 1188 3094 13,
1200 3033 1499 3099 Bearqmqndocordm
1513 3029 1649 3104 quonium
1661 3025 1717 3098 ipsi
1726 3018 1904 3081 Deumvide·

252 3122 400 3179 wademus
415 3116 538 3172 simililer
551 3115 631 3171 ¹¹⁰¹)ss
645 3115 734 3186 ipsis?
745 3117 826 3172 3⁶⁰st
840 3113 911 3170 essim
930 3115 978 3188 qui
990 3130 1054 3172 Μ·
1107 3126 1188 3183 bunt.
1202 3125 1280 3182 Beati
1295 3124 1382 3197 plane,
1397 3133 1425 3179 et
1440 3120 1551 3178 omuino
1565 3115 1646 3185 beati,
1666 3113 1714 3186 qui
1732 3111 1862 3170 ridebunt
1875 3109 1904 3163 lu

252 3213 335 3269 riuti
346 3213 373 3266 ll
383 3207 490 3265 Silium
499 3205 659 3276 flitmum·
670 3205 804 3278 ‘inimim
816 3203 873 3276 ipsi
886 3203 1056 3259 mmmm·
1108 3230 1190 3288 quem
1203 3213 1357 3271 desiderant
1382 3211 1472 3284 angeli
1506 3207 1672 3281 prospicere,
1703 3217 1783 3275 quern
1813 3197 1906 3254 ridere

249 3305 312 3382 ultr·
340 3296 393 3354 Sed
420 3293 485 3367 quid
512 3299 604 3366 Ρθῑθῦῑ
630 3308 691 3350 0⁸⁸⁰
720 3291 809 3348 ⁰¹1¹¹1i⁸
834 3291 938 3362 1¹¹¹stitii
964 3298 1056 3351 ¹10⁵lll
1107 3303 1161 3360 vita
1174 3310 1334 3361 oeternaest.
1355 3303 1412 3360 libi
1425 3301 1503 3357 discit
1524 3313 1572 3355 cor
1588 3309 1693 3364 mecm,
1710 3289 1906 3363 exquisieritis

255 3400 347 3442 ⁰⁰l³¹¹¹
361 3385 440 3440 ⁰0⁰?
455 3383 553 3440 N⁰¹¹¹1⁰
564 3383 642 3452 julii
665 3383 833 3453 Pffllheltmr
849 3381 927 3438 villi
942 3397 1055 3454 tantm
1108 3393 1198 3464 socies
1210 3409 1274 3451 meo
1288 3411 1297 3448 .·
1311 3391 1419 3464 sociem
1430 3392 1511 3444 tuom
1521 3385 1648 3453 bomine,
1659 3382 1805 3455 requiram
1814 3375 1904 3448 (Psoi.

252 3477 443 3531 mimirum
453 3471 625 3543 reputabitur
639 3470 716 3544 (Mi-
727 3486 805 3544 fflVr
820 3474 849 3542 6)
861 3477 888 3526 θῑ
905 3467 1017 3528 ¹⁰²⁸
1032 3469 1055 3526 δί
1108 3497 1190 3552 xxvi,
1207 3482 1246 3553 8).
1264 3481 1335 3551 Qoirl
1345 3481 1421 3538 oraim
1435 3477 1508 3535 mili
1520 3479 1562 3534 est
1581 3472 1689 3532 incaelo
1699 3475 1712 3528 t
1724 3473 1785 3527 etc
1801 3465 1907 3539 sequid

253 3561 373 3617 districte
388 3559 536 3630 judicetur,
552 3559 652 3629 injusta
668 3559 821 3616 invenietur
848 3559 939 3615 omnis
951 3560 1057 3630 justitia
1109 3570 1187 3628 vorm·
1198 3585 1284 3641 super
1295 3567 1426 3625 terram?
1437 3565 1545 3637 Defecit
1555 3578 1621 3622 caro
1635 3575 1697 3617 meu
1708 3561 1737 3616 et
1752 3569 1905 3614 cormeum

254 3659 358 3748 nostra,
383 3655 411 3704 et
432 3647 523 3702 minus
546 3647 666 3703 habeus?
694 3646 767 3718 Quid
786 3661 854 3721 erqo
880 3648 914 3705 de
939 3648 1056 3722 peccatis
1108 3661 1181 3716 beas
1202 3656 1293 3715 cordis
1309 3659 1376 3722 mei,
1397 3659 1425 3712 ct
1437 3671 1506 3728 pars
1528 3667 1596 3709 meo
1616 3651 1689 3708 beers
1703 3649 1737 3704 iri
1765 3650 1908 3704 eremum

255 3745 315 3802 erlis
331 3736 439 3834 quanfltt
455 3751 489 3791 ne
502 3736 562 3806 ipsa
577 3736 687 3808 quidem
707 3751 756 3806 pro
770 3753 800 3793 se
822 3738 923 3808 poterit
939 3752 1056 3810 respon·
1110 3746 1199 3818 (Psoi.
1215 3761 1306 3814 uxxrr,
1318 3747 1363 3812 25,
1378 3745 1434 3817 26).
1453 3743 1568 3814 Quando
1582 3736 1742 3810 adimplebis
1755 3751 1800 3792 me
1817 3733 1908 3790 latitia

255 3825 321 3882 uere
341 3824 469 3896 jussum
484 3824 629 3897 Propterea
651 3824 751 3880 ouum
773 3839 835 3882 eum
854 3826 987 3895 eropum
1000 3825 1059 3883 οἰα-
1111 3851 1173 3894 cum
1182 3836 1259 3895 vura
1277 3833 1406 3892 ruorvae
1420 3831 1528 3888 miuron
1543 3827 1713 3887 immundius
1728 3825 1821 3883 soron
1835 3819 1906 3879 men

257 3921 377 3969 manli&
404 3913 465 3969 ΝΜ
482 3913 573 3970 illisit
592 3913 625 3968 5⁷²
643 3913 787 3984 judicium
806 3930 872 3972 lim
896 3931 975 3974 iilv⁰
996 3920 1056 3985 ΜΟ,
1110 3941 1166 3999 qua
1186 3923 1362 3996 impediente,
1387 3921 1504 3978 necdum
1518 3932 1628 3976 mereor
1655 3916 1688 3971 ad
1709 3915 1818 3972 beatam
1833 3911 1910 3967 illam

228 4003 374 4102 ‘Domiti
388 4001 478 4070 (wa
493 4015 579 4068 curt,
599 4005 640 4074 ἓ),
655 4009 711 4060 l⁰1³²
734 4004 883 4062 bumilitate
904 4004 1057 4060 admislli·
1112 4014 1247 4070 visionem
1284 4011 1398 4070 admitti.
1442 4009 1551 4081 Quanta
1578 4003 1769 4070 sollieitudine,
1798 4001 1910 4070 iratres,

258 4093 378 4150 cordram
394 4105 575 4161 recurramus,
589 4107 652 4165 quaa
666 4092 725 4148 solu
739 4094 942 4165 potestsalvara
955 4094 1058 4150 animas
1111 4109 1213 4177 quanto
1228 4102 1320 4160 studio
1335 4100 1425 4170 danda
1438 4106 1480 4157 est
1508 4111 1602 4170 opera,
1622 4103 1652 4151 ut
1675 4091 1801 4150 mundari
1824 4090 1913 4161 possit

259 4192 376 4248 ssoslfflr
391 4188 418 4234 el
431 4179 545 4236 ⁵⁰¹¹50'110
560 4195 705 4252 Piflsefflus
720 4182 794 4252 (1⁰⁰⁶
809 4184 945 4255 sedilium
1115 4192 1222 4260 oculus,
1234 4208 1289 4264 quo
1303 4190 1438 4248 videndus
1452 4187 1600 4245 est-Deus?
1614 4185 1647 4240 ur
1669 4199 1723 4256 ego
1737 4180 1849 4255 quidem
1863 4179 1913 4235 tri-

298 4274 341 4326 tu.
357 4269 440 4326 Beati
452 4270 656 4340 misericordes,
672 4274 806 4347 quonium
826 4273 883 4347 ipsi
906 4275 1063 4332 mmemcor·
1117 4281 1180 4354 plici
1207 4280 1288 4337 sorde
1316 4279 1451 4352 inquinari
1479 4293 1523 4334 me
1551 4274 1652 4340 santi03
1691 4266 1914 4342 concupiscentia

262 4360 567 4456 dicmconseqcerrtor.
577 4361 611 4416 Et
624 4362 741 4430 attende,
757 4364 985 4436 quemadmodum
993 4365 1059 4420 Zac·
1074 4352 1097 4431 D
1115 4369 1214 4437 carnis,
1229 4375 1256 4425 et
1271 4365 1493 4438 coucupiscentia
1508 4364 1602 4439 glorie
1616 4358 1786 4432 temporalis,
1800 4363 1828 4413 et
1843 4371 1914 4428 prae·

261 4452 355 4548 eliseus
375 4449 495 4504 breviter
514 4464 568 4506 uuo
591 4452 675 4508 verbo
694 4461 839 4525 utrumque
864 4453 1061 4527 complectitur,
1114 4457 1254 4515 teritorum
1269 4455 1438 4513 conscientia
1452 4453 1623 4511 delictorum.
1644 4450 1713 4507 Sunt
1730 4447 1804 4504 euim
1818 4445 1914 4502 iuaui·

262 4541 357 4595 dicens
368 4555 375 4595 ε
387 4539 543 4595 Dimidium
554 4541 1060 4617 ionorcmmcoromdopooperilrus,
1115 4563 1160 4603 ma
1181 4553 1272 4604 motus
1286 4548 1396 4619 quidam
1416 4551 1597 4614 utrorumque
1615 4540 1824 4605 desideriorum,
1842 4551 1913 4608 quos

262 4629 492 4704 otsiqoempicm
502 4629 679 4700 defraudavi,
691 4633 1061 4706 reddoqeadruplommae.
1115 4652 1167 4692 uec
1181 4637 1297 4708 ratione,
1307 4651 1357 4693 uec
1367 4633 1469 4692 uiribus
1488 4632 1663 4705 exstinguere
1677 4643 1802 4702 possum,
1821 4642 1912 4698 quau·

263 4732 327 4787 xix,
342 4717 380 4786 8).
398 4717 478 4773 Vides
493 4729 621 4789 quantum
632 4719 779 4776 esuritiste
792 4722 934 4792 justitiam,
948 4724 994 4778 cui
1008 4737 1063 4778 nou
1117 4725 1165 4780 diu
1184 4741 1245 4782 sum
1272 4726 1300 4781 iu
1328 4725 1381 4781 boc
1409 4724 1510 4780 saeculo
1531 4737 1659 4795 nequam,
1688 4725 1717 4775 et
1740 4717 1767 4773 iu
1800 4728 1918 4786 corpore

264 4805 364 4861 suflicit
385 4821 462 4904 equa
476 4821 602 4862 mensure
616 4809 738 4878 reddere,
754 4810 806 4866 nisi
829 4813 926 4868 reddat
947 4811 1064 4882 quadru·
1116 4815 1212 4870 mortis
1228 4822 1323 4871 teneor
1336 4815 1471 4887 alligatus.
1488 4814 1616 4868 Attamen
1631 4815 1726 4865 contra
1740 4805 1837 4863 sordes
1851 4803 1919 4858 istas

265 4895 353 4964 plum.
365 4895 546 4950 Misericordia
554 4911 661 4968 quoque
670 4913 769 4970 magna
777 4907 830 4968 est,
840 4900 914 4970 quod
924 4898 1064 4954 dimidium
1117 4904 1250 4960 orationis
1263 4919 1371 4976 oppone
1386 4902 1535 4960 remedium
1547 4918 1555 4969 ;
1566 4912 1592 4956 et
1602 4905 1746 4971 propterea
1760 4894 1831 4951 sicut
1845 4891 1919 4950 omli

266 4982 401 5082 botrorum
415 4998 527 5040 suorum
548 4983 596 5039 dat
610 4987 786 5059 pauperibus.
805 4987 994 5044 Verumtamen
1008 5003 1064 5045 nou
1117 5009 1257 5049 servorum
1271 4993 1299 5048 iu
1314 4994 1438 5050 manibus
1458 4991 1632 5048 dominorum
1648 4999 1776 5054 suorum3
1793 4983 1832 5040 ita
1844 4981 1919 5038 oculi

266 5072 354 5128 silebo
369 5088 422 5146 ego
435 5074 508 5146 quod
523 5075 620 5131 sentio.
636 5075 756 5132 Laudem
771 5073 879 5131 Domini
892 5076 1019 5146 loquetur
1033 5093 1064 5134 os
1117 5081 1203 5138 nostri
1218 5085 1251 5137 ad
1267 5082 1413 5138 Dominum
1427 5083 1516 5138 Deum
1531 5086 1666 5148 uestrum,
1683 5077 1771 5131 douec
1785 5071 1919 5127 miseres-

265 5179 371 5220 meum:
396 5163 504 5220 Domini
525 5164 616 5237 plane,
646 5178 701 5219 non
723 5173 848 5220 vestram.
873 5163 980 5236 Neque,
991 5168 1063 5227 anim
1118 5171 1262 5228 turnostri
1289 5171 1335 5244 qui
1363 5171 1437 5228 solus
1460 5169 1579 5226 muudus
1593 5175 1646 5238 est,
1671 5175 1698 5222 et
1712 5169 1803 5237 potest
1827 5159 1919 5217 iacere

264 5251 352 5320 vobis,
368 5251 416 5308 sed
434 5253 536 5309 nomini
550 5253 660 5324 ejusde
675 5250 799 5322 gloriam.
814 5251 959 5311 zaccheus
979 5269 1062 5328 certe,
1118 5259 1252 5316 mundum
1278 5262 1311 5317 de
1335 5260 1477 5316 immundo
1506 5263 1669 5328 conceptum
1694 5251 1873 5311 seminasse
1892 5257 1921 5306 et

265 5344 346 5411 cujus
360 5343 419 5397 laus
432 5351 474 5398 est
484 5342 513 5398 iu
527 5339 685 5413 Evangelio,
703 5337 845 5394 dimidium
854 5341 985 5400 bonorum
1001 5363 1065 5404 suo·
1117 5357 1213 5406 contra
1226 5351 1329 5420 peccati
1344 5349 1540 5407 conscientiam
1565 5345 1716 5403 remedium
1734 5335 1919 5398 confessionis

266 5443 328 5528 rum
349 5431 425 5488 dedit
444 5429 625 5504 pauperibus,
647 5427 695 5482 sed
721 5442 775 5499 ego
798 5427 896 5487 multos
923 5435 1065 5494 Zaccbaeos
1118 5449 1161 5497 est
1175 5440 1342 5509 institutum3
1364 5449 1391 5497 et
1418 5440 1510 5497 omnia
1535 5439 1563 5493 iu
1590 5433 1764 5493 confessione
1779 5432 1918 5488 lavantur.

264 5515 310 5618 bru
322 5520 410 5587 video,
425 5522 471 5593 qui
491 5517 560 5575 nibil
574 5516 625 5572 sibi
641 5531 675 5571 ex
698 5517 825 5572 omuibus
838 5521 978 5594 reliquere.
999 5525 1066 5595 Quis
1121 5529 1191 5586 Eece
1205 5529 1333 5586 baecsuut
1346 5545 1407 5601 quse
1420 5527 1552 5585 mundant
1569 5519 1684 5582 1029
1698 5521 1805 5580 oculum
1816 5515 1919 5590 cordis,

262 5609 329 5666 mini
346 5608 447 5666 scribet
461 5607 513 5666 boc
527 5603 705 5675 Evangelium
723 5605 757 5661 de
770 5607 904 5666 Zuccbaeis
917 5611 986 5682 istis,
1011 5615 1067 5674 imo
1121 5618 1208 5676 oratio
1222 5617 1409 5677 etcouiessio.
1430 5618 1513 5676 Porro
1523 5615 1599 5676 ercii·
1610 5613 1720 5674 musio
1740 5608 1921 5684 sordemu-
