4118 6346
224 418 279 476 367
688 413 717 472 S.
732 414 907 474 nundinor
920 413 1060 474 motuis
1075 409 1412 476 OEARAE-VALLENSIS
1825 418 1880 474 368

224 539 390 615 inquietandi
404 536 476 595 nulla
490 537 605 596 libertas
620 556 629 607 ;
646 537 812 612 possibilitas
825 539 901 598 nulle
913 555 1019 598 nocen-
1037 553 1061 634 Α
1076 556 1137 598 rum
1160 541 1295 616 probavit,
1314 549 1342 601 et
1362 543 1535 616 reprobavit.
1549 541 1664 613 Qualem
1682 557 1760 617 ergo,
1786 550 1880 618 putas,

224 630 263 687 di.
294 625 455 702 Replebitur
487 625 629 698 majestate
664 627 773 686 Domini
810 629 900 688 omnis
937 637 1019 699 terna,
1077 630 1291 690 necessetm
1307 639 1349 690 est
1367 631 1506 690 hominem
1526 630 1652 697 inveniri,
1675 631 1723 704 qui
1740 631 1879 703 repudiati

225 716 333 791 quando
346 715 402 786 jam
422 715 566 773 voluntatis
581 715 641 786 eJus
659 715 841 792 transgressio
859 716 932 774 nulla
950 717 1020 786 erit,
1075 715 1164 775 locum
1189 719 1280 792 angeli
1301 719 1452 776 sortietur?
1474 719 1560 777 Plane
1579 719 1730 776 immunem
1745 719 1780 775 ab
1798 719 1876 776 omni

224 802 312 876 magis
332 810 424 862 actem
448 803 556 877 quando
584 809 710 860 ereatura
737 803 796 875 ipsa
822 804 984 861 liberabitur
1006 822 1022 861 a
1075 805 1226 880 iniquitate,
1243 808 1292 865 sed
1307 808 1341 863 ab
1355 823 1388 865 ea
1401 807 1530 876 maxime,
1545 823 1606 880 quae
1627 807 1655 862 in
1679 806 1741 880 ipso
1763 823 1876 881 quoque

225 889 354 948 servitute
375 889 557 964 corruptionis
582 891 672 962 hujus,
697 897 809 963 propter
832 907 914 963 quam
937 891 1019 964 inge·
1075 895 1255 968 engelmann
1274 899 1308 952 ad
1326 895 1648 965 levemoffensnm,non
1669 897 1703 952 ad
1722 903 1878 953 momenta-

225 976 317 1036 misdi
331 984 358 1034 et
375 978 489 1051 parturit
507 993 592 1050 usque
619 978 717 1036 adbuc.
739 977 799 1034 Erit
821 977 895 1035 enim
921 978 1021 1036 ooelum
1076 1000 1157 1042 neam
1168 984 1239 1040 iram
1253 985 1363 1043 inuenta
1378 992 1429 1053 est,
1444 987 1492 1042 sed
1508 986 1541 1041 ad
1555 985 1649 1042 odium
1662 986 1873 1058 sempiternum.

224 1083 336 1136 norum,
357 1073 386 1124 et
399 1075 471 1124 terra
485 1082 569 1133 noua;
586 1074 614 1122 ut
627 1083 735 1140 quaqua
749 1067 864 1124 verteris
877 1067 980 1138 oculos,
992 1068 1020 1124 in
1076 1073 1167 1130 Semel
1191 1073 1309 1131 turbavit
1336 1075 1464 1146 superbia
1493 1091 1610 1148 regnum
1631 1075 1707 1142 illud,
1733 1076 1872 1132 concussit

224 1155 284 1228 ipsa
301 1153 350 1212 tibi
368 1171 459 1212 rerum
473 1153 552 1225 facie,
573 1153 665 1212 diuina
678 1155 802 1212 videatur
816 1155 1020 1228 quodammodo
1074 1175 1176 1226 muros,
1192 1160 1275 1216 etiarn
1289 1162 1434 1233 prostravit
1452 1177 1485 1218 ex
1502 1171 1578 1234 parte
1593 1171 1621 1220 et
1635 1169 1724 1235 parte,
1740 1177 1794 1220 non
1814 1177 1875 1219 mo-

224 1243 401 1318 resplendere
419 1245 559 1316 majestas.
1075 1248 1144 1305 dice.
1161 1249 1231 1320 Quid
1246 1250 1339 1323 erpo?
1354 1251 1480 1310 Facilene
1499 1251 1632 1326 deinceps
1651 1252 1821 1309 admittenda
1833 1251 1875 1309 si-

260 1338 287 1392 2.
302 1333 442 1391 Sedetest
453 1332 500 1390 tibi
510 1331 595 1392 altera
608 1333 735 1406 quaedam
746 1341 820 1390 terra
830 1333 1019 1408 propinquior,
1076 1339 1178 1395 deturl
1192 1339 1319 1414 Nunquid
1333 1357 1387 1398 non
1403 1341 1460 1399 odit
1473 1341 1630 1406 ciuitasilla,
1646 1349 1674 1397 et
1693 1342 1875 1398 vehementer

225 1430 253 1480 et
268 1438 352 1496 super
371 1423 420 1480 hao
438 1420 563 1494 amplior,
581 1421 735 1495 justiorque
754 1422 915 1481 sollicitudo.
937 1425 1020 1482 Nemo
1075 1427 1228 1498 hujusmodi
1244 1437 1348 1501 pestem
1359 1429 1636 1488 abominatnr‘lCerti
1651 1438 1750 1501 estote,
1763 1430 1874 1498 fratres,

224 1515 452 1588 quippaournam
462 1511 836 1586 saumodiobabaitssipbes.
848 1529 876 1582 v,
888 1513 1022 1585 29).Gon·
1075 1532 1138 1572 eum
1152 1517 1199 1589 qni
1213 1517 1339 1590 superbis
1354 1534 1409 1575 non
1423 1519 1545 1592 pepercit
1557 1517 1676 1591 angelis,
1692 1533 1744 1574 nec
1757 1518 1877 1575 homini-

224 1599 314 1658 solare
337 1614 405 1673 crgo
429 1615 501 1670 eam,
522 1606 551 1656 ut
575 1606 602 1656 et
615 1599 675 1672 ipsa
691 1599 846 1674 requiescat
863 1599 892 1655 in
910 1616 1021 1672 specu·
1075 1605 1126 1660 bus
1137 1603 1313 1675 parciturum.
1328 1606 1388 1662 Non
1413 1613 1455 1662 est
1472 1604 1627 1662 contrarius
1652 1603 1705 1661 sibi
1727 1603 1790 1677 ipsi,
1815 1619 1871 1661 non

223 1688 302 1746 diens
325 1686 464 1760 nimirum,
485 1687 550 1761 quia
569 1688 720 1761 replebitur
742 1689 887 1760 majestate
911 1687 1021 1748 Domini
1076 1699 1118 1747 est
1130 1707 1310 1764 personarum
1324 1701 1472 1765 ecceptor;
1488 1693 1585 1750 similia
1604 1700 1668 1750 sunt
1680 1691 1783 1764 judicia
1798 1694 1870 1764 aJ'us.

222 1775 312 1834 omnis
326 1785 408 1834 terra.
424 1776 568 1847 Quomodo
587 1777 662 1835 enirn
676 1792 749 1835 nunc
762 1793 874 1836 caruem
886 1785 1019 1846 nostram,
1076 1780 1140 1838 Sola
1153 1781 1179 1839 ei
1194 1781 1283 1854 placet
1297 1783 1444 1848 humilitas,
1461 1782 1559 1841 sivein
1580 1783 1689 1855 angelo,
1706 1781 1765 1840 sive
1780 1783 1808 1838 in
1823 1783 1874 1839 ho-

223 1866 399 1936 dilectissimi,
413 1869 544 1939 majestas
558 1865 649 1926 divina
660 1867 773 1940 repleat,
789 1883 851 1924 cum
866 1876 894 1925 et
907 1883 1022 1940 magnus
1038 1867 1059 1944 Β
1075 1870 1168 1942 mine,
1185 1877 1213 1928 st
1226 1870 1273 1944 qui
1287 1871 1366 1928 sedet
1382 1870 1412 1928 in
1426 1873 1535 1938 throno,
1555 1871 1628 1928 solos
1644 1871 1720 1946 eligit
1738 1871 1874 1942 subditos,

222 1959 270 2017 ille
285 1960 394 2028 Paulus,
423 1959 557 2031 primitias
584 1966 688 2016 tantum
711 1959 823 2032 spiritus
844 1961 960 2028 habena,
975 1959 1021 2016 in·
1075 1975 1091 2016 e
1119 1958 1218 2032 quibus
1236 1960 1341 2032 repleat
1360 1961 1503 2033 templum.
1529 1959 1668 2032 Scriptum
1681 1959 1785 2032 quippe
1808 1967 1872 2016 eat:

223 2047 356 2124 geminent
373 2047 567 2106 miserabiliter
585 2048 661 2120 satis,
677 2049 799 2108 etdicat:
816 2051 877 2110 Soio
889 2051 1022 2126 quianon
1079 2051 1144 2119 Quis
1155 2051 1230 2106 siant
1239 2051 1455 2108 Dominosllcas
1464 2055 1571 2115 nostor,
1580 2051 1666 2123 quiin
1675 2049 1872 2115 altisbabitat,

223 2141 267 2198 cst
282 2141 380 2205 innoc,
393 2137 443 2197 lrac
457 2142 499 2196 cst
510 2141 541 2197 in
550 2155 720 2210 carnameu,
730 2139 831 2197 honum
845 2139 958 2211 ?(llom.
970 2153 1020 2208 vu,
1075 2145 1104 2199 at
1128 2140 1250 2198 humilta
1260 2140 1374 2213 respicit
1387 2141 1419 2196 ia
1431 2141 1507 2205 coelo,
1519 2144 1548 2196 et
1557 2142 1589 2196 in
1600 2143 1694 2197 terra?
1705 2139 1793 2210 (Psoi.
1803 2153 1873 2206 exn,

226 2228 284 2297 18.)
311 2225 343 2282 lit
365 2231 440 2284 certe
462 2229 518 2298 jam
543 2242 598 2283 non
616 2226 808 2284 dominabatur
831 2233 974 2298 peceatum
992 2225 1020 2281 in
1075 2231 1103 2300 b,
1118 2228 1158 2300 6.)
1171 2227 1242 2286 Vide
1265 2235 1356 2285 autem
1379 2244 1415 2285 no
1442 2229 1513 2285 forte
1533 2227 1671 2284 Michaelis
1688 2227 1804 2284 verbnm
1828 2227 1873 2295 sit,

223 2317 286 2386 cius
310 2315 420 2372 mortali
440 2331 558 2388 corpore
582 2315 672 2388 (Rom.
688 2331 726 2383 vx,
754 2318 810 2387 lt).
836 2315 906 2374 Nota
928 2321 1021 2382 tamen
1075 2316 1194 2389 superbo
1208 2315 1244 2372 illi
1263 2315 1374 2373 dicanti:
1388 2317 1497 2374 Similis
1508 2332 1556 2374 ero
1567 2317 1724 2382 ditissimo,
1735 2314 1875 2372 infaciem

224 2405 322 2474 adhuc,
339 2411 367 2460 et
381 2419 480 2476 corpus
493 2403 609 2460 mortale
623 2403 772 2476 perhiberi,
788 2410 816 2461 et
830 2402 934 2476 pcccati
949 2418 1019 2476 quo·
1076 2403 1239 2462 resistentis.
1263 2403 1377 2460 lliehael
1401 2402 1501 2477 qnippe
1519 2401 1728 2476 interpretatum
1762 2401 1874 2469 dieitur,

186 2497 190 2508 '
224 2509 278 2568 quc
297 2492 385 2549 solum
405 2492 554 2549 dominium
565 2493 671 2565 negari.
686 2494 750 2550 Erat
764 2493 839 2550 enim
854 2492 937 2550 etiam
957 2501 1022 2549 tuno
1075 2497 1135 2572 quis
1148 2501 1181 2553 ot
1194 2495 1290 2552 Deus?

224 2583 266 2639 lex
285 2580 390 2655 peccati
404 2580 433 2636 in
457 2581 590 2638 membris
604 2583 664 2653 ejus
679 2581 769 2652 (Rom.
791 2597 839 2652 vn,
859 2583 917 2654 aa),
938 2597 1021 2655 quem
1111 2586 1138 2640 l.
1161 2584 1235 2640 Bene
1250 2597 1317 2656 ergo
1339 2583 1475 2655 propheta
1488 2597 1550 2638 cnm
1564 2580 1687 2648 dixisset,
1713 2579 1816 2638 vidisse
1844 2599 1874 2638 se

223 2672 334 2744 quidem
351 2668 500 2743 majestatis
521 2669 661 2741 plenitudo
681 2685 744 2727 oum
767 2670 883 2740 venerit,
908 2685 1022 2742 prorsus
1076 2671 1221 2730 Dominum
1240 2673 1382 2730 sedentem
1395 2686 1479 2743 snper
1493 2669 1590 2726 solium
1613 2669 1752 2727 excelsum
1770 2677 1798 2726 et
1816 2671 1875 2727 ele·

223 2760 358 2819 excludet.
372 2759 433 2815 Non
450 2756 539 2815 solnm
557 2767 658 2829 autem,
675 2758 725 2816 sod
753 2765 781 2816 et
800 2757 947 2816 novissima
962 2757 1018 2814 ini·
1075 2766 1181 2829 vatnm3
1208 2775 1244 2816 ne
1270 2759 1341 2816 forte
1359 2765 1406 2814 aut
1429 2756 1567 2815 excelsum
1589 2757 1759 2830 intelligeres
1780 2759 1816 2814 de
1838 2775 1873 2817 eo

147 2865 153 2871 ·
223 2849 464 2908 micadestrnetnr
485 2862 569 2907 mors.
594 2846 756 2919 Replebitur
788 2862 854 2919 ergo
877 2849 1021 2917 majestate
1074 2850 1175 2907 dictum
1189 2848 1462 2922 qniaitzriscendam
1471 2847 1874 2920 superaltitadinemracbium

224 2938 332 2997 bomini
347 2945 421 2994 terra
439 2945 542 3008 nostra,
563 2937 672 3009 quando
690 2950 802 3009 prorsus
819 2935 960 2992 demedio
977 2935 1023 2992 fiet
1076 2938 1154 3007 (lsai.
1167 2952 1224 3004 xlv,
1242 2936 1302 3008 tl);
1318 2943 1364 2992 aut
1379 2923 1514 2992 eleuetn‘m
1526 2934 1647 2991 referres
1661 2935 1695 2990 ad
1714 2949 1763 2991 eos
1781 2935 1873 2991 homi-

224 3035 251 3086 et
264 3026 369 3101 peccati
382 3027 472 3084 omnis
486 3042 595 3095 sensus,
610 3024 766 3082 etdebitum
775 3023 1022 3096 mortislleplebi-
1076 3043 1136 3097 nes,
1159 3025 1255 3098 quiin
1277 3024 1434 3097 superbiam
1455 3024 1607 3096 eriguntur,
1636 3022 1757 3080 addidit:
1781 3024 1818 3081 Et
1841 3042 1876 3082 ca

225 3127 278 3186 tor,
297 3117 420 3190 inquam,
440 3114 530 3172 omnis
548 3122 620 3171 terra
640 3121 732 3170 nostra
743 3111 850 3169 Domim
865 3115 1019 3183 majestate,
1076 3133 1138 3192 μω
1151 3116 1201 3174 snb
1214 3117 1274 3190 ipso
1293 3119 1388 3183 erant,
1404 3115 1551 3188 replebant
1572 3115 1709 3187 templum
1719 3131 1729 3182 ‚-
1744 3121 1773 3170 ut
1784 3115 1875 3169 mani.

225 3206 335 3279 quando
352 3203 562 3263 resurrectionis
578 3201 668 3276 gloria
689 3201 831 3270 vestietur,
851 3201 947 3257 induet
966 3201 1022 3257 im·
1076 3205 1146 3262 feste
1167 3203 1312 3277 intelliges,
1330 3219 1385 3261 non
1404 3219 1466 3260 eam
1485 3200 1655 3260 altitudinem
1674 3202 1874 3270 commendari,

223 3293 394 3352 monalitatis
413 3293 522 3364 stolam,
542 3289 756 3368 configurabitur
774 3289 893 3363 denique
907 3289 1022 3347 claritati
1076 3308 1138 3365 quae
1151 3291 1287 3348 extollitur
1301 3293 1432 3349 aduersus
1447 3307 1532 3359 eum;
1559 3290 1608 3348 sed
1632 3305 1679 3347 eos
1704 3289 1732 3345 in
1759 3289 1874 3362 templo,

223 3381 465 3456 corporischristi.
480 3378 798 3450 Salvomemsiquidem
811 3384 1022 3454 respectantis,
1076 3381 1133 3438 sive
1156 3381 1185 3436 in
1208 3380 1275 3437 solio
1299 3379 1426 3453 fore,qui
1449 3381 1500 3436 snb
1524 3394 1557 3436 eo
1585 3386 1658 3446 sunt,
1678 3377 1747 3438 alios
1761 3379 1875 3452 quidem

224 3468 1022 3547 qoirasorrnabitcorpushnmilitatianoctroe,annfipnra·
1075 3469 1199 3528 excelsos
1213 3469 1357 3526 stabilitate
1374 3468 1472 3538 solida,
1488 3467 1555 3524 alios
1576 3483 1611 3524 ex
1633 3467 1688 3526 imo
1701 3467 1807 3526 levatos
1821 3468 1876 3524 mi·

224 3566 286 3619 tarn
299 3561 412 3634 corpori
425 3559 570 3617 claritatis
583 3573 642 3614 auce
660 3557 797 3630 (Philipp.
814 3571 857 3624 xxx,
874 3559 930 3628 2⁰).
951 3555 1022 3628 Quid
1076 3559 1212 3616 seratione
1224 3557 1324 3616 divina
1340 3559 1380 3615 dc
1403 3573 1439 3616 ne
1462 3556 1533 3614 forte
1553 3555 1677 3627 obiicias,
1702 3555 1801 3614 ditioni
1812 3559 1875 3628 ejus

222 3650 313 3706 adbuc
326 3661 491 3715 murmuras,
508 3659 571 3703 caro
592 3645 702 3716 misera,
718 3645 783 3718 quid
802 3645 891 3701 adhuc
906 3644 1022 3702 recalci-
1076 3648 1202 3708 universa
1225 3650 1352 3718 subesse,
1384 3663 1436 3704 nec
1467 3645 1616 3720 quidquam
1639 3644 1878 3704 determinationis

224 3745 289 3802 tras,
304 3744 332 3794 et
346 3737 477 3794 adversus
488 3734 614 3808 spiritum
629 3733 826 3806 concupiscis?
842 3733 871 3790 Si
886 3741 913 3792 te
933 3735 1022 3792 hurni-
1075 3739 1177 3794 habere
1199 3736 1272 3808 qnod
1286 3737 1341 3792 ait:
1361 3737 1427 3806 Qua
1446 3735 1497 3793 sub
1511 3737 1573 3808 ipso
1591 3738 1695 3793 arani:
1719 3741 1749 3790 nt
1773 3734 1872 3802 solam,

222 3826 280 3895 liat,
297 3824 320 3881 si
334 3824 458 3897 castigat,
475 3823 499 3880 si
512 3823 611 3899 redigit
624 3821 652 3878 in
666 3821 843 3891 servitutem3
858 3822 886 3880 id
899 3825 1022 3896 prolecta
1075 3843 1137 3901 quae
1150 3824 1301 3884 voluntaria
1313 3832 1365 3892 est,
1377 3832 1405 3882 et
1417 3841 1451 3881 ex
1465 3824 1573 3881 fervore
1583 3822 1722 3880 charitatis
1733 3825 1873 3895 procedit,

224 3916 254 3973 iu
267 3921 314 3972 tuo
333 3927 438 3988 genere
452 3927 507 3972 non
522 3910 613 3968 miuus
635 3919 681 3968 tna
695 3911 811 3968 interest
822 3928 903 3985 qnam
925 3911 1019 3985 ipsius.
1075 3917 1239 3990 approbaret
1254 3921 1281 3972 et
1290 3913 1496 3972 commendaret
1509 3912 1559 3970 Dei
1569 3912 1778 3984 subiectionem,
1795 3913 1875 3969 addi-

223 4002 294 4076 Quid
308 4001 349 4059 eis
362 4001 478 4073 invidas,
495 4001 541 4076 qui
556 4001 590 4059 de
603 4001 733 4073 operibns
746 4001 891 4070 nennium,
912 4009 940 4059 et
957 4018 1020 4059 mn·
1075 4005 1114 4061 dit
1129 4012 1155 4060 et
1170 4005 1204 4061 de
1218 4001 1370 4074 seraphim,
1386 4002 1421 4058 de
1440 4000 1539 4074 quibus
1555 4007 1583 4057 et
1599 4001 1719 4058 nosloco
1734 4017 1784 4058 suo
1798 4000 1876 4060 dice-

225 4091 294 4148 rium
317 4090 433 4164 pellibus
447 4090 590 4165 ingloriam
616 4091 697 4162 plane
718 4089 832 4161 gloriam
862 4090 1020 4148 mendicare
1074 4110 1144 4162 mus,
1160 4092 1233 4167 quod
1246 4093 1281 4148 ab
1295 4106 1329 4150 eo
1344 4089 1425 4148 fuerit
1439 4091 1542 4146 datum.

224 4195 280 4240 uon
299 4183 474 4251 erubescunt,
491 4179 564 4238 cultu
586 4179 702 4254 indigno
729 4178 805 4253 viris,
828 4179 974 4238 interdicto
993 4186 1021 4238 et
1110 4186 1136 4238 5.
1158 4185 1192 4240 Ει
1211 4199 1254 4250 ea,
1271 4179 1368 4252 inquit,
1385 4197 1446 4253 qua
1468 4179 1518 4238 arab
1541 4181 1601 4252 ipso
1616 4181 1710 4244 crant,
1730 4179 1876 4251 replebant

223 4269 404 4339 mulieribus;
419 4269 579 4342 semetipsos
593 4269 808 4326 dehonestantes
827 4269 919 4341 potius
938 4285 1019 4341 quam
1076 4270 1277 4343 templum.hb
1291 4268 1367 4326 initio
1375 4268 1510 4340 siqnidem
1517 4267 1780 4341 creaveratangelos
1787 4268 1874 4335 Deus,

224 4359 377 4418 amantes?
395 4358 555 4416 Reforment
580 4357 644 4431 ipsi,
663 4365 709 4413 aut
729 4357 818 4431 magis
836 4367 911 4415 certe
930 4357 1022 4414 defor-
1075 4363 1104 4418 in
1128 4361 1228 4433 quibus
1252 4357 1324 4416 beati
1346 4357 1418 4415 illius
1441 4358 1535 4431 templi
1551 4357 1694 4432 plenitudo
1715 4364 1874 4415 constaret:

224 4455 300 4507 ment
312 4463 426 4522 corpora
450 4463 520 4515 sua;
537 4454 574 4518 te,
589 4447 612 4504 si
631 4446 716 4504 fueris
735 4463 834 4520 corpus
853 4447 1018 4514 humilitatis,
1075 4451 1125 4507 sed
1139 4465 1194 4506 non
1208 4448 1237 4504 in
1250 4447 1376 4506 omnibus
1390 4447 1590 4519 beneplacitum
1605 4453 1647 4503 est
1661 4445 1697 4514 ei,
1717 4445 1782 4519 qnia
1800 4453 1829 4504 et
1842 4449 1876 4504 in

224 4537 384 4596 reformabit
396 4537 472 4594 idem
486 4535 582 4594 artifex
602 4535 801 4608 quiformuvit.
822 4535 907 4605 illam,
928 4535 951 4591 si
965 4551 1022 4592 non
1076 4536 1875 4612 ipris,ntscdptnmesqarqatissnisreperitprnvitutem

224 4625 336 4700 desipis,
356 4626 552 4699 praestolabere
569 4641 692 4694 manum,
716 4632 746 4682 ut
769 4625 845 4698 qnod
864 4623 939 4690 fecit,
959 4623 1020 4696 ipsa
1075 4627 1141 4701 (lob.
1159 4640 1196 4693 ιιι,
1207 4627 1264 4697 ta).
1281 4624 1341 4681 Fuit
1355 4623 1494 4698 quippein
1510 4623 1550 4681 eis
1564 4623 1744 4697 quidiceret:
1762 4627 1875 4683 Persam

225 4715 338 4774 reficiat.
1075 4714 1169 4773 sedem
1182 4729 1275 4771 meam
1287 4713 1324 4770 ad
1332 4714 1494 4786 aquilonam
1502 4713 1582 4783 (lsai.
1593 4729 1653 4780 xxv,
1671 4713 1736 4785 13);
1751 4721 1780 4769 et
1787 4729 1875 4784 popu-

260 4809 286 4862 3.
307 4805 368 4861 lam
386 4802 532 4878 veroquid
548 4803 575 4860 in
591 4803 650 4876 ipsa
672 4801 831 4876 prophetica
850 4800 955 4858 visione
975 4815 1021 4856 se·
1075 4799 1524 4873 lumqnisibicrederet‚hubuit.
1544 4799 1717 4872 illacrima,
1743 4800 1789 4874 qui
1810 4802 1872 4858 sine

222 4901 321 4968 quatur
334 4894 463 4951 attende:
479 4897 514 4951 lii
538 4911 580 4963 aa,
599 4893 696 4966 inquit,
713 4909 774 4966 qum
790 4893 840 4949 sab
856 4891 916 4962 ipso
926 4895 1020 4956 crant,
1064 4891 1132 4952 ,Deo
1148 4906 1208 4946 esse
1223 4889 1327 4957 maluit,
1342 4904 1423 4961 qnam
1446 4889 1496 4946 snb
1509 4887 1586 4960 lle03
1602 4888 1697 4946 miseri
1718 4889 1806 4960 cliiii,
1823 4891 1871 4964 qui

222 4983 371 5059 replebant
384 4984 530 5058 templum.
546 4983 699 5055 Propterea
726 4995 793 5037 sane
808 4977 875 5033 dixit
886 4996 904 5038 ε,
920 4979 1019 5034 llnmi-
1074 4979 1198 5039 vidcntes
1212 4976 1299 5034 furem
1314 4985 1493 5035 cucurrerunt
1506 4994 1568 5035 cum
1579 4993 1623 5036 eo.
1639 4978 1773 5036 Exierunt
1792 4979 1870 5037 infe-

219 5073 347 5132 iiurcaalr
359 5075 567 5146 patentimaoa
582 5073 641 5136 Dei,
659 5072 692 5127 ot
705 5068 811 5127 mallet
824 5067 1021 5136 taintempora
1073 5066 1149 5135 lices,
1173 5073 1201 5122 at
1223 5079 1324 5123 vacuus
1346 5063 1456 5121 relictus
1468 5072 1510 5120 est
1537 5063 1624 5136 locus,
1645 5081 1728 5138 quem
1753 5067 1872 5140 accipiat

219 5167 391 5240 visitationis
411 5164 438 5235 (l
450 5167 526 5223 Patr.
547 5179 577 5228 v,
600 5165 638 5228 6).
656 5157 725 5212 Vide
741 5163 772 5210 ut
794 5156 846 5211 snb
866 5155 925 5225 ipso
945 5155 1021 5214 inve·
1073 5157 1150 5212 alter.
1166 5155 1262 5214 Nonne
1271 5154 1329 5211 lteo
1343 5155 1466 5224 subiecta
1474 5153 1538 5219 eris,
1549 5153 1640 5210 anima
1650 5153 1730 5212 meai
1740 5155 1871 5228 Alioquin

221 5253 315 5323 piaris,
337 5253 457 5326 alioquin
482 5267 537 5310 non
563 5247 668 5322 poteris
689 5257 752 5301 essa
771 5257 833 5298 cum
855 5241 925 5312 ipso.
949 5244 1018 5314 Quid
1072 5259 1124 5301 nec
1138 5244 1187 5301 tibi
1200 5243 1276 5300 locus
1298 5240 1351 5299 erit
1369 5241 1396 5297 in
1421 5241 1535 5315 templo,
1558 5243 1623 5316 quie
1645 5261 1708 5315 quae
1734 5244 1786 5302 aab
1810 5248 1873 5319 ipso
1898 5313 1902 5316 ,

221 5342 317 5400 enim?
344 5351 433 5416 putus,
460 5340 652 5398 indifferenter
685 5331 810 5388 admittet
840 5331 963 5388 homines
991 5333 1019 5390 in
1073 5337 1166 5401 erant,
1183 5331 1329 5406 replebant
1342 5332 1489 5405 ternplum.
1505 5331 1616 5388 Frustra
1631 5331 1777 5404 pulsabunt
1790 5333 1875 5392 fatuae

219 5431 283 5490 illud
302 5440 385 5490 tantae
398 5427 574 5490 beatitudinis
594 5421 735 5494 templum,
752 5418 798 5492 qni
818 5435 864 5500 ne,
876 5420 950 5491 ipsos
960 5423 1019 5494 qni·
1071 5421 1202 5496 virgines,
1217 5420 1245 5476 in
1261 5436 1360 5477 vanum
1379 5420 1544 5488 clamabunt,
1566 5421 1612 5476 ubi
1630 5421 1750 5493 impletae
1769 5422 1874 5480 fuerint

217 5523 280 5581 dem
304 5524 418 5599 angelos
441 5517 634 5576 indifferenter
658 5509 767 5583 reliquit
780 5509 807 5566 in
823 5510 876 5568 eoi
899 5519 945 5568 ant
964 5529 1018 5570 non
1072 5513 1172 5586 nuptias
1190 5509 1429 5577 discumbentium,
1445 5518 1473 5566 et
1490 5512 1575 5582 janue
1588 5511 1681 5570 clausa
1696 5511 1759 5569 erit.
1776 5513 1874 5570 infelix

217 5611 355 5671 discernet
372 5612 444 5668 inter
468 5606 574 5680 glebas,
600 5598 647 5672 qui
666 5597 795 5656 discrevit
817 5598 888 5656 inter
907 5603 1019 5659 stellas?
1071 5602 1171 5668 anima,
1186 5599 1229 5658 o'ui
1243 5616 1260 5656 n
1272 5599 1374 5671 nuptiis
1389 5598 1440 5655 illis
1459 5599 1607 5674 contigerit
1627 5600 1750 5658 excludil
1776 5601 1873 5660 infelix

218 5701 390 5760 Examinabit
405 5703 481 5756 certe
495 5697 650 5768 argentum,
666 5687 713 5761 qui
731 5687 820 5761 ipsum
839 5705 948 5764 quoque
967 5708 1015 5748 an·
1071 5691 1106 5749 de
1119 5705 1173 5764 qno
1187 5689 1365 5748 clamabitur:
1386 5691 1637 5764 lollatorimpias,
1654 5707 1690 5750 ne
1704 5691 1797 5750 uideat
1815 5693 1875 5765 pio-
