3996 6350
633 449 668 510 tlt
686 447 815 510 aurive
833 449 1021 513 lll'lPllrlNlAE
1040 453 1148 516 stulto

627 603 679 700 m
713 603 869 670 ocrem
898 605 1140 674 serranum.

778 733 865 792 aas
883 734 1011 794 saeuo.

21 845 22 868 ¹
44 854 96 910 De
112 852 346 920 circumcisione,
363 851 510 924 baptismo,
526 856 554 910 et
578 853 658 912 oeric
672 853 1030 996 Dominfflddgoooeffl
1048 856 1094 914 Sic
1107 855 1187 914 decet
1201 873 1252 915 nos
1265 855 1386 930 implore
1400 871 1513 914 omnem
1522 857 1681 928 justitiam.
1701 878 1714 913 o

21 959 22 964 κ
815 942 833 982 o
885 939 947 991 .ιιι,
1001 966 1007 981 .

21 1025 22 1046 ³
98 1031 127 1082 t.
145 1026 250 1099 Populo
271 1025 348 1084 durae
368 1025 484 1084 ceruicis
504 1029 631 1086 cultellus
652 1036 712 1086 erat
735 1043 874 1086 necessa·
888 1044 912 1123 fl
928 1030 1028 1088 mirum
1043 1033 1066 1088 si
1080 1033 1200 1106 Baptista
1221 1032 1404 1090 contremuit?
1422 1030 1490 1102 Quis
1504 1029 1548 1089 vel
1571 1030 1629 1103 ipsa
1644 1033 1721 1106 cogi·

21 1111 25 1148 l
50 1116 133 1185 rius,
152 1123 182 1173 et
196 1112 310 1188 lapideis
323 1116 561 1175 cordibusmerito
576 1118 657 1176 cultri
671 1117 771 1191 lapidei
786 1117 871 1174 debe·
927 1120 1029 1178 tatione
1052 1138 1105 1178 non
1129 1122 1346 1179 contremiscat?
1368 1121 1392 1179 0
1415 1135 1497 1194 quam
1519 1120 1604 1176 altum
1618 1120 1671 1176 erit
1693 1120 1722 1176 iu

21 1203 23 1240 ¹
49 1205 178 1274 bantur,
208 1204 334 1277 qualibus
357 1220 374 1259 a
401 1205 466 1262 iesu
493 1207 570 1264 Nare
598 1207 669 1264 iacta
698 1205 871 1264 circumcisio
925 1208 1028 1278 judicio
1043 1219 1134 1283 caput,
1157 1211 1231 1284 quod
1249 1210 1331 1267 modo
1345 1210 1385 1266 sic
1407 1207 1569 1266 inclinaturl
1586 1215 1722 1266 atvertex

50 1300 259 1356 memorantur
273 1293 411 1364 (losucv,
441 1297 468 1363 2,
495 1295 532 1367 3).
543 1295 646 1352 Noster
668 1303 760 1352 autem
781 1294 871 1364 Jesus,
927 1297 973 1368 qui
994 1299 1076 1355 modo
1095 1307 1150 1355 um
1174 1299 1283 1355 humilis
1307 1299 1422 1368 ridetur,
1445 1313 1528 1371 quam
1548 1297 1672 1354 sublimis
1695 1304 1725 1355 et

21 1383 23 1420 l
50 1388 201 1453 tanquam
226 1395 318 1456 agnus
342 1389 513 1452 mansuetus,
543 1399 656 1440 omnem
683 1384 871 1440 austeritatem
926 1392 955 1440 et
973 1387 1098 1444 excelsus
1112 1395 1178 1445 tunc
1191 1387 1349 1461 apparebitl
1366 1386 1549 1461 Sinainquit,
1564 1389 1644 1444 modo
1659 1405 1668 1443 .·
1683 1386 1724 1441 sic

52 1467 190 1524 abstulit.
214 1469 342 1536 Domine,
367 1485 457 1541 agnus
471 1485 501 1526 es
515 1486 578 1527 cum
592 1471 657 1528 luna
680 1479 709 1527 et
732 1472 802 1528 lacte
817 1487 869 1529 ve·
926 1476 1149 1534 enimdecetoos
1160 1480 1278 1551 impiere
1289 1494 1400 1536 omnem
1411 1479 1571 1549 justitiam.
1583 1475 1724 1548 Siquidem

21 1565 23 1598 t
54 1557 149 1612 niens
162 1573 169 1612 :
181 1555 260 1611 auser
274 1572 290 1610 a
304 1570 360 1625 mc,
370 1557 497 1627 obsecro,
514 1559 654 1616 cultellum
665 1559 758 1615 istum.
769 1560 874 1615 Durum
926 1579 980 1635 que
995 1563 1023 1618 in
1036 1565 1206 1635 plenitudiue
1221 1565 1352 1636 temporis
1366 1565 1450 1634 venit,
1467 1571 1495 1620 et
1508 1564 1536 1620 in
1552 1579 1605 1637 quo
1621 1563 1725 1618 habitat

21 1669 22 1692 ι
52 1644 141 1700 enim
161 1641 272 1700 ridetur
286 1652 314 1700 et
336 1645 459 1716 crudele,
481 1647 594 1718 parvulo
610 1663 708 1704 recens
728 1655 791 1704 nato
806 1647 868 1703 cul·
925 1651 1066 1722 plenitudo
1080 1651 1236 1722 divinitatis,
1252 1652 1316 1708 niltil
1340 1653 1415 1710 novit
1434 1653 1486 1708 nisi
1506 1652 1629 1724 plenum.
1653 1652 1725 1706 Nam

21 1745 22 1782 1
55 1741 142 1788 trum
157 1730 453 1804 lapideumadlribcrc.
474 1733 520 1792 Sic
534 1735 591 1808 agit
605 1735 771 1793 misericors.
789 1735 873 1791 Duri·
926 1747 954 1795 et
967 1737 1058 1814 legem
1073 1757 1128 1797 non
1142 1741 1218 1799 venit
1240 1742 1356 1810 solvere,
1372 1741 1422 1798 aed
1436 1741 1550 1814 implere
1562 1741 1676 1812 (llottlt.
1693 1756 1722 1810 v,
1747 1757 1754 1765 ·

60 1821 150 1890 tiam,
166 1821 244 1878 duris
257 1821 330 1879 bene
344 1837 496 1897 congruam
513 1824 610 1892 serris,
628 1824 690 1882 liliis
698 1825 874 1882 commutavit
927 1828 982 1900 li).
1000 1831 1048 1884 Est
1071 1837 1162 1886 autam
1179 1831 1282 1901 iustitia
1303 1830 1429 1904 quasdam
1448 1829 1541 1886 stricta
1560 1837 1588 1886 et
1606 1835 1723 1902 augusta

21 1927 23 1964 ι
59 1909 96 1965 in
112 1911 367 1980 mansuetudinem,
384 1920 413 1967 ut
428 1912 585 1986 rubiginem
599 1913 741 1988 originalis
755 1913 871 1987 peccati,
926 1917 1014 1987 valde,
1030 1917 1067 1972 ita
1085 1927 1114 1974 ut
1135 1935 1217 1992 quam
1241 1919 1295 1974 cito
1314 1918 1415 1992 pedem
1432 1917 1560 1990 verteris,
1575 1917 1603 1972 in
1616 1915 1724 1989 peccati

57 2013 153 2070 quam
167 1998 213 2055 vix
227 1997 356 2056 cultellus
369 1999 485 2057 eradere
494 2009 613 2072 poterat,
625 2017 659 2058 ex
673 2003 726 2059 hoc
737 2002 795 2072 J‘am
810 2017 873 2058 cum
926 2003 1033 2061 foveam
1061 2006 1143 2062 cadas
1169 2025 1176 2062 ι
1206 2021 1258 2062 ιιεε
1285 2022 1447 2079 praeponere
1476 2021 1506 2062 se
1535 2004 1643 2078 aequali,
1672 2019 1725 2060 nec

21 2109 22 2142 1
59 2087 201 2142 unctione
217 2085 315 2160 gratiae
334 2086 412 2144 facile
432 2087 504 2146 lavet
525 2104 606 2162 aqua.
632 2087 706 2146 Nihil
727 2105 796 2162 ergo
819 2088 872 2144 mi·
926 2108 1037 2166 aequare
1050 2093 1207 2166 praeposito.
1223 2094 1310 2164 liujus
1324 2093 1447 2151 definitio
1460 2100 1512 2164 est,
1528 2092 1648 2150 reddere
1661 2091 1724 2148 uni·

56 2190 131 2228 raam
156 2173 254 2247 sipro
274 2175 432 2234 diversitate
456 2184 610 2249 temporum
630 2185 733 2234 mutata
757 2177 812 2234 sint
829 2193 873 2232 sa·
926 2182 1025 2256 cuique
1041 2183 1113 2256 quod
1129 2201 1209 2239 suum
1232 2191 1283 2239 cst.
1302 2184 1395 2240 Altera
1418 2183 1497 2240 latior
1511 2190 1538 2240 et
1552 2181 1667 2257 amplior
1681 2183 1725 2254 ju·

58 2271 221 2333 crementa,
237 2271 267 2319 ut
281 2264 394 2320 daretur
413 2265 537 2339 utrisque
552 2267 627 2339 quod
645 2282 799 2340 congruum
813 2274 873 2323 erat
927 2271 1009 2340 stitia,
1025 2287 1077 2328 nec
1091 2287 1200 2344 sequare
1216 2289 1245 2328 se
1259 2272 1328 2344 pari,
1344 2288 1396 2330 nec
1415 2271 1536 2328 interiori
1549 2285 1723 2350 preponere.

58 2351 117 2408 eis.
136 2351 197 2423 lpse
211 2368 278 2409 vero
297 2352 423 2410 Christus
444 2362 592 2427 utrumque
614 2354 745 2427 suscepit,
762 2363 791 2410 ut
809 2361 871 2410 tan·
889 2377 910 2455 Β
927 2358 1003 2414 Sicut
1018 2359 1091 2414 enim
1106 2359 1220 2432 grandis
1235 2366 1263 2416 et
1277 2360 1370 2433 grauis
1383 2369 1425 2416 est
1437 2359 1576 2432 superbia,
1592 2359 1723 2433 praeferre

21 2479 22 2504 1
59 2456 153 2512 quam
173 2439 242 2512 lapis
265 2441 406 2514 angularis
425 2441 535 2515 utrique
548 2442 647 2515 parieti
662 2443 824 2510 cohaereret,
840 2457 873 2498 ac
927 2462 956 2501 se
973 2446 1080 2518 aequali,
1101 2454 1147 2502 aut
1167 2462 1277 2519 aequere
1297 2449 1420 2518 praelato,
1444 2448 1480 2502 ita
1494 2463 1603 2520 magnae
1617 2444 1725 2502 humili·

59 2527 86 2580 si
105 2527 225 2584 duamm
241 2528 330 2600 capita
344 2529 527 2603 corrigiarum
550 2531 708 2588 consuendo
723 2537 872 2587 connecte·
926 2535 988 2590 tatis
1007 2543 1058 2604 est,
1080 2534 1240 2592 inferiorem
1261 2553 1292 2593 se
1306 2537 1436 2592 exhibere
1450 2535 1557 2608 aequali,
1574 2542 1620 2591 aut
1634 2549 1725 2606 aequa-

59 2623 123 2682 ret,
146 2615 217 2672 sicut
239 2625 268 2673 et
286 2619 390 2674 Pascha
412 2617 561 2692 figuratum
584 2619 643 2691 ipse
669 2618 825 2691 complevit,
845 2626 873 2676 et
926 2623 981 2680 lem
997 2622 1130 2679 inferiori.
1156 2624 1273 2680 Maxima
1293 2631 1320 2680 et
1341 2623 1422 2696 plena
1439 2622 1543 2693 justitia
1566 2629 1616 2691 est,
1633 2638 1664 2678 se
1683 2620 1725 2676 in-

61 2720 170 2762 verum
183 2705 308 2776 protinus
322 2705 468 2764 inchoavit.
926 2711 1056 2768 seriorem
1080 2711 1210 2768 exhibere
1228 2713 1311 2768 etiam
1330 2712 1381 2785 ipsi
1403 2711 1537 2769 inferiori.
1562 2710 1637 2768 Sicut
1651 2707 1724 2767 enim

104 2797 135 2849 2.
151 2792 207 2850 Sed
222 2802 250 2850 et
272 2803 420 2867 propterea
435 2795 520 2852 voluit
543 2794 711 2866 circumcidi,
732 2803 762 2852 ut
781 2804 873 2853 osten·
926 2807 1084 2857 summast
1110 2801 1288 2857 intolerabilis
1311 2800 1440 2872 superbia
1465 2807 1516 2868 est,
1542 2798 1675 2872 superiori
1694 2813 1724 2854 se

62 2882 151 2937 deret
165 2889 291 2938 autorem
306 2898 337 2939 se
356 2898 419 2939 esse
439 2883 540 2939 veteris
553 2883 635 2957 legis,
651 2884 722 2940 sicut
737 2893 765 2940 et
780 2883 870 2941 uvan-
926 2903 1087 2960 praeponcre
1111 2887 1147 2942 ita
1167 2887 1341 2945 inleriori'se
1366 2903 1522 2961 supponere
1548 2887 1639 2961 [olias
1663 2887 1725 2942 sub-

62 2967 151 3043 gelii5
173 2969 303 3043 quoniam
331 2971 377 3043 qui
404 2986 456 3043 per
476 2987 506 3026 se
525 2971 615 3043 ipsum
630 2971 690 3030 ait:
711 2971 780 3042 Nisi,
809 2974 872 3046 quis
926 2977 1013 3051 dere]‚
1042 2992 1148 3032 summa
1173 2986 1200 3034 et
1221 2979 1303 3050 plena
1331 2977 1434 3048 justitia
1464 2985 1515 3034 est.
1535 2976 1614 3047 Quod
1638 2975 1725 3036 8⁰5

64 3060 873 3133 renatussueritcacqunatSpiritusanctomouiotrobit
924 3067 1045 3123 loannes
1067 3065 1114 3128 ait,
1134 3068 1221 3138 quc
1245 3070 1271 3125 tc
1293 3065 1375 3123 debeo
1398 3065 1537 3140 baptizari
1553 3065 1661 3134 (llattlt.
1682 3080 1723 3136 ιιι,

63 3148 100 3203 ire
117 3161 237 3218 regnum
260 3147 395 3203 cucumam
415 3148 509 3216 (iona.
533 3163 575 3218 ιιι,
596 3151 636 3218 5),
656 3149 716 3220 ipse
734 3149 807 3206 idem
822 3165 872 3221 per
927 3157 983 3228 ll),
1008 3155 1043 3209 de
1070 3141 1160 3226 prima
1187 3154 1246 3224 luit,
1277 3153 1341 3227 quia
1366 3153 1501 3226 superiori
1527 3168 1558 3209 se
1581 3151 1724 3208 subdidit:

65 3251 184 3292 servum
202 3250 282 3291 suum
305 3235 383 3308 prius
405 3237 522 3307 dixerat,
551 3238 647 3294 Omnis
670 3239 769 3294 animo
789 3240 872 3311 cujus
927 3243 1000 3317 quod
1029 3249 1120 3298 autem
1149 3241 1273 3300 Christus
1300 3242 1374 3312 lecit,
1398 3242 1433 3298 dc
1456 3241 1537 3313 plena
1564 3241 1667 3311 justitia
1686 3240 1725 3294 i-

63 3325 281 3396 proeputaicoro
298 3325 469 3382 circumciso
484 3341 542 3383 oon
556 3327 771 3400 sueritpem'bit
785 3328 874 3400 depo-
926 3332 974 3401 cit,
1003 3329 1138 3404 siquidem
1166 3329 1210 3388 ille
1233 3330 1334 3388 servuli
1363 3330 1405 3385 sui
1432 3329 1558 3385 manibus
1587 3343 1616 3384 se
1643 3328 1724 3385 incli-

64 3412 136 3486 puio
159 3429 208 3470 suo
232 3413 312 3483 (Gen.
328 3427 394 3483 amr,
419 3413 476 3486 tt).
496 3413 576 3482 Quod
597 3415 621 3470 si
635 3417 723 3471 solum
737 3416 873 3488 baptisma
926 3418 1010 3477 navit.

64 3499 248 3572 suscepisset,
275 3499 364 3557 rideri
391 3509 498 3573 poterat
521 3502 659 3576 refugisse
682 3503 872 3562 circumcisio·
962 3511 990 3564 5.
1007 3507 1104 3564 Videat
1120 3521 1194 3564 nunc
1208 3504 1325 3581 quisque
1344 3521 1426 3578 quem
1441 3503 1572 3574 imitetur,
1587 3504 1672 3567 hunc,
1687 3517 1724 3560 au

68 3612 150 3667 nem,
181 3604 308 3670 tanquam
330 3598 397 3652 nihil
425 3598 460 3653 ad
488 3614 518 3654 se
542 3599 737 3670 pertinentem.
761 3601 791 3656 Si
805 3616 872 3658 vcro
927 3613 990 3654 eum
1010 3597 1057 3670 qui
1071 3595 1208 3653 extollitur
1222 3611 1306 3668 super
1321 3609 1402 3651 omne
1417 3593 1489 3666 quod
1504 3593 1624 3652 creditur
1638 3594 1723 3662 Dens,

67 3685 318 3743 circumcideretur
340 3693 367 3742 et
390 3701 446 3741 non
466 3686 658 3758 baptizaretur,
679 3689 788 3761 quaudo
807 3689 873 3745 milri
890 3719 912 3798 c
927 3695 972 3742 aut
991 3686 1064 3759 quod
1072 3685 1171 3742 colitur
1185 3687 1224 3757 (ll
1241 3683 1332 3742 Tiora.
1351 3700 1383 3755 ιι,
1394 3685 1432 3756 l).
1444 3683 1607 3740 Studeamus
1621 3690 1649 3740 et
1662 3697 1724 3752 nos,

859 3779 873 3836 i

65 3773 233 3847 persuaderi
255 3781 349 3846 posset
368 3773 511 3846 baptizari,
535 3774 743 3834 circumcisione
757 3777 851 3835 relicta
927 3776 1051 3844 obsecro,
1074 3773 1184 3841 iratres,
1208 3772 1360 3844 adimplere
1379 3787 1489 3829 omnem
1506 3771 1647 3843 justitiam.
1663 3771 1724 3842 lpse

67 3864 151 3919 Nunc
174 3863 265 3936 itaque
286 3871 348 3935 post
372 3862 609 3921 circumcisionem
631 3865 766 3937 baptisma
785 3866 874 3924 susci·
928 3863 1002 3920 enim
1017 3869 1058 3919 est
1078 3859 1120 3917 ria
1142 3875 1193 3932 per
1213 3876 1296 3933 quam
1324 3859 1359 3916 ad
1373 3860 1494 3916 laetitiam
1515 3859 1634 3918 venitur.
1653 3859 1724 3914 Nam

66 3951 161 4024 piens,
186 3949 253 4008 illud
275 3949 343 4007 mihi
366 3950 516 4008 tenendum
537 3950 657 4027 tradidit,
681 3953 755 4028 quod
777 3953 872 4013 ultimo
926 3950 1019 4007 laetitia
1034 3948 1176 4021 praemium
1190 3957 1241 4018 est,
1256 3947 1381 4019 justititia
1398 3963 1464 4005 raro
1482 3947 1608 4003 meritum
1624 3954 1650 4004 et
1665 3961 1725 4002 ma·

68 4039 200 4111 suscepit.
927 4039 1082 4097 teria.Nam
1096 4037 1130 4092 de
1140 4036 1199 4109 ipsa
1208 4035 1312 4108 justitia
1327 4036 1380 4092 erit
1393 4035 1598 4106 restituamus,
1615 4035 1726 4108 quanda

104 4128 132 4184 3.
147 4127 272 4202 Denique
287 4126 491 4185 communitatis
500 4136 606 4186 curator
614 4136 641 4186 ct
655 4132 870 4203 commendator,
927 4128 1051 4186 Christus
1068 4125 1211 4198 apparebit
1235 4126 1291 4183 rita
1308 4132 1411 4194 nostra,
1424 4133 1450 4180 et
1464 4140 1515 4181 nos
1534 4123 1725 4198 apparebimus

70 4217 118 4290 qui
132 4215 256 4275 habitare
271 4217 336 4275 iacit
350 4216 432 4274 unius
446 4217 531 4274 moris
545 4218 574 4275 in
588 4218 670 4276 domo
685 4220 774 4291 (Psoi.
785 4238 869 4294 zxrrr,
928 4233 991 4274 cum
1005 4215 1064 4288 lpso
1080 4214 1107 4269 in
1121 4214 1222 4288 gratim
1242 4213 1368 4286 quoniam
1384 4213 1442 4286 ipse
1462 4221 1503 4270 esi
1521 4213 1568 4285 (tui
1582 4213 1670 4269 fitius
1684 4221 1727 4268 tsi

67 4305 108 4378 7),
140 4305 278 4377 quomodo
305 4305 531 4363 communitatem
558 4306 714 4379 desereret,
749 4316 777 4365 et
804 4310 872 4367 alios
928 4303 1101 4361 nobisaueo
1113 4303 1195 4359 Patre
1209 4301 1323 4372 justitia.
1339 4301 1412 4358 Beati
1426 4300 1559 4374 rerc,qui
1569 4301 1725 4357 etiamnunc

69 4391 288 4450 scandalizaret?
309 4393 355 4452 Sic
378 4394 453 4450 enim
476 4393 724 4452 scandalizarentur
746 4397 872 4456 videntes
927 4395 962 4451 de
976 4391 1081 4463 justitia
1099 4391 1235 4461 laetantur,
1251 4399 1279 4446 et
1299 4391 1486 4451 exhilarantur
1504 4390 1533 4445 in
1552 4389 1725 4446 conscientiis

70 4497 134 4539 eum
164 4496 220 4538 non
243 4481 415 4553 circumcidi,
444 4481 516 4540 sicut
535 4483 615 4541 hodie
643 4484 872 4544 scandalizaretur
927 4483 992 4552 saris,
1009 4489 1141 4555 sugentes
1155 4480 1209 4536 mel
1229 4479 1263 4535 dc
1276 4488 1365 4552 petra,
1382 4480 1527 4551 oleumque
1542 4478 1577 4533 de
1591 4493 1656 4533 saxo
1671 4477 1724 4534 du·

73 4567 207 4635 Ecclesia,
230 4567 254 4625 si
276 4568 409 4626 infantem
439 4569 547 4628 videret
573 4584 629 4627 nou
652 4571 790 4644 baptizari.
814 4575 872 4631 Nec
928 4571 1046 4628 rissimo.
1061 4570 1141 4626 Nunc
1155 4567 1229 4625 culm
1245 4568 1339 4642 [aliua
1354 4568 1456 4640 autem]
1472 4565 1726 4624 videturlaboriosa

76 4657 165 4715 solum
179 4657 380 4715 communitatis
395 4667 423 4715 et
437 4659 550 4716 unitatis
570 4661 673 4716 bouum
697 4663 872 4718 commenda·
926 4659 1031 4730 justitia
1047 4677 1053 4714 :
1070 4658 1119 4714 sed
1140 4656 1231 4713 veniet
1249 4656 1358 4728 quando
1377 4655 1405 4710 in
1426 4655 1558 4711 suavitate
1576 4661 1605 4710 ct
1623 4653 1724 4724 jucun·

21 4791 22 4796 ,
73 4761 115 4816 ιε,
138 4745 188 4801 sed
209 4746 388 4804 humilitatem
412 4747 496 4805 roluit
516 4748 664 4815 exhibere3
685 4757 714 4806 ut
727 4749 872 4824 ligaturam
928 4747 1012 4804 ditate
1034 4747 1093 4802 sine
1116 4745 1191 4801 omni
1218 4745 1314 4801 labore
1334 4743 1506 4801 desideretur
1530 4743 1559 4797 in
1582 4742 1723 4812 habeatur,

21 4821 22 4886 J
76 4833 282 4893 vulneratorum
297 4835 458 4907 susciperet,
474 4837 521 4910 qui
536 4837 610 4895 solua
624 4845 683 4894 crat
696 4839 800 4912 absque
814 4840 872 4896 vul·
928 4844 1034 4894 ametur
1061 4843 1089 4889 et
1116 4832 1291 4906 percipiatur,
1312 4833 1421 4905 quando
1449 4832 1573 4888 fruemur
1599 4831 1659 4904 ipsa
1681 4833 1725 4902 ju·

21 4973 22 5006 ,
77 4937 155 4981 nere.
171 4921 326 4980 Hinccnim
334 4924 481 4996 Apostolus
495 4925 578 4984 dicit:
592 4927 667 4984 nisit
679 4929 754 4986 Deus
767 4930 873 4986 Filium
928 4925 1013 4982 stitia.
1031 4921 1077 4980 liae
1099 4929 1191 4979 autem
1218 4920 1262 4977 laia
1283 4921 1330 4994 qui
1356 4921 1620 4994 praetergrediuntur
1642 4919 1724 4990 uam,

75 5027 161 5069 suom
174 5012 206 5067 in
219 5010 373 5078 mundum,
389 5016 491 5070 notum
503 5031 540 5073 eos
553 5015 683 5083 mutiero,
697 5018 807 5088 [actum
820 5018 872 5075 sui
929 5014 985 5088 qui,
1009 5012 1106 5069 relicta
1132 5011 1246 5082 iustitia,
1271 5025 1370 5068 vanam
1392 5019 1420 5066 et
1447 5009 1631 5066 transitoriam
1653 5007 1723 5065 laeti·

21 5145 22 5160 .
78 5098 364 5172 contumatiae).
567 5091 571 5102 ’
888 5056 994 5158 utiam
1022 5100 1161 5174 quaerunt!
1193 5099 1260 5156 Cum
1293 5099 1367 5153 enim
1394 5098 1429 5154 de
1455 5097 1618 5155 transitoriis
1646 5113 1723 5170 quae·

21 5171 22 5254 ]
111 5191 137 5244 i.
153 5188 256 5246 Verum
277 5203 313 5246 ne
331 5186 393 5262 quis
412 5188 483 5246 iorte
506 5189 633 5247 diceret:
655 5191 735 5261 Quod
755 5191 871 5250 circum·
927 5199 991 5248 runt
1005 5189 1134 5257 laetitiam,
1158 5203 1214 5245 non
1229 5186 1331 5259 poterit
1349 5202 1404 5243 non
1428 5187 1556 5256 transire,
1577 5193 1722 5240 transeun-

21 5265 22 5344 J
77 5275 149 5333 cisus
171 5283 213 5333 est
235 5286 365 5350 parentes
387 5278 512 5335 lecerunt
533 5279 672 5352 (parvulus
693 5282 767 5338 anun
788 5283 869 5356 erat),
927 5281 998 5336 tibus
1017 5279 1060 5334 his
1082 5278 1117 5335 de
1139 5277 1239 5351 quibus
1261 5283 1331 5332 erat.
1356 5275 1431 5332 Sicut
1451 5275 1524 5332 enim
1545 5273 1629 5346 lignis
1652 5271 1723 5328 deli·

21 5415 22 5422 ,
76 5365 131 5436 jam
146 5363 256 5440 triginta
275 5380 409 5424 macrum
428 5368 462 5429 ed
485 5367 651 5441 baptismus
665 5369 725 5443 ipse
738 5373 869 5442 perrexit.
926 5367 1061 5426 cientibus
1083 5365 1174 5422 delicit
1196 5364 1278 5438 ignis,
1302 5363 1343 5420 sic
1363 5362 1482 5420 mundus
1496 5361 1601 5430 transit,
1617 5369 1644 5417 et
1659 5375 1723 5418 coa·

21 5443 22 5448 ’
77 5451 223 5510 inclinatur
245 5454 296 5510 sub
309 5453 435 5530 Baptiatae
454 5457 580 5513 manibus
602 5465 683 5530 caput
697 5459 869 5517 tremendum
926 5455 1094 5530 cupisceutia
1121 5456 1183 5524 ejus
1208 5471 1215 5507 z
1242 5452 1314 5510 haud
1341 5451 1455 5508 dubium
1483 5450 1550 5525 quin
1577 5458 1605 5506 et
1630 5449 1723 5508 laetitia

21 5591 22 5612 ,
77 5541 262 5614 potestatibus,
293 5552 322 5601 et
352 5544 551 5620 principatibus
582 5545 763 5608 adoraudum.
797 5548 869 5620 Quid
926 5560 1045 5619 quoque.
1242 5545 1264 5562 ·“

764 5693 1013 5712 ιιι-...1.-
