4064 6344
259 467 328 530 1027
736 443 763 504 S.
780 441 949 506 tundenti
962 439 1098 502 tessus
1110 439 1422 503 utinm-tituenus
1830 438 1898 500 1022

293 592 320 646 ὅ·
339 573 642 648 Ftfflumssflffl'hlssr
667 571 774 644 tillim
792 585 838 626 mi
863 568 959 635 malit,
983 581 1092 663 tutan
1141 568 1168 623 7.
1188 565 1319 625 Ceterum
1347 564 1415 640 quid
1428 574 1556 638 petamus
1581 565 1670 624 verbo
1689 580 1793 639 sponso
1806 563 1901 624 lenm

258 691 353 738 amore
372 675 499 744 tropaeo.
519 661 768 734 flooitaqueloeute
783 655 1052 731 ostsponseadoles·
1106 671 1177 724 esse,
1195 657 1253 713 sive
1280 657 1437 712 dexteram?
1454 655 1525 712 Num
1536 653 1563 711 id
1581 657 1654 730 quod
1667 655 1767 714 dicitur
1779 653 1898 712 homini,

258 764 371 825 centulis
385 763 411 818 in
425 757 519 833 sponsi
529 751 660 814 absentie,
675 763 789 806 monens
804 763 850 804 eas
864 747 892 804 in
906 745 960 802 lide
972 743 1052 818 proli·
1106 747 1217 802 verbum
1231 743 1380 802 istiusmodi
1393 760 1538 817 corporeas
1558 753 1649 819 partes
1677 747 1758 804 babet
1772 747 1801 802 in
1815 761 1845 802 se
1857 745 1901 802 di·

257 865 355 914 oereet
369 849 498 923 operibus
511 841 592 900 bonis
611 842 698 896 donec
711 839 813 903 veniet,
830 836 949 892 sentiens
968 836 995 890 in
1019 849 1053 890 eo
1107 834 1190 900 vises,
1210 842 1237 890 et
1257 833 1417 890 lineamenta
1431 833 1565 900 distincta,
1588 851 1619 892 ac
1629 833 1901 910 distinguendam

258 934 568 1008 loreetbeneplaeitum
582 927 725 1000 sponsi,et
740 925 863 980 filiarum
879 925 1004 993 salutern,
1025 929 1054 977 et
1107 923 1243 980 sinistram
1267 931 1295 980 el
1319 922 1598 994 dexteramiQuanto
1625 925 1711 998 magis
1741 925 1774 992 is,
1789 924 1839 998 qui
1852 925 1901 982 nei

258 1047 334 1090 suam
349 1029 433 1101 ipsius
447 1020 668 1082 consolationem.
684 1015 747 1071 Seio
761 1029 805 1069 me
829 1015 901 1068 bunc
915 1011 1004 1068 locum
1025 1009 1053 1064 in
1108 1019 1135 1068 el
1145 1012 1217 1067 Deus
1235 1018 1285 1078 est,
1303 1027 1390 1068 sermo
1408 1014 1564 1071 varietatem
1579 1029 1689 1087 prorsus
1715 1014 1835 1087 aliquam
1849 1030 1903 1070 non

259 1121 340 1179 libro.
357 1121 394 1176 lle
407 1116 559 1175 dilectione
582 1109 632 1166 fici
645 1106 753 1178 plenius
767 1101 945 1174 explicuisse,
962 1109 988 1156 et
1003 1099 1054 1156 sub
1107 1100 1232 1170 admittit,
1252 1101 1301 1156 sed
1316 1107 1358 1157 est
1374 1101 1420 1174 qui
1434 1111 1476 1158 est
1498 1103 1600 1172 plicent.
1620 1118 1662 1172 ιιι,
1683 1102 1736 1173 ιι),
1749 1103 1777 1159 ιι,
1791 1119 1843 1160 m
1858 1103 1903 1158 ni,

259 1210 313 1268 alio
322 1207 478 1264 intellectu:
497 1199 628 1275 potiorine
640 1211 673 1251 an
684 1192 813 1250 deteriori
826 1191 908 1248 lector
919 1189 1021 1261 judicet
1030 1189 1052 1244 si
1108 1189 1206 1246 mirum
1219 1197 1315 1246 natura
1338 1197 1391 1245 tam
1418 1189 1531 1263 simplex
1563 1201 1593 1249 ut
1619 1207 1673 1247 non
1691 1192 1787 1248 babeat
1810 1201 1904 1264 panes

158 1289 161 1296 Δ
260 1298 305 1356 oni
319 1305 465 1364 utrumque
478 1290 568 1348 videre
585 1283 725 1358 placuerit.
740 1283 800 1338 Non
814 1279 1055 1353 saneaprudeute
1108 1288 1163 1335 tam
1177 1295 1249 1335 unus
1263 1285 1356 1335 utnon
1375 1278 1623 1337 babeatnumeros.
1640 1281 1773 1336 listenim
1790 1281 1842 1338 Dei
1856 1297 1903 1338 sa·

260 1387 294 1443 de
304 1382 461 1442 diversitate
475 1391 605 1435 sensuum
619 1370 771 1444 judicabor,
793 1367 938 1426 dummodo
954 1367 1055 1423 veritas
1109 1365 1319 1439 pientia,deqna
1332 1366 1462 1436 scriptum
1477 1375 1535 1426 est:
1559 1371 1595 1426 Et
1608 1371 1757 1442 aeplmttoe
1774 1372 1904 1443 ejmm

260 1473 402 1545 utrobique
426 1469 503 1524 nobis
521 1460 723 1537 patrocinetur,
740 1469 766 1515 et
782 1457 898 1514 cherilus
920 1455 964 1512 cui
979 1453 1054 1512 Seri·
1108 1460 1151 1516 est
1164 1472 1300 1514 numerere
1311 1456 1398 1525 (Prot.
1408 1471 1501 1524 cxcvi,
1515 1455 1554 1528 5).
1564 1457 1600 1513 At
1619 1456 1728 1532 siquod
1747 1460 1907 1518 innffibpe

259 1569 352 1635 pluras
369 1557 470 1615 servire
496 1559 612 1626 oportet,
632 1564 665 1605 eo
684 1545 798 1604 aedificet
811 1547 913 1618 plnres,
927 1561 982 1616 quo
997 1544 1056 1616 plu·
1108 1555 1160 1613 est,
1175 1547 1205 1602 id
1226 1544 1505 1618 incomprehensibile,
1526 1561 1557 1601 ac
1575 1562 1622 1618 per
1635 1547 1688 1604 boc
1710 1549 1794 1605 etiam
1811 1549 1907 1608 inelle-

259 1666 304 1707 res
328 1666 362 1706 ex
380 1647 460 1704 eisin
485 1657 556 1715 opus
579 1651 752 1696 suumveros
775 1635 874 1692 eruerit
893 1633 1053 1690 intellectus.
1108 1635 1162 1691 bile
1180 1648 1365 1692 esseneeesse
1393 1641 1450 1700 cst;
1466 1634 1511 1690 ubi
1525 1651 1628 1707 queso,
1661 1635 1785 1694 invenias
1811 1639 1905 1706 verba
2014 1696 2015 1708 ,

259 1738 328 1796 Cum
349 1735 421 1792 enim
437 1734 488 1790 hoc
501 1727 683 1802 displiceatin
697 1725 823 1782 sensibus
844 1725 1054 1797 Scriptorerum,
1111 1723 1209 1795 quibus
1229 1722 1301 1778 iliam
1330 1721 1493 1792 maiestatem
1519 1723 1561 1779 vel
1590 1723 1672 1798 digne
1693 1726 1828 1798 assignes,
1863 1729 1907 1785 vel

259 1825 332 1900 quod
347 1824 374 1881 in
390 1823 484 1880 usibus
498 1835 591 1878 rerum
605 1815 715 1874 assidue
729 1813 907 1888 experimur?
922 1816 954 1871 ln
968 1830 1056 1887 quen·
1111 1812 1220 1885 proprie
1239 1810 1418 1884 proloqueris,
1442 1811 1484 1869 vel
1502 1822 1686 1885 competenter
1708 1815 1840 1874 deliniant
1855 1819 1907 1874 Ta·
2014 1859 2015 1886 ,

261 1920 313 1984 tos,
337 1911 412 1972 verbi
433 1924 527 1979 eausa,
549 1907 608 1964 sola
630 1920 699 1979 equa
730 1910 884 1961 nostrorum
911 1902 1057 1960 assumitur
1073 1876 1095 1954 Β
1112 1917 1174 1959 men
1188 1910 1325 1972 utcunque
1352 1899 1504 1973 loquemur,
1518 1902 1592 1975 qnod
1607 1905 1783 1977 utcunquede
1796 1923 1830 1965 ea
1844 1907 1907 1983 Spr-
2014 1901 2015 1904 ’

261 2017 406 2075 corporum
431 1999 515 2059 usust
540 1997 579 2052 lta
606 1993 805 2067 unusquilibet
833 1993 941 2052 divinus
968 2008 1057 2051 sermo
1111 1991 1164 2048 ritu
1182 2001 1277 2046 sancto
1291 1990 1429 2049 revelante
1442 1991 1584 2051 sentimus.
1602 1994 1736 2052 Doeemur
1749 1999 1908 2056 ancwritate

261 2106 317 2148 non
335 2089 481 2158 eritabre,
504 2085 666 2145 sidivcrsos
684 2081 770 2154 periet
792 2081 953 2155 intellectus,
967 2081 1056 2138 diver·
1109 2081 1229 2148 Petrum,
1248 2087 1275 2135 et
1297 2079 1493 2137 consuetudine
1515 2081 1713 2154 seripturarum
1726 2095 1908 2160 congrueniia
2014 2091 2015 2118 ι

263 2180 301 2238 sis
327 2181 477 2236 animarum
505 2171 709 2232 necessitatibus
731 2173 759 2227 et
785 2171 879 2228 usibus
903 2184 1056 2244 accommo-
1109 2166 1143 2222 de
1161 2169 1242 2224 rebus
1260 2165 1333 2224 notis
1358 2166 1439 2224 licere
1452 2166 1644 2228 similitudines
1657 2174 1865 2245 usurpare;serl
1880 2183 1910 2231 ss

264 2267 380 2324 dandos.
1110 2257 1192 2312 verbe
1214 2270 1269 2314 non
1282 2271 1354 2312 nove
1376 2256 1507 2330 invenire,
1523 2259 1571 2315 sed
1586 2267 1650 2317 nota
1669 2263 1785 2319 mutuari
1810 2261 1908 2337 [elim
2014 2303 2015 2306 ,

299 2359 326 2412 5,
342 2353 484 2426 sequitur:
498 2353 579 2409 treve
595 2351 657 2421 ejas
665 2350 717 2407 sal
730 2351 807 2422 cpite
817 2363 888 2416 meo,
901 2352 931 2405 et
938 2348 1058 2407 dextero
1113 2342 1280 2420 rmnslemel,
1296 2343 1392 2415 quibus
1405 2347 1487 2420 digne
1503 2357 1530 2406 et
1548 2357 1733 2422 competenter
1748 2355 1852 2410 ιωιιιιι
1869 2352 1910 2407 si·

263 2438 1060 2517 ejnscmplenobitrerme.Etinsuperbocquoqueinpsae.
1113 2431 1279 2488 militudines
1298 2434 1455 2491 vestiantur.
1479 2436 1608 2510 Alioquin
1631 2437 1741 2495 ridicule
1752 2438 1846 2512 ignom
1860 2453 1912 2512 per
2014 2477 2015 2486 ι

262 2531 321 2588 lato
339 2532 473 2603 opusculo
498 2527 608 2592 memini
622 2527 736 2583 uberius
750 2527 916 2598 disputatum
934 2543 942 2594 3
957 2525 1007 2583 sed
1022 2527 1059 2583 si·
1112 2518 1205 2592 ignota
1219 2522 1318 2580 dobere
1326 2525 1480 2583 comiteris·
2004 2527 2009 2536 ’

264 2636 379 2694 pnemns
407 2618 541 2676 sermonis
562 2615 696 2676 ordinem.
725 2616 822 2690 Liquet
846 2617 937 2674 denuo
963 2617 1059 2674 edesse
1149 2611 1177 2664 ⁸·
1204 2610 1278 2683 ΕΓΒΟ
1293 2613 1357 2684 quie
1368 2628 1419 2683 per
1433 2616 1555 2672 delitum
1578 2627 1605 2676 θῑ
1625 2617 1762 2676 &nimum
1795 2618 1912 2676 “mm

264 2725 403 2783 sponsum,
418 2704 634 2774 racaneto,
655 2714 685 2763 ut
699 2722 748 2764 sua
763 2709 905 2779 presentie
927 2706 1060 2778 languen-
1113 2698 1202 2756 SOlffll
1229 2709 1306 2774 lt(11¹⁰
1320 2719 1449 2776 timim
1466 2707 1621 2780 desitflssffl
1636 2709 1744 2766 Videtur
1769 2707 1840 2764 mihi
1859 2711 1912 2766 ΗΝ

264 2808 320 2858 tem
334 2799 431 2871 erigat.
453 2797 596 2870 Quomodo
623 2796 695 2851 enim
722 2811 775 2852 non
797 2795 824 2851 in
839 2796 982 2868 presentia
1001 2796 1060 2866 eius
1113 2789 1174 2848 loce
1188 2792 1301 2866 intelligi
1316 2809 1397 2866 posse
1411 2798 1505 2857 laeram
1532 2801 1640 2870 qurdem
1656 2799 1748 2867 Verbi,
1765 2801 1914 2857 commin*

264 2889 470 2958 oenfflmrep,
499 2902 580 2959 quam
606 2883 726 2942 absencia
747 2885 950 2943 ωιιιιιιιιιιιιι
986 2885 1060 2958 Ergo
1115 2880 1361 2954 tionemsnpplicri;
1377 2889 1501 2944 dextram
1514 2904 1580 2945 vero
1594 2888 1673 2962 regni
1688 2890 1909 2962 promissionem.

263 2994 321 3036 ¹noar
336 2977 450 3034 sustinet
463 2975 567 3032 dilectae
591 2975 740 3031 molestiam
756 2992 764 3030 ι
780 2975 867 3044 adest,
884 2991 971 3048 neque
987 2977 1061 3032 enim
1114 2969 1262 3025 Bstaulem
1276 2987 1337 3028 oum
1365 2989 1442 3031 mens
1456 2986 1548 3032 nostra
1572 2975 1718 3035 loruridine
1746 2995 1835 3052 paene
1851 2997 1912 3035 ser·

264 3081 368 3124 moram
381 3064 472 3121 iecere
485 3071 576 3137 polest
598 3063 679 3120 tantis
697 3063 839 3120 desideriis
862 3070 998 3121 evocatus.
1027 3065 1062 3119 Ει
1115 3059 1201 3116 viliter
1210 3063 1343 3134 premitur
1358 3083 1365 3124 :
1381 3075 1409 3124 et
1424 3078 1488 3125 tunc
1501 3084 1671 3143 nequaquam
1685 3071 1735 3128 aab
1745 3072 1851 3145 eapite,
1861 3071 1910 3128 sed

266 3154 330 3229 quia
343 3154 417 3211 iliam
427 3161 597 3224 compererat
611 3153 699 3210 donee
723 3153 822 3208 absens
840 3150 1015 3223 iuil,fidelem
1030 3152 1065 3209 ed
1080 3159 1199 3237 csuper
1220 3162 1300 3224 eaput
1318 3154 1386 3216 laeva
1404 3173 1464 3215 esse
1482 3159 1598 3216 dicenda
1614 3169 1679 3221 est:
1705 3177 1756 3218 nee
1768 3169 1860 3233 potest
1873 3163 1913 3220 sie

224 3279 235 3296 .
264 3259 350 3316 opera
363 3251 390 3300 ιι
415 3242 557 3300 sollicitem
573 3241 606 3298 ad
634 3242 753 3300 lncrain
775 3239 962 3310 coniminum,
987 3244 1061 3316 quod
1094 3237 1212 3297 -alleeta
1240 3243 1329 3298 anima
1356 3248 1466 3306 omnino
1492 3249 1592 3323 dicere,
1614 3251 1684 3308 laeuo
1711 3254 1773 3324 ejas
1796 3252 1913 3311 subeo-

266 3333 349 3392 lloree
367 3332 419 3390 sibi
433 3331 575 3390 ctirnctus
589 3338 753 3403 praeceperat
763 3331 891 3400 adunari;
908 3330 988 3388 etiam
998 3348 1061 3389 eum
1114 3333 1175 3402 pite
1186 3348 1255 3392 mee.
1272 3339 1307 3392 nt
1319 3353 1383 3394 vcro
1397 3338 1421 3395 si
1436 3341 1580 3412 proficiens
1594 3359 1628 3400 ex
1650 3344 1702 3402 boe
1714 3327 1818 3416 ‘spirite
1832 3347 1914 3406 servi·

266 3421 504 3498 propensioribus
531 3421 590 3479 viee
615 3422 836 3478 remuneratione
848 3421 945 3494 gratioe
965 3429 1008 3477 est
1020 3437 1063 3479 re·
1116 3419 1182 3476 lutis
1208 3424 1346 3481 tmnsierit
1358 3427 1384 3484 in
1403 3432 1545 3502 quemdam
1567 3436 1708 3505 spontanei
1723 3435 1847 3508 obsequii
1868 3436 1914 3492 di·

267 3527 372 3572 sersus.
386 3511 510 3583 Denique
533 3526 588 3567 uno
614 3511 785 3568 brachiorum
800 3525 912 3566 snorum
931 3516 1064 3568 sustentat
1116 3508 1240 3582 peiorem
1258 3513 1396 3583 allectum,
1417 3531 1551 3590 quatenns
1579 3523 1703 3580 videlieet
1722 3525 1839 3593 premiis
1866 3541 1916 3599 po·

265 3608 346 3673 ιιιιιιι
358 3601 485 3670 jacentis,
509 3601 621 3656 alterum
635 3600 670 3655 ed
688 3597 894 3670 amplexandum
907 3615 1017 3672 parans,
1032 3607 1064 3657 nt
1113 3603 1171 3660 tius
1189 3615 1352 3676 provocetur
1365 3621 1446 3678 qnam
1456 3619 1573 3668 arctetur
1588 3613 1738 3686 suppliciis,
1755 3616 1841 3689 napis
1863 3633 1915 3674 ao·

267 3690 330 3746 sinu
353 3688 451 3746 ioveat.
473 3687 549 3742 Felix
563 3687 653 3743 anima
676 3703 738 3760 quae
752 3688 780 3743 in
807 3687 907 3744 Gbristi
931 3689 1062 3747 recumbit
1117 3699 1172 3747 tem
1191 3691 1215 3747 si
1230 3706 1322 3751 amore
1335 3697 1401 3754 boni
1414 3697 1622 3775 ipsiusagetur3
1648 3714 1711 3761 tunc
1733 3701 1917 3764 indubitanter

165 3822 167 3825 .
269 3785 387 3850 pectore,
418 3783 446 3831 et
469 3776 539 3831 inter
557 3775 641 3832 verni
667 3775 776 3832 brachia
805 3777 958 3849 requiescit.
982 3780 1064 3836 Laeuo
1117 3781 1209 3838 dicere
1223 3783 1407 3857 poteritque
1417 3789 1618 3862 toevoejesset
1631 3795 1915 3870 eopelememquippe

268 3863 1062 3941 ejaseateapitemeoettenenaejesampteeatitnrme.
1119 3870 1166 3942 qui
1180 3871 1393 3931 illumservilem
1407 3887 1521 3949 metum,
1543 3881 1631 3954 quiin
1657 3884 1767 3942 sinistra
1782 3893 1832 3953 est,
1857 3901 1915 3943 me·

267 3955 327 4014 Non
340 3955 396 4014 ait:
421 3955 616 4026 Amplexetur;
634 3955 684 4011 sed
706 3957 921 4029 amplexabitur
947 3973 1006 4026 mc,
1026 3964 1064 4036 ¹ut
1120 3959 1180 4016 liori
1194 3969 1273 4034 atque
1287 3964 1474 4023 excellentiori
1494 3969 1652 4029 habitudine
1670 3974 1753 4030 animi
1770 3975 1914 4048 superarit,

267 4045 376 4105 noveris
388 4043 472 4116 priori
484 4045 581 4116 pratioe
595 4044 665 4102 adeo
684 4059 738 4102 non
760 4044 894 4121 ingratam
920 4056 951 4104 ut
965 4062 1065 4105 secun·
1120 4057 1147 4104 et
1161 4049 1251 4122 dignis
1270 4051 1412 4110 desideriis
1435 4057 1514 4113 eliam
1529 4057 1582 4129 ipsi
1603 4063 1804 4137 appropiaverit
1823 4065 1916 4123 dexte-

266 4132 493 4208 dampnationem
508 4135 613 4190 actione
628 4134 796 4206 preceperit.
1121 4151 1168 4206 ιιι,
1194 4139 1222 4194 in
1249 4157 1302 4213 qua
1323 4153 1386 4200 eunt
1400 4159 1495 4202 ornnes
1513 4149 1718 4222 promissiones,
1733 4152 1840 4211 dicente
1854 4155 1918 4212 Pro·

301 4228 330 4281 6.
345 4223 425 4280 Disce
437 4223 466 4280 in
480 4223 621 4280 retexendo
634 4225 749 4296 gratiam
767 4239 822 4280 non
841 4238 902 4280 esse
916 4224 1008 4282 medus
1021 4232 1069 4284 aut
1122 4227 1203 4299 pheta
1217 4229 1251 4284 ad
1274 4229 1419 4288 Dominum
1438 4236 1666 4299 :Delectationer
1679 4242 1711 4296 in
1733 4241 1854 4302 dentem
1869 4249 1918 4302 tao

267 4312 369 4386 segnis,
381 4311 455 4369 disce
469 4311 504 4369 ed
518 4311 627 4387 singula
640 4313 712 4369 dena
725 4311 825 4385 pretias
836 4327 928 4384 apere.
939 4315 1066 4388 vilipen·
1122 4331 1210 4392 usqne
1222 4321 1254 4376 in
1269 4320 1357 4391 finem
1382 4323 1470 4395 (Prot.
1484 4341 1535 4396 xv,
1562 4327 1617 4402 ill.
1641 4330 1718 4390 Unde
1739 4341 1767 4390 et
1781 4345 1857 4392 certa
1870 4351 1919 4406 spe

268 4400 435 4474 ter,inquit,
450 4401 597 4460 considero
615 4417 677 4474 paoe
697 4402 749 4459 titi
762 4406 948 4476 opponuntur
968 4404 1061 4478 (Pron.
1122 4416 1252 4481 concepta
1262 4409 1575 4490 cumfidoeialoqnitur:
1588 4422 1623 4477 dt
1635 4420 1758 4482 dextera
1776 4425 1840 4497 ejus
1853 4441 1919 4483 ιιι-

243 4531 250 4540 .
266 4506 347 4560 xxrrr,
364 4493 403 4562 l),
415 4501 444 4549 ut
457 4489 531 4546 nulla
550 4489 676 4550 videlicet
690 4491 741 4547 Dei
756 4490 829 4548 dona
843 4493 933 4552 debita
959 4495 1061 4570 pratia·
1077 4459 1101 4540 Β
1118 4497 1282 4570 plenaliter
1290 4515 1346 4557 me.

266 4597 326 4638 rom
340 4580 447 4637 aedone
469 4580 650 4650 frustrentur3
679 4596 734 4639 uon
757 4581 854 4656 gratia,
877 4599 932 4641 non
961 4583 1066 4646 medio·
1160 4584 1272 4648 im
1287 4592 1314 4647 9.
1335 4591 1375 4650 Tu
1393 4593 1451 4664 jam
1465 4611 1571 4655 mecum
1587 4600 1695 4672 videris,
1710 4620 1745 4662 an
1758 4604 1796 4662 ita
1809 4606 1918 4665 msere

266 4671 332 4738 cria,
346 4685 401 4728 non
425 4667 534 4741 pusilla.
559 4669 680 4743 Denique
700 4670 830 4742 jubemur
863 4674 992 4750 colligere
1013 4679 1071 4738 lra.
1123 4685 1151 4736 el
1163 4689 1291 4738 assecolae
1310 4683 1382 4740 buno
1404 4693 1485 4743 tante
1499 4689 1637 4749 suavitatis
1654 4693 1753 4768 locum,
1768 4697 1836 4754 illud
1851 4713 1918 4771 quo·

268 4769 377 4830 gmeota
391 4773 424 4816 ne
439 4766 549 4832 pereant
565 4759 658 4829 (teon.
673 4775 712 4834 vr,
728 4761 789 4835 lt);
811 4763 838 4820 id
853 4774 904 4829 est,
919 4781 971 4823 nec
987 4768 1068 4824 mini·
1124 4785 1177 4842 que
1189 4771 1332 4829 conveniat
1358 4774 1393 4830 de
1417 4777 1524 4848 psalmo
1537 4795 1679 4854 usurpare,
1695 4791 1725 4840 ut
1748 4787 1820 4843 dieat
1834 4789 1916 4845 etiam

268 4861 313 4902 ma
335 4847 464 4904 beneficia
495 4847 628 4905 oblivisci.
656 4849 788 4925 Nunqnid
812 4869 867 4910 non
891 4855 963 4925 perit
993 4856 1067 4928 quod
1124 4862 1490 4939 ipseetnpoceinidipsam
1512 4867 1662 4938 mmmm,
1683 4875 1711 4930 et
1719 4877 1917 4946 reqateseem,·
2014 4901 2015 4944 ι

268 4937 385 4994 donatur
405 4936 521 5010 ingrato.
548 4938 719 5012 lupretitndo
747 4941 857 5000 inimice
885 4951 926 5000 est
957 4945 1066 5016 enimn,
1124 4949 1274 5019 presertim
1287 4967 1349 5007 eum
1377 4963 1502 5028 suppetat
1512 4973 1593 5016 eausa
1606 4975 1666 5032 quae
1680 4962 1828 5034 sequitur:
1852 4965 1918 5032 Qun
2014 4955 2015 4968 ³

267 5025 412 5082 exinanitio
427 5030 594 5094 meritorum,
609 5031 738 5088 virtutum
756 5031 900 5103 dispersio,
918 5033 1068 5094 beneliein-
1121 5039 1202 5094 niem
1210 5041 1253 5104 tn,
1264 5042 1380 5100 Domine
1390 5043 1665 5124 stapuloritere'nspe
1675 5053 1854 5110 eonstituisti
1862 5069 1916 5125 me,

270 5133 330 5176 rum
348 5113 653 5191 perditioqlnprarnudo
671 5129 768 5180 ventus
790 5137 880 5194 urens,
892 5121 998 5180 siccam
1015 5124 1068 5182 eibi
1121 5126 1208 5200 (Prot.
1225 5142 1264 5198 xv,
1281 5131 1308 5195 9,
1321 5131 1377 5202 lt).
1388 5131 1465 5200 Quod
1481 5136 1608 5208 equidem
1624 5137 1735 5198 taleest.
1751 5143 1845 5202 ὓιιιι
1858 5143 1918 5220 quis

269 5204 370 5262 iontem
387 5204 496 5278 pietalis
505 5221 595 5262 rorem
609 5209 815 5282 misericordie,
834 5211 937 5270 fluenta
958 5214 1063 5286 gratiae.
1122 5217 1253 5288 premitur
1275 5233 1292 5272 a
1311 5219 1408 5290 spiritu
1432 5223 1580 5293 servitutis,
1605 5243 1756 5303 parumque
1780 5233 1862 5288 bibet
1886 5236 1919 5288 de

270 5297 382 5368 Propter
397 5296 449 5352 boe
462 5296 578 5369 denique
592 5313 693 5371 sponsa
707 5317 770 5359 mox
784 5303 934 5373 utqratiam
948 5305 983 5361 de
998 5306 1065 5363 laeva
1120 5319 1179 5378 spe,
1199 5305 1233 5362 de
1247 5305 1343 5366 timore
1354 5309 1500 5382 plurimum
1512 5332 1520 5383 3
1536 5329 1589 5370 non
1605 5329 1647 5373 est
1657 5325 1685 5374 et
1699 5335 1753 5393 pax
1778 5335 1867 5393 neqm
1880 5335 1920 5375 re·

268 5387 363 5453 sensit,
378 5385 477 5459 gratias
491 5386 783 5459 egitnonenpeenns
791 5389 982 5461 plenitudinem
1003 5411 1065 5467 quse
1119 5393 1207 5465 quies,
1227 5396 1369 5454 fluctuante
1383 5399 1510 5457 nimirum
1525 5404 1688 5463 conscientia
1712 5406 1782 5464 inter
1804 5417 1918 5481 spernet

270 5472 297 5528 in
309 5473 420 5532 dextera
434 5485 487 5532 est.
501 5475 593 5548 Neque
605 5477 678 5534 enim
701 5479 748 5536 ubi
775 5491 922 5539 memorate
961 5492 1002 5540 est
1015 5484 1065 5539 lae·
1117 5479 1254 5556 timorem,
1268 5485 1440 5562 maximeque
1454 5491 1527 5562 quod
1546 5497 1804 5567 asuperexcellente
1822 5497 1918 5555 timore

271 5573 330 5617 ram
343 5563 399 5632 iam
412 5579 472 5620 esse
493 5565 545 5620 sub
562 5567 651 5638 eapite
665 5583 726 5638 suo,
744 5569 824 5624 etiam
857 5579 948 5629 secute
979 5581 1020 5630 est
1047 5587 1063 5628 a
1117 5573 1298 5632 abundantius
1323 5577 1482 5639 crucietur:
1497 5596 1559 5639 nam
1583 5584 1663 5642 timor
1685 5601 1795 5659 poenam
1826 5589 1916 5646 babel.

272 5647 424 5707 dexterese
449 5651 573 5710 airniliter
596 5657 794 5728 amplexatam,
833 5660 892 5730 sed,
920 5661 1068 5734 amplexa·
1121 5662 1156 5720 lit
1172 5661 1234 5721 ideo
1251 5679 1305 5722 non
1319 5667 1411 5746 catilli
1429 5669 1581 5731 dicere21n
1592 5678 1705 5749 paceio
1717 5677 1920 5754 idiprnmdor·

273 5735 412 5806 ittarrne,
429 5738 528 5812 inquit.
1122 5755 1732 5836 miamctreqaieeenmuandonecdumee
1744 5767 1921 5844 nnpunrner
