3996 6350
68 448 118 507 105
524 435 557 496 ιι
576 431 701 494 vienn
718 409 926 490 narrurirts
944 426 1058 492 noum
1077 431 1185 495 senno
1204 436 1236 496 v.
1638 448 1712 524 ⁸105

66 572 118 627 ista
141 567 197 624 sint
218 564 389 640 singulomm
402 543 412 621 ἐ
436 575 501 618 nam
516 565 544 617 et
560 545 642 616 Pater
659 556 705 614 lux
720 561 772 626 est,
787 561 817 612 ιιι
830 552 865 609 sit
881 589 906 669 Ι
921 562 982 610 rum
1000 554 1059 614 baec
1073 537 1185 631 quidem
1201 559 1293 617 omnia
1315 537 1459 638 transiere,
1481 570 1609 630 nimirum
1626 589 1714 650 usqae

67 659 149 716 Pilius
158 658 252 714 lumen
262 656 298 713 de
312 651 428 722 lumine;
438 655 466 706 et
478 648 562 705 Filius
570 664 622 720 pax
633 655 685 717 est,
697 661 750 718 pax
760 651 864 713 nostra,
921 641 956 697 ad
971 650 1078 716 tempus
1100 647 1281 718 correptionis
1303 648 1437 723 imposita,
1453 659 1526 728 quod
1545 662 1638 735 utique
1656 665 1715 736 jam

7 801 8 806 ,
69 748 115 820 qui
131 746 193 803 iecit
207 753 322 818 utraque
337 757 436 809 unum;
453 745 481 795 et
494 738 611 812 Spiritus
624 743 735 792 sanctus
749 735 810 791 fons
824 738 867 789 est
920 731 1040 789 advenit.
1057 733 1217 807 Opportune
1231 735 1314 810 igitur
1323 754 1357 795 ex
1366 740 1418 797 boc
1428 743 1486 812 jam
1499 747 1621 818 perfecta
1635 753 1715 810 ηοω,

7 871 8 894 ι
69 852 148 909 aquae
162 834 283 892 salientis
299 830 421 888 invitam
435 835 577 885 aeternam.
920 819 1049 879 indicitur
1076 823 1263 898 sanctificatio,
1302 827 1408 885 interna
1434 833 1579 891 mandatur
1600 838 1713 910 ablutio,

7 953 8 984 ;
107 929 152 982 ιο.
175 924 230 981 Sed
252 919 361 995 quando
376 920 412 976 ad
438 920 489 975 hoe
515 913 729 989 perveniemus?
752 910 867 982 Quando
921 911 1039 986 exigitur
1052 913 1186 970 munditia
1200 914 1357 988 spiritualis,
1367 916 1474 976 dicente
1486 923 1601 980 Domino
1618 930 1715 984 :Beati

7 1059 8 1072 ,
71 1012 234 1085 adimplebis
243 1026 299 1080 me,
310 1008 437 1078 Domine,
448 1006 542 1062 laedtia
551 1021 614 1063 cam
626 1004 701 1062 vultu
714 1003 784 1060 tuo?
799 1001 869 1057 Gau·
921 1001 1028 1058 mando
1042 1001 1131 1071 eorde,
1148 1006 1280 1078 quonium
1294 1007 1351 1079 ipsi
1362 1006 1451 1066 Deum
1460 1009 1595 1070 amptum
1604 1012 1714 1086 (paup,

7 1115 8 1124 ¹
71 1101 210 1159 demusin
227 1108 263 1172 te,
279 1097 409 1172 qnoniam
430 1094 546 1153 visitasti
568 1110 620 1151 nos
639 1092 731 1149 oriens
753 1089 868 1156 exalt03
922 1105 950 1159 v,
968 1090 1004 1163 s).
1020 1091 1128 1148 adhoc
1145 1091 1270 1165 dumus,
1290 1093 1398 1166 iratres,
1414 1098 1449 1153 ad
1463 1099 1515 1155 boc
1529 1100 1595 1171 nati,
1618 1101 1651 1158 ad
1666 1104 1717 1160 hoa

72 1192 172 1248 itemm
186 1187 349 1263 gaudemus,
361 1189 553 1258 exspectantes
567 1184 676 1240 beatam
687 1179 806 1253 spemin
820 1179 869 1234 ad·
923 1179 1013 1237 vocati
1031 1195 1134 1250 sumas,
1155 1181 1254 1238 adhoc
1276 1183 1355 1240 nobis
1376 1185 1436 1241 dies
1459 1187 1607 1247 hodiernus
1620 1189 1716 1247 illuxit.

72 1288 156 1337 ventu
170 1277 303 1335 secundo.
315 1274 370 1332 Sed
385 1272 494 1346 quando
505 1271 598 1328 veniet
607 1268 748 1343 plenitudo
757 1267 869 1338 lactitiae,
924 1270 990 1325 Erat
1003 1267 1148 1341 aliquando
1163 1284 1226 1342 nox,
1243 1273 1351 1343 quando
1361 1289 1444 1331 nemo
1459 1284 1566 1346 poterat
1580 1279 1638 1336 haee
1652 1295 1720 1352 ope·

74 1383 130 1425 non
142 1368 178 1424 de
196 1363 340 1434 memoria,
360 1363 409 1419 sed
423 1362 457 1418 de
471 1359 631 1433 praesentim
647 1359 681 1414 de
695 1355 870 1425 exhibitione,
925 1356 990 1413 rari.
1014 1357 1078 1412 Erat
1099 1373 1153 1415 nox
1179 1358 1207 1414 in
1220 1359 1350 1418 universo
1368 1362 1435 1419 orbe
1450 1373 1512 1420 ante
1531 1367 1590 1422 veri
1609 1368 1719 1425 luminis

76 1456 182 1513 nonde
207 1449 431 1525 exspectatione?
454 1449 587 1508 Dodertic
606 1453 709 1514 cestre,
724 1446 762 1500 ait
779 1451 872 1519 Apos—
925 1455 1026 1515 ortum,
1049 1446 1235 1502 antechristi
1262 1448 1441 1507 nativitatem.
1466 1453 1532 1509 Erat
1560 1471 1614 1512 nox
1637 1457 1720 1512 etiam

74 1544 155 1613 tolus,
165 1547 234 1600 nota
249 1542 287 1598 sit
301 1538 431 1596 omnibus
447 1537 622 1604 bestiarium
638 1537 774 1592 Dominus
788 1549 873 1607 prope
926 1533 1040 1607 singulis
1055 1533 1270 1608 quibuscumque
1284 1544 1406 1594 nostmm
1419 1549 1482 1597 ante
1497 1557 1573 1598 suam
1588 1545 1721 1618 cujusque

76 1637 119 1690 eat
133 1630 270 1704 (Philipp.
292 1643 331 1698 ιιι,
356 1627 395 1696 b).
410 1625 530 1701 Dignum
545 1630 587 1681 ast
609 1623 682 1679 enim
697 1630 726 1678 ut
739 1620 873 1677 modestia
927 1621 1134 1678 conversionem
1148 1631 1176 1678 et
1190 1623 1324 1680 internam
1340 1630 1589 1701 regenerationem.

76 1703 247 1776 nostra'nota
269 1715 314 1787 sit,
340 1715 410 1772 sicut
424 1713 533 1770 Domini
560 1713 611 1770 Dei
633 1710 719 1768 nostri
739 1709 874 1766 modestia
963 1714 989 1766 2.
1006 1713 1048 1766 An
1058 1726 1113 1768 non
1123 1710 1333 1783 profundissima
1343 1730 1406 1786 nox,
1423 1726 1451 1773 et
1465 1716 1634 1776 densissime
1648 1729 1724 1778 tene·

76 1795 183 1865 cunctis
210 1804 335 1862 innotuit.
366 1802 438 1872 Quid
458 1803 532 1859 enim
562 1800 651 1873 magis
677 1799 872 1880 incongruum,
927 1800 985 1856 brae
1000 1807 1173 1873 erantaaper
1187 1801 1344 1857 universam
1363 1802 1461 1860 faciem
1476 1813 1566 1878 terrae,
1582 1824 1644 1865 cum
1658 1809 1723 1867 obm

77 1881 161 1970 quam
173 1903 204 1952 ut
218 1893 398 1950 immoderate
419 1898 482 1968 agat
497 1892 589 1961 bomo,
610 1887 734 1947 conscius
755 1887 876 1960 propriae
891 1933 914 2010 n
929 1896 1021 1961 patres
1033 1889 1117 1945 nostri
1141 1888 1257 1946 factitios
1276 1891 1397 1948 colerent
1419 1893 1495 1965 deos,
1516 1904 1543 1951 et
1557 1896 1653 1955 insano
1671 1915 1723 1970 pe·

77 1983 252 2054 infirmitatis,
268 1981 490 2056 quandoquidem
510 1979 634 2053 apparuit
655 1977 728 2035 inter
750 1977 875 2033 homines
929 1977 1001 2034 nitus
1016 1977 1158 2051 sacrilegio
1176 1977 1250 2054 ligna
1263 1986 1291 2035 et
1308 1979 1412 2052 lapides
1432 1983 1599 2042 adorarent?
1613 1989 1656 2044 An
1669 2002 1725 2044 uon

18 2108 25 2126 s
77 2073 218 2130 modestas
231 2071 363 2152 Dominus
380 2068 553 2141 majestatis?
564 2069 678 2135 Discite,
693 2066 791 2139 inquit,
804 2082 876 2124 ame
929 2069 1012 2124 etiam
1026 2066 1123 2140 cuique
1134 2075 1257 2124 nostram
1272 2068 1419 2142 caliginosa
1433 2087 1486 2128 nox
1506 2079 1575 2144 erat,
1591 2091 1653 2131 cunr
1668 2084 1727 2132 tan·

78 2165 147 2236 quic
160 2164 240 2223 mitis
254 2177 318 2219 rum
331 2163 359 2219 et
370 2159 487 2217 bomilia
498 2159 581 2216 corde
595 2156 706 2228 (sctit.
722 2170 765 2227 ιιι,
776 2155 832 2225 ts),
846 2161 877 2209 ut
929 2171 1011 2228 quam
1025 2156 1085 2213 sine
1098 2156 1156 2214 Deo
1169 2157 1198 2213 ia
1211 2158 1263 2215 boc
1272 2157 1372 2216 saeculo
1385 2159 1551 2233 viveremus,
1560 2179 1622 2220 cunr
1632 2165 1728 2221 ambu-

78 2252 165 2324 possit
195 2250 278 2307 etiam
304 2248 439 2306 modestia
456 2253 548 2304 vestra
571 2247 744 2303 innotescere
758 2242 874 2300 caeteris.
928 2244 1047 2301 laremus
1060 2247 1371 2318 postcoucupiscentias
1387 2255 1506 2321 nostras,
1522 2267 1584 2307 cum
1604 2262 1728 2310 sectare-

79 2341 140 2396 lam
155 2339 229 2414 quod
246 2337 379 2412 sequitur,
396 2338 531 2397 Dominae
547 2351 634 2410 prope
648 2339 700 2402 est,
716 2333 751 2390 de
764 2332 877 2389 dextera
930 2350 992 2389 mur
1006 2334 1095 2390 carnis
1108 2334 1260 2406 illecebrae,
1277 2353 1338 2392 cum
1352 2337 1606 2410 obtemperaremus
1620 2341 1728 2398 deside-

79 2428 165 2486 debet
177 2427 303 2500 intelligi.
313 2428 385 2483 Nam
398 2425 434 2483 de
448 2425 557 2482 sinistra
576 2425 636 2497 ipse
651 2423 771 2498 loquitur
787 2440 793 2480 :
810 2423 879 2505 Ecce
932 2420 979 2476 riis
1002 2421 1186 2493 secalanbns,
1203 2440 1265 2482 cnm
1288 2415 1481 2483 exhibercmris
1498 2429 1623 2485 membra
1635 2436 1730 2486 nostra

81 2533 129 2591 eqo
136 2518 277 2575 achimam
284 2532 349 2574 sam
356 2516 485 2574 omnibus
495 2515 589 2573 diebus
603 2528 690 2587 usqae
703 2511 739 2568 cd
749 2526 879 2568 contam-
933 2525 1008 2565 arma
1021 2509 1171 2582 iniquitatis
1184 2518 1307 2583 peccato,
1323 2529 1386 2570 cum
1406 2516 1572 2573 serviremus
1595 2518 1730 2589 iniquitati

81 2604 348 2664 metioacmsoeeali
359 2604 470 2675 (licttla
484 2617 587 2674 xxvrn,
603 2601 660 2674 ιι).
675 2600 764 2672 Prope
779 2597 881 2656 estDo
934 2599 969 2653 ad
982 2598 1162 2672 iniquitatem,
1187 2599 1215 2655 in
1229 2600 1328 2672 quibus
1342 2618 1416 2659 nunc
1430 2604 1527 2661 merito
1543 2605 1730 2664 erubescimus

83 2694 185 2764 minus,
201 2693 301 2750 iratres
320 2692 385 2763 mei,
404 2691 472 2747 nibil
491 2689 598 2748 solliciti
617 2688 698 2745 sitis:
715 2686 882 2760 inproximo
936 2687 1408 2760 tanquamoperibustencbrarami
1419 2692 1639 2764 Quidormiunt,
1650 2701 1732 2754 aucte

84 2791 137 2852 est,
147 2789 175 2838 et
185 2781 265 2837 citius
274 2779 425 2852 apparebit
433 2777 521 2834 Nolite
529 2777 658 2846 deficere,
669 2774 754 2831 nolite
767 2771 880 2828 lassari:
936 2777 1092 2843 dormiunt,
1114 2776 1260 2848 Apostolus
1283 2777 1335 2846 ait;
1357 2785 1384 2837 et
1401 2781 1451 2851 qui
1464 2780 1534 2838 ebrii
1550 2788 1628 2854 sunt,
1652 2790 1733 2841 nocte

84 2870 199 2944 quaerite
207 2886 270 2926 eum
280 2855 345 2924 dum
359 2866 477 2924 inveniri
491 2874 590 2938 potest,
605 2865 728 2922 invocate
740 2877 804 2918 eurn
818 2861 884 2916 dnm
937 2867 1006 2922 ebrii
1021 2867 1091 2922 suat
1100 2863 1126 2937 (l
1138 2864 1227 2922 Tbeas.
1243 2882 1272 2936 v,
1282 2867 1320 2938 7).
1333 2868 1366 2922 lit
1380 2867 1438 2924 haec
1451 2868 1561 2941 quidem
1576 2870 1673 2940 inistis,
1683 2872 1733 2927 sed

83 2975 170 3032 prope
189 2966 241 3015 est.
255 2959 342 3028 Prope
358 2963 400 3013 est
415 2954 547 3010 Dominus
561 2953 604 3010 his
619 2953 665 3025 qai
684 2950 811 3008 tribulato
820 2956 884 3005 sunt
938 2953 1047 3010 excitati
1062 2952 1138 3024 estis,
1151 2953 1201 3009 sed
1212 2954 1371 3011 sanctificati
1379 2957 1455 3027 estis,
1469 2956 1492 3012 si
1507 2965 1599 3016 tamen
1609 2957 1657 3014 filii
1666 2959 1734 3016 lueis

85 3049 168 3106 corde
187 3047 273 3119 (Psoi.
296 3060 402 3116 xxxrrr,
420 3048 465 3116 ιιι)
483 3062 489 3098 :
505 3057 591 3115 prope
607 3050 649 3098 est
663 3038 884 3114 exspectantibus
938 3041 1005 3098 estis
1019 3048 1047 3099 et
1061 3040 1109 3097 tilii
1123 3042 1188 3113 diei,
1204 3058 1260 3101 non
1273 3043 1360 3100 noctis
1374 3061 1464 3118 neque
1488 3047 1673 3108 tenebrarum.
1689 3049 1734 3105 si·

85 3153 157 3205 eum,
173 3133 393 3212 exspectantibus
416 3149 479 3189 eum
504 3131 680 3189 inveritate.
702 3129 825 3201 Denique
844 3127 886 3185 vis
940 3131 1049 3205 quidem
1068 3147 1158 3202 praeco
1184 3131 1239 3189 diei
1266 3141 1307 3189 est
1325 3133 1408 3190 etiam
1431 3135 1478 3208 qui
1503 3136 1624 3193 clamat:
1645 3137 1736 3196 Sutrii

86 3240 168 3280 nosse
178 3240 261 3298 quam
274 3237 360 3296 prope
371 3219 505 3280 micat
513 3219 528 3276 i
536 3220 606 3276 Audi
618 3235 747 3292 sponsam
756 3217 791 3274 de
800 3232 885 3290 spon·
940 3224 1037 3291 estote,
1050 3225 1077 3278 ct
1086 3221 1313 3294 mactationes.
1327 3238 1355 3293 v,
1367 3223 1405 3294 8).
1417 3223 1452 3281 llt
1464 3224 1565 3280 tndaeis
1575 3225 1737 3298 loquebatur

86 3295 276 3372 so'can'entem
299 3329 306 3367 ι
333 3311 468 3381 Quoniam
495 3327 556 3369 ecce
583 3315 642 3367 atat
661 3313 725 3383 post
747 3308 886 3383 parietem
902 3263 924 3342 c
941 3309 970 3364 in
984 3290 1144 3367 Pentecoste
1167 3309 1202 3366 dc
1226 3310 1419 3383 condiscipulis
1443 3330 1450 3369 :
1470 3313 1607 3383 Qmmcdc
1622 3315 1653 3370 tii
1666 3317 1736 3374 etita·

36 3403 40 3408 ’
87 3389 213 3484 (Genti.
230 3416 261 3472 ιι,
276 3402 304 3474 9)
319 3399 455 3456 Parietem
477 3398 572 3468 istum,
595 3413 695 3470 corpus
709 3405 785 3454 tuum
809 3394 888 3452 intel·
941 3403 1019 3467 seat,
1031 3401 1146 3456 comsit
1157 3399 1288 3457 hcrcdiei
1298 3397 1485 3472 tertieiplct.
1496 3415 1525 3472 ιι,
1538 3401 1737 3472 ιιι.)Ηοοιιιίιιι

92 3491 157 3566 lige,
174 3479 248 3563 qnod
266 3489 435 3547 obstaculum
457 3488 582 3561 impedit,
598 3497 629 3544 ut
652 3503 716 3544 cum
735 3486 781 3561 qui
801 3501 888 3560 propo
943 3494 984 3544 est
999 3487 1072 3560 quod
1086 3486 1123 3542 ait
1137 3489 1199 3559 ejus
1212 3487 1407 3560 coapostolus:
1428 3489 1490 3547 Noc
1507 3490 1738 3564 praecessimus

89 3588 141 3650 est,
159 3579 282 3636 nondum
302 3578 394 3636 valeas
411 3577 522 3634 intueri.
547 3579 695 3648 Propterea
708 3576 806 3632 Paulus
828 3576 888 3647 ipse
943 3582 1039 3635 eutem
1053 3579 1300 3651 appropinquavit.
1312 3578 1647 3653 dijiciemccerqocpcra
1661 3585 1738 3639 tene-

90 3668 202 3725 dissolvi
217 3668 301 3740 cupit,
317 3675 422 3724 etcum
437 3666 546 3722 Christo
567 3681 627 3722 esse
644 3666 778 3738 (Philipp.
794 3681 814 3736 ι,
830 3667 887 3736 23),
944 3666 1073 3736 irarum,
1092 3665 1249 3726 induamur
1263 3683 1345 3724 orma
1367 3669 1454 3740 tucis;
1467 3670 1508 3725 sic
1525 3672 1559 3725 at
1571 3669 1604 3724 tn
1627 3668 1674 3729 die
1688 3669 1737 3726 lo·

89 3764 116 3814 ct
125 3756 282 3815 exclamans
290 3755 473 3813 miserabilius
484 3774 491 3810 ι
502 3757 618 3828 lnt'elix,
629 3753 728 3827 inquit,
740 3770 786 3826 epo
795 3754 888 3827 ptumo,
944 3760 1023 3814 neate
1042 3754 1217 3814 ambulemus
1235 3757 1325 3828 (ilem.
1341 3771 1403 3828 ιιιιι,
1426 3761 1470 3829 ta,
1491 3760 1547 3830 13).
1562 3757 1738 3830 Adjiciamus,

91 3851 152 3921 quis
165 3843 889 3918 meliberabitdecorporemortislrcjaailliom.vu,
944 3844 1041 3917 inquit,
1057 3859 1141 3916 opera
1158 3844 1343 3916 tenebramm,
1363 3846 1571 3902 somnolentiam
1595 3846 1698 3904 scilicet
1711 3851 1740 3903 et

90 3937 147 4008 tt.)
173 3935 219 3995 Sic
237 3941 265 3990 et
288 3935 422 4006 propbeta
435 3932 464 3988 in
478 3933 606 3991 Psalmo:
627 3934 714 4005 Educ,
741 3931 839 4004 inquit,
859 3932 891 3989 de
945 3932 1107 3990 ebrictatem
1121 3933 1267 4006 (quoniam,
1278 3941 1309 3990 ut
1322 3949 1405 4007 supra
1417 3934 1602 4005 meminimus,
1619 3935 1664 4008 qui
1678 3935 1742 3992 dor·

90 4041 202 4084 carcere
228 4025 358 4081 ocimum
380 4039 486 4092 meam,
512 4022 549 4080 nd
576 4021 767 4093 confitendum
781 4023 892 4080 nomini
945 4022 1044 4094 minut,
1068 4029 1148 4080 nocte
1172 4022 1325 4091 dormiunt;
1350 4029 1378 4080 et
1395 4023 1443 4097 qui
1467 4023 1537 4079 ebrii
1560 4031 1632 4093 sunt,
1660 4032 1741 4082 noete

92 4117 141 4173 tuo
157 4115 243 4185 (Prot.
261 4127 338 4183 cxnr,
354 4113 393 4186 8).
628 4177 631 4182 ¹
947 4111 1016 4168 ebrii
1038 4113 1122 4183 sunt),
1145 4117 1185 4182 ιιι,
1210 4118 1342 4184 tanquam
1360 4112 1388 4168 in
1402 4111 1458 4182 die,
1481 4125 1538 4168 non
1551 4111 1740 4183 dormitemus,

406 4255 574 4316 sanov.
946 4200 1743 4362 {stilibititattttttttitttt

94 4381 237 4453 luiticis
250 4381 892 4456 sanctificamiailrodic,etestoteparatitdie
946 4379 1074 4436 dormitat
1097 4379 1188 4435 anina
1215 4395 1272 4452 prae
1293 4379 1394 4436 taediot
1408 4379 1436 4434 in
1456 4379 1578 4436 tenebris
1593 4387 1635 4436 cst
1656 4395 1742 4452 usqne

129 4455 208 4511 ‘Dim
222 4455 487 4539 mifimiff'dssfflss
496 4456 676 4540 Wi'ssimssm
683 4456 889 4514 Deiiavaots.»
946 4467 1043 4526 adbuc.
1060 4468 1144 4526 Vides
1156 4468 1320 4526 inebriatum
1341 4468 1488 4540 absinthio,
1513 4468 1664 4540 sapientem
1682 4469 1743 4540 plus

129 4526 261 4598 mmm·
278 4541 310 4580 ²⁹²
323 4527 424 4599 '’mm“
437 4527 531 4582 Nam·
545 4527 625 4582 Dm·
947 4575 1030 4630 quam
1044 4564 1163 4631 oportet,
1183 4574 1238 4616 non
1253 4559 1288 4615 ad
1306 4557 1501 4629 sobrietatem
1519 4559 1598 4628 cujus
1611 4571 1664 4614 nec
1677 4571 1743 4614 ocu·

129 4653 155 4705 l.
171 4648 342 4706 celebraturi
358 4649 510 4706 Dominicae
523 4649 678 4709 Natiuitatis
690 4649 829 4708 ineliabile
844 4668 891 4709 sa·
947 4647 990 4704 lus
1003 4648 1071 4719 visa,
1088 4664 1140 4705 nec
1154 4648 1228 4705 auris
1242 4647 1388 4720 impleatur
1403 4647 1495 4704 auditu
1511 4665 1518 4702 ε
1533 4645 1581 4720 qui
1598 4645 1744 4718 pecuniam

7 4735 8 4740 ’
92 4738 471 4812 crumentum,J'urequidem
484 4755 639 4810 monemur,
656 4741 764 4812 fratres,
780 4741 892 4799 inomni
947 4745 993 4793 ant
1015 4737 1103 4792 simile
1130 4737 1232 4809 aliquid
1254 4737 1380 4813 diligens,
1406 4752 1461 4793 non
1484 4735 1607 4806 satietur,
1631 4735 1744 4809 longam

7 4821 8 4826 ’
92 4826 310 4884 sanctificatione
332 4829 488 4900 praeparari.
503 4829 590 4887 Adest
610 4830 683 4886 enim
698 4829 893 4889 Sanetussan.
947 4825 1034 4881 instar
1048 4825 1189 4899 hydropici
1213 4825 1288 4882 sitim
1311 4827 1429 4884 bibens?
1454 4824 1525 4881 filius
1548 4824 1637 4882 noctis
1659 4832 1701 4881 est
1715 4831 1743 4881 et

7 4913 8 4992 j
93 4924 212 4986 ciorum,
228 4914 307 4972 adest
318 4914 377 4989 ipse
392 4917 440 4990 qui
452 4918 519 4977 dixit
536 4937 542 4974 :
559 4921 659 4978 Sancti
673 4924 772 4988 estote,
783 4923 850 4996 quic
864 4926 893 4981 et
947 4916 1132 4971 tenebrarum.
1147 4916 1205 4972 Nec
1219 4914 1298 4972 facile
1314 4923 1474 4988 separantur
1487 4916 1546 4972 haec
1559 4916 1624 4986 duo,
1635 4914 1744 4972 dicente

7 5077 8 5090 χ
94 5007 892 5084 eposcamassam,DominusDeasvcster(lcvit.xixa).
948 5005 1097 5078 Scriptura,
1122 5006 1262 5076 Quoniam
1278 5009 1312 5062 ia
1326 5006 1474 5065 desideriis
1496 5009 1539 5063 cst
1555 5006 1651 5066 omnis
1668 5005 1742 5062 otio·

95 5093 224 5168 Alioquin
234 5094 373 5168 quomodo
387 5093 496 5152 dabitur
509 5107 632 5155 sanctum
647 5099 769 5170 canibus,
786 5107 815 5156 et
826 5117 895 5156 mar·
949 5113 1015 5165 aar,·
1031 5096 1082 5153 boc
1093 5101 1144 5164 est,
1159 5093 1187 5150 in
1200 5091 1286 5151 170
1299 5095 1431 5152 ebrietate
1444 5095 1534 5153 omnis
1543 5093 1741 5153 somnolentus.

7 5179 9 5262 J
95 5183 184 5256 parite
196 5183 297 5257 porcis,
314 5183 367 5241 nisi
381 5184 458 5256 prius
472 5185 510 5241 illi
525 5187 559 5241 ab
573 5187 723 5261 iniquitate,
735 5189 779 5248 isti
792 5190 830 5246 ab
843 5189 895 5246 illi-
949 5183 1153 5242 Sanctificemur
1162 5183 1327 5257 crti⁰h0dies
1338 5185 1460 5256 etParati
1469 5184 1564 5256 Simus»
1574 5182 1662 5258 Parati
1679 5181 1743 5254 ‘1¹¹5‘

7 5267 8 5292 *
95 5273 150 5330 cita
163 5272 300 5345 voluptate
320 5275 438 5350 purgati,
463 5276 498 5332 de
513 5283 612 5334 caetero
634 5285 690 5335 tota
713 5279 895 5338 sollicitudine
949 5274 1014 5331 dem
1036 5273 1117 5330 hodie
1140 5283 1303 5330 n00211r¹¹¹1m
1318 5274 1480 5331 excutiendo
1502 5285 1744 5348 ⁸0P0f0¹113P⁰l¹¹⁰

7 5363 9 5382 '
95 5361 212 5435 lugiunt,
226 5361 264 5418 illi
282 5363 395 5437 quidem
409 5365 553 5436 vomitum,
568 5365 612 5423 isti
635 5368 808 5426 volutabrum
826 5370 895 5428 luti?
951 5363 1110 5424 sanctificati
1127 5361 1303 5419 nibilominus
1321 5371 1449 5437 tanquam
1463 5363 1491 5418 in
1505 5362 1549 5418 die
1563 5362 1597 5418 ab
1612 5360 1745 5418 ebrietate

7 5449 8 5474 ³
94 5453 282 5524 Susceptums
311 5453 377 5510 olim
398 5454 489 5512 ιιίιίιιιι
512 5455 642 5512 mandata
664 5457 779 5514 camalis
801 5460 895 5533 lsrael,
952 5463 1095 5526 nocturna,
1123 5451 1258 5525 cupidinis
1286 5453 1374 5510 noxiae
1395 5453 1528 5509 frenando
1554 5450 1685 5508 furorem.
1714 5452 1745 5507 ln

7 5543 9 5550 ’
96 5539 320 5602 sanctificabatur
341 5543 370 5601 ia
391 5543 502 5616 justitiis
516 5546 618 5617 carnis,
642 5546 669 5603 in
689 5547 897 5621 baptismatibus
951 5547 993 5604 his
1006 5545 1079 5602 enim
1101 5541 1207 5601 duobus
1222 5543 1357 5600 mandatis
1381 5542 1494 5600 totalex
1510 5539 1622 5614 pendet,
1638 5545 1666 5597 et
1679 5555 1745 5613 pro·

97 5628 192 5704 variis,
215 5630 249 5720 iu
268 5634 428 5699 muneribus
447 5643 475 5693 et
491 5636 599 5708 hostiis,
623 5653 684 5710 quaa
702 5654 758 5697 non
771 5647 900 5712 poterant
952 5638 1052 5710 pleae,
1090 5649 1151 5709 quae
1183 5641 1246 5690 sunt
1274 5631 1412 5691 declinare
1441 5647 1458 5687 a
1483 5630 1565 5704 malo,
1593 5637 1621 5690 et
1654 5624 1745 5687 iacere

97 5723 175 5814 juxta
189 5721 383 5782 conscientiam
393 5727 546 5799 perlectum
561 5727 652 5786 lacere
662 5729 838 5790 servientem.
851 5733 900 5789 Vs·
953 5727 1066 5786 bouum.

204 5821 328 5884 Parnon.
349 5823 523 5885 clxxxiii.
1582 5822 1599 5876 l
