4064 6344
127 382 196 443 1133
750 381 972 444 subdubitant
992 385 1139 444 clutton,
1511 457 1512 460 Ἴ
1702 387 1771 448 1134

124 506 214 562 nebris
246 507 427 563 exterioribus
461 506 647 562 involvendos.
673 504 780 574 Quaeris
807 506 835 562 in
866 523 921 579 quo
936 525 963 602 st
975 511 1046 566 intus
1060 509 1204 576 illuminat,
1224 511 1276 566 hos
1289 511 1341 566 ista
1354 512 1469 568 adornat
1483 511 1559 579 loris,
1581 519 1608 567 et
1626 512 1696 569 stola
1710 513 1773 592 glo7

124 595 264 666 respiratio
279 595 358 652 ista?
381 598 412 652 lu
439 611 480 664 eo,
495 595 519 650 si
541 595 650 666 incipiat
665 595 777 665 spiritus
804 595 920 654 vicissim
978 599 1024 654 riae
1039 599 1128 654 induit
1146 615 1202 654 cos.

123 685 315 756 concupiscere
331 685 459 740 adversus
487 699 607 738 earnem.
628 683 696 740 lluic
724 686 747 739 si
776 702 920 758 repugnas,
1016 685 1128 745 tuest
1143 691 1187 740 ll.
1205 687 1292 756 litque
1307 687 1334 742 id
1346 687 1412 744 satis
1427 703 1476 760 pro
1491 689 1581 744 danda
1600 688 1703 746 natione
1726 704 1775 746 vo-

124 773 294 842 respirns3si
325 773 421 843 spiritu
457 772 630 827 lactacarnis
648 773 804 839 mortificas,
832 774 921 846 respi-
977 776 1159 848 cabuli‚quod
1185 773 1380 842 estdspirans.
1403 776 1477 833 Etsi
1497 778 1581 836 vultis
1606 779 1686 846 scire,
1715 777 1775 834 dies

125 859 190 913 rasti
215 861 261 926 ;si
287 862 356 915 lianc
378 877 440 916 cum
463 859 537 915 vitiis
559 867 585 914 et
616 862 842 932 concupiscentiis
866 863 922 918 suis
977 867 1099 934 aspirans
1120 864 1177 934 ipse
1198 871 1239 918 est
1257 864 1381 919 Salvator
1403 882 1484 938 quem
1509 877 1708 938 exspectamus
1728 868 1774 938 qui

125 947 271 1018 crucifigis,
286 949 435 1019 reptasti.
454 948 684 1021 Cosllpo,inquit,
702 966 803 1022 corpus
814 967 920 1012 nreurn,
976 953 1133 1008 reformabit
1147 968 1246 1024 corpus
1262 953 1424 1010 humilitatis
1444 964 1552 1021 nestrae,
1577 955 1773 1028 configuratum

124 1037 922 1110 elieseroitulcmredipemefertefcumaliiaproedieeue-
977 1043 1084 1113 corpori
1103 1043 1232 1098 claritatis
1249 1058 1305 1096 suae
1318 1043 1452 1116 (Philipp.
1468 1057 1510 1111 111,
1529 1047 1573 1108 ιι),
1590 1045 1646 1116 at).
1662 1044 1729 1098 Nam
1748 1053 1776 1100 et

124 1125 181 1178 rim
196 1125 255 1195 ipse
270 1125 402 1196 reprobus
418 1125 529 1196 efficior
544 1126 567 1198 (l
583 1127 645 1182 Cor.
661 1141 701 1190 rx,
725 1127 781 1191 ιι).
808 1127 865 1182 Vox
881 1134 923 1181 est
977 1129 1111 1199 inspirans
1128 1130 1304 1187 nihilominus
1318 1129 1388 1185 idem
1403 1131 1461 1200 ipse
1472 1141 1524 1196 est,
1540 1131 1691 1187 secundum
1706 1145 1774 1201 opa-

124 1212 294 1284 respirantis,
308 1213 363 1268 imo
382 1213 428 1282 qui
439 1213 497 1283 jam
512 1214 669 1285 respirarat.
687 1215 771 1280 lladr,
793 1224 819 1270 et
843 1215 922 1270 tulna
977 1221 1103 1274 rationem
1128 1235 1179 1292 qua
1207 1235 1257 1274 nos
1280 1220 1415 1290 respirare
1445 1219 1522 1290 prius
1546 1218 1650 1274 lacitin
1675 1218 1775 1274 lumine

124 1299 338 1373 similiter(lue.
354 1304 450 1371 ud'l),
467 1311 496 1356 ut
524 1312 548 1355 tc
576 1305 722 1373 respirasse
749 1303 858 1374 probes,
893 1311 924 1358 ut
977 1307 1049 1379 quod
1075 1309 1194 1380 inspirat,
1222 1311 1358 1364 ul·simus
1383 1317 1409 1363 et
1428 1323 1479 1362 nos
1505 1307 1563 1362 dics
1588 1308 1728 1378 respirans
1746 1306 1774 1361 in

124 1388 196 1443 diem
212 1390 302 1446 denuo
330 1391 508 1460 inspirantem
525 1391 572 1446 tibi
593 1392 700 1446 noveris
716 1391 851 1448 illuxisse.
868 1394 922 1448 Nec
977 1396 1046 1468 ipso,
1063 1397 1213 1454 secundum
1228 1398 1301 1468 quod
1327 1396 1438 1457 interior
1452 1404 1545 1450 noster
1563 1397 1644 1452 homo
1658 1410 1774 1454 renova-

125 1493 176 1530 ner
201 1478 295 1532 mortis
323 1477 475 1547 praevalebit
511 1479 638 1534 adversus
676 1479 823 1534 redivivum
852 1483 921 1535 burne
978 1486 1122 1543 lurdedie
1148 1487 1174 1542 in
1197 1485 1281 1556 diem,
1296 1493 1325 1542 et
1340 1494 1484 1542 renovatur
1506 1486 1533 1540 in
1558 1485 1652 1555 spiritu
1678 1485 1775 1540 mentis

124 1565 216 1632 diem3
243 1569 328 1637 magis
352 1576 440 1622 autem
456 1565 483 1620 in
510 1567 627 1622 tenebris
651 1567 731 1634 lucet,
749 1577 776 1622 et
804 1569 920 1624 tenebere
976 1590 1032 1630 sum
1046 1577 1078 1627 ad
1095 1575 1239 1646 imaginem
1255 1575 1377 1645 ejusqui
1393 1590 1422 1630 se
1436 1574 1547 1644 creavit,
1563 1573 1648 1630 lectus
1662 1572 1776 1644 proinde

122 1670 183 1708 eum
198 1669 252 1710 uon
267 1655 558 1724 comphrelrenderunt.
572 1657 600 1709 lu
613 1665 714 1710 tantum
727 1672 779 1710 non
796 1672 857 1710 reor
871 1672 922 1712 nec
976 1663 1036 1718 dies
1050 1679 1082 1716 cx
1095 1663 1149 1728 die,
1170 1662 1303 1718 etlumen
1320 1679 1352 1718 ex
1369 1663 1479 1718 lumine.
1493 1663 1559 1716 Cum
1584 1661 1666 1734 igitur
1676 1662 1732 1716 duo
1747 1662 1774 1718 in

122 1742 177 1798 vita
193 1740 339 1797 decedente
367 1744 464 1798 cedre
491 1744 582 1799 lumen
606 1744 677 1810 vitm,
693 1753 722 1798 ut
736 1745 837 1799 uenrini
853 1761 919 1801 con·
974 1750 1053 1805 nobis
1069 1751 1221 1822 praecedant
1243 1751 1312 1820 dies,
1338 1767 1410 1806 nnus
1432 1751 1542 1823 quidem
1562 1751 1700 1823 inspirans
1724 1765 1774 1822 pro

122 1827 275 1896 grucutius,
295 1845 374 1900 quam
398 1831 437 1886 sic
451 1839 557 1886 mortuo
582 1831 770 1905 assignandam
795 1847 917 1888 acumem
972 1839 1095 1908 corporis
1110 1839 1173 1902 vita,
1191 1841 1258 1892 altar
1275 1855 1338 1895 vero
1352 1839 1489 1908 respirans
1503 1839 1530 1892 in
1555 1837 1775 1895 sanctificationis

121 1916 918 1978 vocemillam:Elaeeilluminoliomeciradeliciisrneia
971 1927 1279 2002 gratiaporrouertius
1303 1927 1424 1998 supersit
1448 1926 1572 1997 aspirans
1596 1928 1623 1980 in
1648 1943 1774 1982 resurre-

122 2005 209 2076 (Paul.
224 2020 351 2072 ⁶¹¹XV111,
368 2010 423 2076 ¹¹)-
439 2005 537 2073 Quidni
548 2008 649 2064 dalius
664 2009 762 2072 videti,
781 2009 862 2073 nube,
878 2009 918 2062 vel
973 2015 1069 2071 ctionis
1084 2015 1171 2086 gloria
1187 2037 1192 2072 :
1206 2014 1290 2069 claret
1305 2015 1426 2084 prolecto
1436 2015 1581 2084 aliqnando
1596 2014 1772 2084 adimpletum

122 2093 213 2163 potius
232 2091 298 2148 laece
312 2093 437 2166 corporis
450 2095 599 2152 evolutus?
612 2095 668 2151 Erit
682 2096 742 2152 sinc
760 2096 842 2152 dubio
857 2097 918 2152 rin·
973 2103 1006 2158 iri
1020 2104 1047 2158 in
1071 2119 1185 2173 corpore
1209 2105 1282 2174 quud
1312 2102 1448 2172 praecessit
1467 2101 1494 2155 iu
1517 2103 1614 2172 capite,
1638 2117 1773 2173 magnum

121 2179 189 2236 culis
204 2181 308 2238 solutus
326 2183 464 2253 corporeis
492 2183 694 2240 intermortuos
713 2183 792 2254 liber,
808 2193 836 2240 et
850 2185 920 2240 inter
974 2195 1064 2262 utique
1087 2191 1196 2264 pietatis
1219 2200 1431 2262 sacramentum,
1446 2198 1472 2245 et
1495 2191 1636 2262 prophetae
1650 2190 1772 2247 testime-

121 2284 208 2324 creeos
223 2269 327 2326 ridens.
337 2270 404 2324 Nam
420 2271 646 2342 quemadmodum
663 2273 735 2339 olim,
753 2274 827 2328 omni
841 2275 919 2329 oculo
973 2271 1058 2344 nium,
1075 2280 1119 2351 qui
1134 2279 1169 2334 ait
1185 2297 1192 2334 :
1215 2279 1367 2348 Vivifieubil
1378 2295 1428 2334 reor
1441 2283 1503 2348 post
1518 2277 1586 2334 duos
1601 2277 1669 2343 dies,
1682 2279 1715 2332 in
1729 2277 1774 2334 dte

121 2357 254 2431 caligante
269 2373 317 2428 per
333 2358 485 2416 universam
502 2361 657 2430 AEgyptum,
673 2361 748 2416 solus
776 2361 803 2415 in
825 2363 919 2416 mediis
974 2371 1061 2422 tertia
1076 2369 1226 2424 arraeilelu'l
1241 2383 1303 2434 reos,
1315 2371 1343 2423 et
1354 2368 1479 2424 vivemus
1489 2367 1521 2422 ire
1537 2367 1772 2438 aerumnaque,-

121 2446 240 2502 tenebris
259 2446 332 2502 clare
351 2447 460 2504 videbat
475 2448 592 2519 populus
605 2448 804 2519 vidensDeum,
819 2449 847 2504 id
866 2463 918 2516 est,
973 2458 1101 2524 sedemus,
1116 2471 1329 2528 sequemurque,
1351 2460 1385 2511 ut
1406 2470 1604 2528 capnoscumtta
1618 2455 1772 2510 Datnimtm

121 2535 241 2604 populus
259 2534 351 2602 lsrael,
378 2535 484 2592 dicente
500 2537 639 2608 Scriptum
667 2537 733 2610 qnia
760 2539 919 2611 ubicunque
974 2545 1052 2614 (Osee
1074 2562 1114 2614 vr,
1139 2543 1177 2616 3).
1203 2547 1262 2614 ιρεε
1283 2553 1325 2599 εει
1337 2544 1365 2599 in
1389 2560 1473 2616 quem
1497 2541 1589 2616 angeli
1615 2539 1771 2614 prospicere

120 2623 296 2689 terrerent,
323 2624 373 2681 ΜΞ
388 2629 452 2681 erat
466 2627 565 2696 (deod.
582 2641 610 2690 x,
627 2625 671 2698 23)
687 2644 693 2680 :
714 2626 754 2682 sic
767 2627 838 2683 iuter
851 2627 921 2685 filios
973 2635 1177 2706 concupiscunt,
1193 2649 1311 2706 sponsus
1325 2632 1463 2695 Ecclesiae.
1482 2634 1564 2690 lesus
1576 2632 1700 2688 Christus
1714 2631 1771 2686 Do-

120 2712 306 2778 tenebravum,
321 2712 349 2766 in
363 2716 432 2768 tetra
446 2714 541 2768 mortis
561 2714 677 2786 caligine
692 2715 832 2788 fulgebunt
841 2716 918 2789 justi,
974 2723 1062 2778 minus
1077 2734 1177 2790 noster,
1204 2723 1249 2795 qui
1269 2731 1404 2794 estsuper
1418 2722 1508 2779 omnia
1527 2723 1602 2779 Deus
1613 2718 1770 2776 benedictus

122 2808 148 2854 et
167 2800 310 2873 videbunt,
322 2818 354 2858 eo
369 2803 465 2874 utique
493 2803 603 2868 clarius,
617 2817 671 2874 quo
687 2805 761 2859 exuti
774 2819 919 2875 corporum
973 2811 1000 2866 in
1015 2812 1123 2866 sarcula.
1134 2813 1231 2866 Amen.

120 2886 237 2945 umbris.
253 2889 320 2944 Nam
331 2897 357 2943 cl
378 2891 403 2945 hi
418 2891 464 2957 qui
479 2899 541 2946 ante
556 2905 609 2947 nou
625 2892 826 2963 respiraverunt
842 2911 849 2947 :
868 2908 919 2949 nec
1234 2913 1351 2970 SERMO
1386 2915 1510 2970 Lxxflq,

120 2978 192 3032 enim
207 2978 370 3050 quaesierunt
385 2979 540 3048 inspirantis
555 2980 605 3035 diei
620 2982 722 3050 lumen,
738 2988 765 3034 et
779 2981 819 3035 sul
832 2981 918 3051 Justi-
978 3023 1105 3090 Qualiter
1122 3021 1252 3077 Christus
1264 3021 1300 3076 ad
1310 3019 1502 3091 judicandum
1525 3019 1616 3076 vemet
1630 3020 1661 3074 in
1674 3020 1769 3089 soma

121 3065 167 3119 tiae
185 3081 240 3120 non
255 3075 331 3123 ortus
345 3074 384 3122 cst
395 3067 453 3123 eis:
471 3067 508 3137 bi,
529 3067 647 3142 iuquam,
661 3069 737 3124 ibant
751 3069 786 3123 de
800 3069 918 3125 tenebris
935 3071 958 3149 c
1008 3093 1140 3162 qumana,
1153 3099 1186 3147 u,
1200 3092 1293 3148 suavis
1303 3095 1441 3163 appareat
1455 3087 1566 3156 electi„
1586 3093 1615 3146 θ)
1629 3089 1766 3160 quomodo

119 3154 148 3208 in
164 3155 289 3210 tenebras
299 3155 447 3223 densiores,
468 3157 557 3226 utqui
573 3156 731 3212 intenebris
750 3164 823 3224 sunt,
841 3163 914 3214 tene·
1005 3166 1099 3218 minor
1118 3163 1238 3233 enectis,
1253 3163 1410 3232 iisdemque
1424 3161 1581 3218 sublimior.

121 3242 242 3298 breseant
261 3242 365 3310 eduum
377 3243 461 3315 etqui
474 3243 574 3314 vident,
589 3243 697 3299 rideant
712 3244 807 3314 magis.
1003 3257 1028 3306 l.
1040 3255 1202 3316 decredere·
1214 3251 1317 3306 similla
1328 3254 1396 3316 esto,
1407 3249 1567 3307 dilecturus,
1580 3263 1690 3318 cepree
1701 3247 1766 3304 bin-

122 3335 124 3338 '
159 3334 202 3386 tu.
219 3329 269 3385 Ubi
297 3346 352 3385 non
379 3331 599 3387 inconvenienter
626 3331 738 3388 lorsitan
769 3335 918 3389 adducetur
970 3339 1364 3412 ueloqueceruoremldunt.
1386 3352 1417 3402 u,
1436 3337 1492 3408 ¹7l·
1511 3336 1605 3407 Quid‘?
1628 3335 1709 3391 modo
1738 3335 1768 3400 it,

119 3417 198 3472 etiam
215 3435 304 3473 sermo
327 3419 446 3489 Domini,
462 3435 542 3486 quem
565 3421 641 3482 dixit,
656 3420 717 3488 quia
734 3420 849 3478 babenti
864 3422 917 3476 do·
971 3428 1053 3482 modo
1070 3427 1203 3480 revocas?
1218 3423 1289 3493 Quid
1304 3424 1423 3480 subitum
1437 3425 1466 3478 in
1477 3432 1530 3479 tem
1545 3423 1620 3482 brevi
1634 3421 1769 3478 emersit?

118 3506 206 3574 bitur,
222 3511 250 3562 el
264 3507 416 3563 abundabit
427 3527 437 3574 ,·
448 3508 701 3578 elcutemqrdrroa
713 3507 831 3566 hebetet
845 3510 917 3582 qued
971 3515 1097 3570 Oblitane
1113 3511 1237 3586 aliquid?
1261 3513 1348 3568 Etiam
1364 3512 1447 3568 oblita
1462 3521 1547 3569 totum
1567 3513 1641 3584 quod
1656 3525 1711 3568 non
1723 3509 1769 3565 ille

125 3594 242 3650 radetur
269 3595 367 3652 babere
387 3598 536 3666 reseretur
549 3595 583 3650 eb
598 3611 627 3651 eo
642 3597 719 3666 (tue.
735 3613 789 3663 rn,
811 3597 863 3668 ab).
879 3599 916 3652 lu
971 3613 1021 3660 est.
1038 3620 1067 3659 se
1084 3589 1190 3675 queque
1205 3601 1301 3673 ipsam.
1319 3601 1441 3672 Denique
1461 3619 1522 3659 cum
1538 3602 1572 3657 sit
1591 3599 1705 3657 rationis
1714 3613 1768 3654 nen

120 3691 163 3738 est
180 3701 186 3738 :
204 3691 231 3739 et
246 3684 353 3739 additur
366 3684 393 3738 iu
407 3691 491 3740 morte
505 3685 669 3756 videntibus,
690 3693 716 3740 ει
730 3701 784 3741 non
800 3685 915 3743 videnti·
970 3709 1077 3765 expers,
1100 3705 1155 3746 uon
1183 3699 1272 3746 tamen
1296 3690 1387 3755 modo,
1405 3700 1435 3745 ut
1457 3691 1576 3759 videtur,
1591 3687 1705 3744 rationis
1727 3694 1769 3742 etl

119 3771 172 3826 bns
195 3771 320 3827 demitur.
335 3773 395 3842 Quo
409 3772 479 3828 enim
496 3771 523 3826 hi
551 3773 640 3828 minus
659 3782 686 3829 et
705 3776 805 3844 minua,
819 3791 852 3830 eo
875 3775 914 3830 illi
971 3796 1092 3852 compos.
1109 3779 1160 3834 Sed
1186 3779 1274 3834 necin
1295 3793 1376 3833 sensu
1392 3779 1429 3833 illi
1444 3778 1580 3836 ullatenus
1594 3786 1707 3850 apparet
1721 3792 1778 3853 ve·¹

118 3859 208 3930 magis
228 3859 368 3931 magisque
382 3859 483 3928 vident,
500 3863 587 3917 donec
600 3871 627 3917 et
640 3862 690 3917 bos
705 3863 818 3932 excipiat
832 3864 917 3935 suspi·
972 3867 1099 3925 recundia
1113 3882 1182 3934 esse,
1208 3883 1289 3938 quarn
1304 3867 1372 3922 lorte
1385 3867 1468 3922 babet
1482 3868 1509 3921 in
1525 3868 1658 3922 moribus.
1684 3867 1768 3922 Amor

118 3963 185 4003 raus
199 3962 263 4017 nor,
280 3955 308 4004 et
322 3947 383 4004 illos
397 3949 520 4019 aspirans
534 3949 591 4006 dies
606 3968 614 4023 ;
629 3960 762 4020 quassant
772 3953 917 4010 novissima
971 3959 1153 4026 intemperans
1177 3955 1240 4010 iacit
1255 3956 1316 4010 hoc.
1332 3956 1436 4026 Nempe
1455 3954 1479 4009 is
1492 3964 1533 4011 est
1555 3955 1601 4026 qui
1621 3967 1730 4009 omnem
1740 3952 1767 4006 iu

118 4043 307 4108 utrorumque,
327 4045 447 4092 extrema
472 4037 598 4094 videlieet
612 4039 726 4105 caecitas,
744 4046 771 4095 ct
791 4057 917 4112 suprema
971 4065 1000 4102 se
1014 4043 1185 4114 triumphans
1194 4042 1387 4114 captivansque
1397 4042 1512 4114 pudoris
1523 4057 1645 4108 sensum,
1666 4055 1767 4096 conve·

117 4125 239 4180 claritas.
254 4127 287 4180 Et
306 4125 428 4196 hecjam
448 4141 502 4182 non
518 4129 642 4198 estquod
657 4129 779 4184 dematur
806 4130 916 4186 omnino
969 4133 1078 4189 nientiae
1115 4132 1235 4202 modum,
1265 4129 1465 4186 deliberationis
1501 4129 1654 4200 consilium,
1684 4127 1768 4184 totius

116 4213 218 4282 vacuis,
235 4229 288 4270 nou
303 4214 436 4285 estquod
453 4215 566 4272 addatur
593 4217 691 4288 plenis,
716 4217 768 4272 nisi
794 4219 868 4290 quod
885 4219 912 4274 lvi
966 4221 1105 4279 modestiae
1123 4231 1149 4276 et
1169 4219 1378 4290 opportunitatis
1392 4220 1547 4292 neglectum
1569 4219 1715 4292 quemdam
1739 4230 1767 4275 et

118 4301 217 4358 nescio
229 4302 294 4373 quid
311 4303 548 4374 pleuoampliusse
572 4316 731 4376 accepturos
747 4317 914 4376 praesumunt
929 4345 952 4425 Β
967 4309 1110 4383 quamdam
1134 4307 1265 4364 incuriam
1279 4306 1359 4377 parit.
1374 4309 1440 4363 Nam
1455 4307 1516 4366 vide
1537 4323 1609 4364 nuuc
1630 4307 1767 4378 quomodo

115 4391 264 4446 seeundum
280 4390 486 4460 promissionem
514 4393 547 4448 ad
566 4407 595 4447 sc
609 4393 715 4451 iactam.
731 4395 765 4448 Et
794 4397 912 4467 promis·
968 4401 1056 4470 illum,
1074 4413 1144 4470 pene
1158 4397 1244 4454 adhuc
1253 4396 1426 4467 incipientem
1442 4397 1492 4468 ire,
1503 4397 1560 4467 jam
1572 4405 1662 4452 tamen
1677 4396 1767 4452 redire

118 4478 205 4534 sionis
220 4477 327 4550 quidem
343 4479 452 4535 verbum
468 4479 520 4535 tale
536 4488 600 4535 est:
632 4483 792 4538 Mensarum
802 4486 912 4554 bonum,
967 4490 1077 4562 flagitat.
1101 4486 1187 4542 Etiam
1211 4485 1360 4542 accelerare
1376 4494 1462 4558 rogat,
1480 4486 1630 4559 etquidem
1657 4501 1766 4542 currere

116 4573 147 4625 ei
162 4571 333 4640 consertam,
342 4570 543 4641 etceepitutem
558 4573 587 4626 et
602 4571 851 4643 supereffluentem
861 4576 912 4631 du·
969 4581 1050 4634 instar
1063 4577 1143 4631 unius
1157 4575 1272 4646 alicujus
1290 4574 1354 4631 lerae
1368 4576 1496 4632 silvarum
1511 4574 1641 4631 velociter
1654 4589 1764 4631 curren-

115 4659 189 4714 bunt
203 4660 234 4714 in
249 4659 347 4714 riuum
365 4661 491 4714 uestrum
507 4660 584 4730 [Luc.
605 4661 914 4735 v1,83).dnnonplus
969 4666 1011 4733 tis,
1031 4665 1107 4722 verbi
1128 4665 1225 4736 gratia,
1240 4679 1355 4733 capreae,
1381 4663 1516 4720 hinnulive
1539 4676 1690 4720 cervorum.
1716 4662 1765 4718 Hic

116 4747 197 4816 pleno
212 4748 333 4828 quodam
346 4747 429 4801 modo
445 4746 491 4801 tibi
507 4763 567 4802 esse
582 4747 688 4804 videtur
700 4749 773 4820 quod
787 4755 913 4822 superel—
971 4756 1068 4812 littcrae
1078 4761 1167 4826 tenor,
1183 4761 1210 4808 et
1228 4754 1286 4809 lraec
1299 4753 1452 4809 ludaeorum
1467 4751 1566 4825 portio.

117 4833 209 4890 uuirt
226 4835 307 4891 Porro
325 4833 429 4905 placide
444 4834 537 4890 audies
550 4835 659 4906 plenum
676 4844 703 4891 et
722 4838 839 4908 plenius,
855 4839 878 4894 si
890 4849 916 4896 tc
1006 4849 1032 4898 2.
1048 4846 1191 4916 Egovero,
1206 4842 1433 4914 quemadmodum
1454 4841 1577 4912 accepia
1591 4839 1716 4906 numne,
1732 4840 1762 4894 in

115 4906 217 4994 legisse
231 4921 407 4978 memineris:
426 4923 457 4977 ln
474 4928 612 4980 ueternum
627 4925 745 4981 etultro
760 4925 858 4998 (Exed.
868 4944 913 4994 xv,
968 4931 1105 5003 profundo
1120 4931 1188 4987 sacri
1203 4930 1303 5003 eloquii
1317 4930 1421 5002 gremio
1436 4929 1559 5003 spiritum
1569 4929 1635 4987 mibi
1654 4935 1761 4984 scruta·

118 5012 178 5082 ts).
195 5011 269 5084 Ergo
281 5012 302 5067 is
311 5012 433 5067 cumulus
447 5012 588 5083 aspirantis
597 5013 715 5070 critdiei.
725 5015 913 5088 lpsa‚inquam‚
968 5021 1017 5078 bor
1041 5030 1067 5077 ει
1090 5019 1187 5087 vitam;
1203 5029 1230 5076 et
1248 5036 1311 5091 pars
1335 5035 1395 5074 mea
1416 5018 1483 5084 baec,
1499 5017 1547 5090 qui
1575 5019 1602 5073 in
1624 5017 1760 5073 Christum

114 5099 224 5170 adjiciet
251 5101 284 5155 ad
309 5116 463 5156 mensuram
495 5101 632 5173 inspimtae
660 5103 844 5176 plenitudinis,
879 5107 912 5161 ad
967 5113 1055 5167 credo.
1072 5109 1172 5180 Quidni
1195 5125 1286 5164 ernam
1304 5107 1383 5164 dulce
1398 5123 1428 5162 ac
1442 5107 1561 5162 salutare
1575 5107 1683 5177 epulum
1703 5105 1760 5173 spi·

115 5188 272 5258 inspirantis
286 5188 339 5244 diei
361 5190 479 5260 copiam,
508 5208 590 5262 supra
618 5193 726 5247 modum
751 5193 778 5249 in
797 5195 912 5251 sublime
967 5200 1033 5254 ritus
1046 5199 1079 5254 de
1094 5196 1180 5255 sterili
1195 5205 1220 5253 et
1245 5195 1364 5267 insipida
1378 5196 1479 5264 littera,
1496 5202 1623 5268 tanquam
1647 5208 1760 5264 granum

114 5277 219 5348 pondus
233 5277 330 5350 gloriae
345 5292 470 5350 operans,
486 5278 523 5334 itn
554 5288 583 5334 ut
598 5281 727 5336 redundet
751 5283 778 5336 in
798 5298 911 5352 corpora
965 5290 998 5344 de
1013 5288 1100 5360 palea,
1111 5287 1145 5342 de
1160 5291 1226 5343 testa
1237 5285 1372 5348 nucleum,
1390 5285 1423 5338 de
1433 5299 1495 5339 osse
1508 5281 1677 5339 medullam?
1687 5277 1757 5334 Nibil

113 5364 314 5437 supereffluens
334 5365 533 5424 clarificationis
559 5369 683 5438 adjectio.
701 5371 754 5426 llae
771 5371 804 5426 dc
831 5387 910 5426 causa
964 5377 1029 5434 mihi
1043 5385 1072 5433 et
1087 5377 1182 5432 litterae
1196 5373 1270 5444 huie,
1282 5389 1342 5447 quae
1357 5379 1463 5447 gustata
1478 5386 1587 5428 caruem
1597 5368 1679 5440 sapit,
1694 5367 1758 5442 glu-

112 5453 185 5510 enim
197 5469 253 5510 nou
266 5454 384 5526 spirans,
405 5456 451 5510 sed
466 5457 588 5528 aspirans
610 5457 681 5514 dicta
696 5466 744 5520 cst,
759 5461 831 5530 qnod
859 5461 909 5514 ad·
965 5471 1012 5522 trra
1027 5465 1242 5528 montemaltum
1258 5461 1305 5518 sed
1320 5463 1391 5517 enim
1414 5461 1486 5531 quod
1498 5459 1525 5513 in
1539 5474 1571 5514 ea
1592 5463 1692 5514 tectum
1708 5463 1759 5516 εει.

113 5543 210 5598 datad
225 5543 412 5611 inspirantem,
430 5545 482 5599 boc
497 5543 664 5617 significante
692 5547 796 5619 Spiritu
814 5557 909 5604 sancto
963 5557 995 5610 de
1007 5555 1107 5627 Spiritu
1116 5561 1209 5610 sancto
1219 5559 1268 5606 cst.
1281 5552 1510 5622 Spiriluaoalena
1521 5548 1648 5619 loquitur
1655 5547 1759 5617 myste-

112 5647 164 5705 per
184 5629 328 5701 adiectam,
345 5631 391 5701 “da
408 5633 648 5703 Plae90⁵l¹i⁰¹¹0¹¹¹i
683 5636 750 5708 quie
767 5653 836 5709 (1³⁰⁵
862 5639 909 5693 5¹¹ss
963 5647 1018 5705 riu.
1039 5651 1107 5700 teste
1125 5643 1258 5715 Apostolo
1286 5641 1386 5709 (ider.
1404 5639 1519 5710 xvv.2l;
1535 5637 1584 5692 sed
1605 5632 1685 5691 lsrael
1711 5645 1761 5704 pro
