3950 6350
38 503 96 558 Μ

561 495 597 552 ru
614 493 708 554 ussa.
732 496 791 565 our
807 487 956 552 urarrrr
971 490 1089 550 suano
1107 493 1180 550 xiv.

1639 491 1693 549 242

37 642 91 682 sus
110 643 188 700 spem
202 635 324 684 nostram
338 623 470 699 quidquid
484 624 567 681 babet
589 620 774 696 malignitatis,
796 635 840 676 ex·
856 632 880 712 Ι
896 619 1050 676 mdcamt'ni
1064 617 1097 674 ab
1112 619 1153 675 ais
1168 617 1279 686 (natta.
1294 632 1324 686 v,
1339 617 1376 687 i).
1392 618 1433 674 Ac
1446 617 1468 672 si
1482 617 1554 674 dicat
1569 635 1577 674 :
1593 617 1694 676 cavete

37 723 118 772 serat
130 716 265 774 inimicus.

80 809 107 860 5.
125 803 315 877 ltaqueprimo
329 803 439 875 quidem
455 807 484 856 ut
498 801 601 856 auctori
616 807 719 856 naturae
743 797 840 870 ingra-

39 899 87 947 tos
101 891 193 960 iaciat,
209 892 366 964 ampliorem
380 889 482 964 ingerit
495 904 545 961 pro
560 896 657 945 natura
680 885 841 945 sollieitudi-

38 995 119 1049 nem‚
150 979 378 1051 quemadmodum
403 977 485 1034 etiam
509 975 561 1049 ipsi
584 976 691 1032 cbristo
712 972 842 1030 esurienti

36 1083 126 1125 ausus
140 1076 182 1124 est
196 1069 305 1125 dicere:
321 1069 370 1125 Dic
386 1071 420 1124 at
436 1065 544 1139 lapidos
567 1066 619 1122 isti
638 1081 728 1137 panes
750 1063 840 1132 fiunt:

35 1156 208 1226 quasivero
232 1155 392 1229 figmentum
425 1163 548 1211 nostrum
577 1153 687 1226 ignoret
710 1153 768 1224 ipse
796 1149 843 1223 qui

36 1244 131 1310 linxit,
161 1252 285 1303 autnon
308 1251 386 1302 curet
410 1242 534 1299 homines
557 1241 603 1314 qui
632 1240 693 1297 coeli
721 1237 843 1295 volueres

34 1332 139 1402 pascit.
156 1333 247 1402 Quam
265 1348 330 1390 vero
340 1333 463 1404 ingratus
487 1330 572 1396 estei,
585 1329 631 1402 qui
656 1336 768 1401 propter
789 1327 840 1383 bo-

34 1421 145 1478 minem
155 1421 313 1480 universum
328 1422 399 1476 bunc
413 1413 535 1476 condidit
543 1417 683 1487 mundum,
708 1414 840 1488 quisquis,

34 1513 69 1561 ut
79 1508 249 1564 subtantiam
260 1509 321 1578 ejus
330 1521 411 1578 quam
425 1505 592 1576 concupiscit
614 1504 749 1570 obtineat,
776 1519 840 1574 pro·

33 1592 136 1648 cidens
153 1609 208 1649 nen
219 1602 330 1649 veretur
340 1593 456 1648 adorare
466 1591 634 1664 malignum?
649 1595 710 1649 Hoec
733 1593 840 1660 omnio,

32 1679 140 1751 inquit,
155 1680 206 1736 irbi
220 1681 300 1750 dabo,
315 1681 341 1737 ai
352 1679 499 1753 procidens
523 1679 684 1736 adoraveris
698 1695 753 1736 me.
765 1677 840 1734 Tune

33 1765 85 1822 illa
97 1766 195 1834 iecisti,
214 1765 321 1823 miseri
336 1767 478 1837 Quomodo
492 1764 569 1821 dabis
584 1781 645 1838 quae
658 1764 704 1822 ibe
721 1763 841 1821 creaviti

896 707 989 764 ocules
1008 704 1136 763 basilisci.
1157 705 1212 760 Sed
1236 705 1279 762 cui
1298 719 1397 761 nocere
1415 704 1512 761 dicitur
1531 705 1692 765 basiliscus?

895 794 929 850 Ei
943 795 991 869 qui
1002 811 1057 852 uon
1070 792 1167 852 viderit
1177 792 1340 850 basiliscum.
1358 791 1484 862 Alioquin
1498 792 1522 848 si
1536 794 1609 865 prior
1628 811 1691 852 eum

896 885 999 951 uaeas,
1014 885 1139 954 jamnon
1155 882 1202 938 tibi
1217 889 1307 952 nocet,
1322 888 1352 938 ut
1365 879 1456 936 aiunt:
1473 879 1560 954 magis
1578 884 1691 940 moritur

895 972 965 1044 ipse.
986 974 1024 1028 lta
1053 979 1104 1043 est,
1134 971 1241 1028 iratres.
1269 971 1331 1027 Non
1358 968 1482 1026 videntes
1503 977 1583 1025 namt
1602 969 1692 1026 inanis

895 1059 990 1134 gloria,
1002 1076 1089 1118 caecos
1102 1059 1129 1118 et
1148 1059 1329 1136 negligentes,
1345 1057 1390 1130 qui
1405 1074 1435 1113 se
1450 1057 1477 1113 ei
1487 1064 1635 1126 ostentant,
1646 1059 1693 1130 qui

896 1165 927 1205 se
942 1156 1094 1221 exponunt3
1107 1157 1134 1206 et
1149 1164 1204 1206 non
1218 1148 1307 1220 potius
1317 1146 1368 1217 ipsi
1385 1144 1540 1220 inspiciunt,
1568 1161 1623 1202 non
1652 1154 1692 1204 at-

897 1238 1023 1304 tendunt,
1039 1252 1093 1293 uon
1107 1237 1254 1294 discutiunt
1270 1235 1358 1304 iilam,
1374 1249 1429 1290 non
1447 1233 1541 1293 vident
1558 1233 1688 1306 denique,

896 1342 977 1398 quam
991 1326 1026 1382 sit
1039 1325 1143 1396 sriuola,
1153 1341 1234 1398 quam
1249 1324 1285 1379 sit
1298 1324 1409 1388 caduca,
1425 1338 1505 1396 quam
1514 1339 1593 1390 vana,
1609 1338 1690 1396 quam

895 1414 1008 1470 inutilis.
1025 1415 1054 1470 Si
1064 1414 1124 1486 quis
1135 1413 1208 1470 enbn
1223 1428 1286 1469 eum
1299 1411 1435 1468 intueatur
1454 1413 1505 1468 bec
1524 1412 1615 1482 modo,
1630 1428 1689 1468 mo·

897 1501 964 1558 ritur
987 1502 1144 1560 basiliscus:
1169 1517 1221 1558 nec
1232 1503 1287 1573 jam
1303 1500 1402 1558 occidit
1428 1517 1490 1556 eum
1513 1499 1610 1572 gloria,
1639 1500 1689 1556 sed

895 1589 1026 1648 occiditur
1039 1590 1125 1664 magis
1142 1596 1171 1645 et
1189 1589 1287 1646 occidit
1300 1589 1336 1660 ei,
1365 1589 1482 1660 quodam
1504 1590 1585 1646 modo
1613 1604 1691 1646 versa

896 1677 923 1734 in
941 1679 1091 1751 pulverem,
1106 1678 1162 1734 imo
1174 1679 1283 1734 redacta
1302 1679 1330 1732 in
1349 1678 1471 1735 nibilum.
1496 1679 1565 1734 Puto
1586 1683 1688 1744 autem,

894 1782 949 1823 non
965 1776 1007 1824 est
1018 1782 1155 1840 quaerere,
1170 1765 1235 1838 quid
1249 1766 1283 1821 ad
1299 1765 1409 1822 inanem
1419 1764 1532 1838 gloriam
1549 1781 1582 1822 aa
1597 1773 1689 1821 unta-

34 1853 96 1911 Aut
109 1855 306 1927 quomodoabs
326 1862 352 1910 te
370 1855 514 1926 speranda,
531 1853 667 1926 quomodo
684 1853 838 1910 tuaadora·
894 1855 932 1911 uo
944 1855 1003 1911 visa
1013 1855 1048 1910 sit
1062 1853 1212 1927 pertinere,
1222 1854 1269 1910 ubi
1283 1855 1384 1912 dictum
1408 1861 1473 1911 est:
1498 1855 1527 1912 sa·
1541 1855 1690 1913 satiabat

34 1943 114 1999 tione
125 1944 253 2015 petenda,
277 1959 338 2016 que
352 1944 387 1998 ab
409 1942 455 1999 illo
478 1943 588 1999 condita
607 1943 635 1998 iu
658 1942 728 1999 illius
751 1941 839 2012 posita
856 1929 879 2005 Β
894 1961 933 2014 aa,
949 1945 1032 2001 mitte
1047 1945 1223 2002 tedaorsam.
1235 1942 1333 2015 thuid
1343 1942 1415 1998 enirn
1429 1943 1491 2009 hoc,
1506 1941 1559 1998 nisi
1569 1950 1598 2000 ut
1611 1942 1690 2000 vide-

33 2041 103 2088 sunt
117 2031 243 2089 ditiouei
255 2031 350 2088 lamia
360 2033 414 2088 hoc
423 2031 496 2104 quod
506 2031 542 2087 ait
553 2050 560 2087 a
572 2033 649 2090 lditta
664 2031 838 2097 induerentur,

33 2135 105 2176 cave
117 2119 177 2186 tibi,
192 2120 347 2192 quicunque
361 2136 392 2177 es
410 2119 457 2192 qui
471 2119 566 2191 templi
581 2119 756 2192 pinnaculum
770 2135 852 2177 con--

32 2207 185 2280 scandisti,
202 2223 269 2265 caue
284 2207 343 2279 tibi,
355 2208 511 2280 speculator
524 2207 621 2264 domus
639 2207 757 2272 bomini,
773 2223 839 2265 eave

33 2295 96 2362 tibi,
114 2294 202 2369 quiin
228 2296 353 2354 Ecclesia
373 2296 473 2354 Christi
496 2296 585 2354 locum
599 2297 721 2353 cerneris
744 2305 839 2354 tenere

31 2384 195 2443 sublimem.
207 2383 295 2453 Quam
309 2385 434 2457 ingratus
446 2385 527 2454 enim,
542 2383 598 2440 imo
621 2400 701 2457 quam
722 2384 838 2455 injurio·

29 2489 130 2530 auses
152 2472 304 2544 illimagno
333 2483 505 2530 sacramento
538 2473 659 2545 pietatis,
687 2472 710 2528 si
737 2472 765 2528 iu
792 2472 838 2528 illo

30 2568 170 2634 quaestum
193 2561 312 2618 aestima
333 2559 477 2632 pietatem!
497 2560 584 2630 Quam
599 2559 718 2616 infidelis
751 2559 776 2616 ei
792 2575 837 2630 cs,

29 2648 80 2720 qui
100 2647 286 2704 ministerium
301 2649 354 2704 hoo
370 2648 503 2719 sanguine
523 2647 636 2719 proprio
658 2650 836 2716 consecravit,

29 2735 95 2790 siin
112 2751 147 2792 eo
163 2751 270 2808 quaeras
279 2735 394 2808 gloriam
405 2744 487 2803 tuam,
506 2735 644 2808 quanibil
658 2742 710 2801 est,
731 2751 838 2808 quaeras

30 2832 155 2896 quastus
169 2829 242 2892 sunt,
257 2837 311 2879 non
323 2839 385 2895 quae
400 2824 463 2880 lesu
478 2822 600 2879 Christi?
616 2821 702 2892 Quam
718 2821 833 2896 indigue

30 2910 190 2981 respondes
206 2910 266 2979 ejus
287 2908 446 2981 dignationi,
461 2909 546 2982 quiin
561 2908 764 2980 dispensatione
784 2912 835 2968 hu-

894 2038 979 2100 retur,
995 2041 1026 2088 ut
1039 2031 1195 2088 laudaretur
1213 2045 1230 2086 a
1243 2029 1388 2087 basilisco?

928 2125 955 2176 8.
971 2123 1007 2178 Et
1020 2119 1081 2177 vide
1097 2118 1232 2191 quomodo
1247 2118 1377 2192 seipsum
1396 2118 1571 2177 occultaverit
1593 2119 1688 2176 basili-

893 2223 963 2277 scus,
986 2209 1062 2280 quasi
1077 2215 1175 2264 utnon
1191 2215 1284 2280 posset
1299 2215 1361 2264 aute
1376 2207 1474 2264 videri.
1488 2209 1632 2280 Scriptum
1646 2215 1688 2266 ast

892 2295 991 2368 iuquit,
1007 2299 1141 2370 pacatam
1154 2297 1260 2370 cacalis
1270 2298 1328 2354 sais
1356 2295 1546 2354 maadaaitdo
1570 2301 1609 2364 te,
1623 2298 1691 2354 etia

892 2385 1024 2442 marcidas
1036 2385 1136 2444 tollant
1146 2389 1184 2443 te.
1193 2383 1263 2454 Quid
1273 2384 1400 2456 scriptum
1411 2390 1465 2451 est,
1477 2383 1690 2458 magnetensis

892 2471 1022 2544 scriptum
1037 2472 1217 2545 carismatis
1238 2474 1298 2530 sais
1320 2472 1468 2530 mondavit
1494 2473 1527 2530 dc
1550 2477 1587 2529 te.
1618 2473 1690 2542 Quid

892 2559 1049 2617 mandavit?
1068 2560 1282 2617 Animadvertite
1301 2567 1329 2614 et
1341 2559 1444 2630 videte,
1460 2560 1587 2630 quoniam
1602 2561 1690 2618 subti-

892 2646 946 2704 cuit
963 2648 1097 2717 malignus
1125 2655 1153 2704 et
1180 2647 1376 2715 fraudulentus,
1404 2648 1478 2719 qued
1510 2646 1686 2720 malignitatis

891 2752 947 2792 suae
961 2743 1115 2794 commenta
1134 2735 1304 2792 dissolveret.
1331 2734 1402 2806 Quid
1435 2735 1507 2792 enim
1532 2737 1689 2794 mandavit?

890 2825 995 2896 Nempe
1005 2825 1078 2897 quod
1089 2825 1117 2880 in
1126 2823 1232 2897 psalmo
1245 2823 1385 2894 sequitur:
1401 2827 1432 2883 llt
1446 2825 1608 2882 custodiant
1619 2831 1646 2883 te
1656 2827 1686 2882 iu
1739 2860 1741 2864 .

891 2914 1083 2972 omnibasoiis
1094 2915 1163 2970 tais.
1174 2911 1338 2983 Nunquidin
1348 2911 1519 2982 praecipitiis?
1533 2912 1628 2982 Qualis
1643 2913 1687 2970 via

31 2997 156 3054 militatis
171 3013 227 3054 suae
242 2997 386 3053 sublimem
410 3013 471 3055 esse
487 3003 514 3056 te
537 2996 613 3066 lecit,
637 2997 761 3055 coelestia
787 2999 835 3055 tibi
890 3002 949 3057 bae
963 3002 997 3058 de
1012 3002 1156 3072 pinnaculo
1171 3001 1264 3071 templi
1278 2999 1387 3056 mittere
1407 3015 1437 3055 se
1455 3000 1603 3057 deorsum?
1625 3001 1686 3058 Non

29 3085 364 3156 sacramentaeommisit,
374 3087 525 3154 celestem,
549 3084 619 3143 iorte
634 3092 663 3142 et
676 3085 834 3158 ampliorem
889 3096 929 3145 est
945 3089 989 3146 uia
1001 3091 1070 3157 baec,
1082 3089 1130 3145 sed
1146 3090 1238 3154 ruina;
1259 3097 1286 3145 et
1301 3088 1323 3143 si
1337 3087 1391 3153 via
1407 3095 1516 3159 tuaest,
1532 3103 1588 3146 non
1602 3088 1683 3149 illius.

29 3191 115 3247 quam
136 3173 203 3247 ipsis
221 3173 360 3246 spiritibus
378 3173 545 3242 coelestibus,
575 3173 684 3230 tradidit
710 3183 833 3248 potesta-
888 3177 997 3234 Frustra
1010 3177 1039 3234 in
1059 3181 1236 3235 tentationem
1249 3177 1345 3250 capitis
1359 3176 1498 3246 intorsisti,
1513 3177 1587 3250 quod
1616 3180 1686 3237 seri·

30 3271 99 3327 tem,
127 3262 151 3318 si
169 3262 297 3320 deorsum
316 3263 375 3334 ipse
399 3269 427 3320 te
445 3262 546 3332 mittas,
564 3263 675 3334 sapiens
694 3281 749 3322 non
773 3281 834 3338 que
849 3227 871 3307 c
887 3273 962 3338 ptum
978 3275 1019 3322 est
1033 3267 1067 3322 ad
1090 3266 1213 3338 corperis
1227 3265 1449 3322 consolationem.
1465 3265 1533 3322 Huic
1547 3265 1619 3322 enim
1634 3285 1685 3326 ne-

28 3366 154 3420 sursum,
170 3348 219 3406 aed
235 3365 296 3421 quae
309 3365 394 3420 super
417 3350 531 3406 termml
549 3350 604 3406 Sed
628 3357 655 3406 et
675 3351 764 3408 omnis
787 3352 833 3425 qui
887 3370 965 3412 cesse
979 3360 1021 3410 est
1035 3353 1175 3423 custodiri,
1191 3353 1233 3411 cui
1244 3353 1404 3424 timendum,
1421 3370 1456 3410 ue
1471 3353 1594 3410 ellendat
1608 3357 1685 3412 adla-

27 3437 64 3510 de
74 3437 207 3494 urtntum
221 3435 368 3493 eminentia
378 3437 413 3493 ad
428 3436 517 3492 inanis
531 3437 625 3508 gloriae
641 3454 702 3495 sese
717 3438 834 3496 demittit
886 3442 978 3514 pidem
992 3444 1090 3515 pedem
1106 3459 1194 3500 suurn.
1210 3443 1271 3499 Non
1291 3443 1421 3516 estquod
1448 3443 1626 3510 custodiatur,
1642 3447 1685 3502 cui

27 3534 55 3581 et
81 3525 180 3594 dejicit
202 3525 362 3596 appetitum,
392 3525 465 3582 baud
495 3526 607 3581 dubium
635 3526 700 3598 quin
718 3527 833 3585 Domino
886 3539 994 3589 nonest
1007 3531 1226 3604 quodtimeatur.
1245 3531 1393 3600 Quidvero
1407 3539 1482 3588 taces
1495 3531 1597 3588 etillud
1613 3535 1685 3605 quod

25 3613 172 3679 virtutum,
188 3612 234 3684 qni
251 3620 325 3668 tanta
338 3613 409 3669 inter
420 3628 470 3670 nos
480 3612 607 3670 toleravit
619 3622 651 3671 ut
673 3615 752 3671 nobis
774 3616 832 3672 ier·
886 3620 1027 3692 sequitur:
1043 3620 1305 3694 Superospidemet
1315 3621 1646 3679 basiliscamombalabis
1657 3628 1694 3681 et

26 3716 99 3756 mam
121 3700 206 3770 bajus
222 3699 391 3771 imprimeret
418 3701 580 3768 sanctitatis,
600 3717 650 3773 pro
664 3703 750 3776 gratia
769 3719 833 3762 cen·
885 3709 1685 3783 conculcabislcoaametdrccoucmiTeenimbseepara·

28 3788 169 3845 tumeliam
185 3787 292 3844 reddat.
886 3797 948 3854 bola
971 3796 1253 3870 tangitllonslruosa
1267 3797 1421 3870 malignitas
1435 3797 1613 3856 monstruosis
1631 3815 1683 3872 ap-

63 3881 92 3933 6.
116 3875 329 3933 Consideremus
358 3875 525 3952 diligentius,
564 3877 672 3945 iratres,
703 3895 738 3936 ne
763 3880 832 3937 lente
885 3885 1078 3957 peilationibus
1093 3884 1277 3942 conculcanda
1292 3885 1430 3956 'signmnn
1460 3902 1513 3943 nec
1541 3887 1622 3944 modo
1646 3891 1681 3944 ab

26 3964 171 4037 primailla
190 3963 315 4031 lenutio,
326 3981 387 4038 quaa
397 3965 545 4038 corporalis
555 3967 724 4024 necessitatis
747 3985 830 4026 occa-
884 3973 944 4045 ipso
957 3973 1057 4046 eapite,
1073 3973 1365 4044 sedetiamacerpore
1380 3974 1517 4032 universo.
1542 3975 1682 4047 Siquidem

27 4053 105 4110 sione
118 4053 241 4108 animum
260 4053 361 4124 turbat,
377 4053 463 4125 aspidi
476 4055 576 4112 debeat
595 4057 756 4128 comparari.
774 4058 832 4114 Hoc
884 4061 1015 4117 adversus
1027 4061 1172 4118 Dominum
1186 4071 1248 4132 post
1267 4061 1364 4116 tunam
1391 4061 1577 4119 confusionem
1601 4065 1681 4131 bane,

28 4140 102 4196 enim
116 4141 219 4198 animal
238 4142 439 4212 quodammodo
462 4142 582 4200 violento
601 4143 695 4217 [alias
724 4144 829 4203 violeu·
884 4164 939 4205 non
952 4150 1008 4218 jam
1023 4149 1180 4221 serpentina
1202 4149 1359 4219 calliditate,
1374 4165 1420 4206 sec
1434 4150 1593 4208 crudelitate
1618 4169 1682 4208 usus

28 4229 95 4301 tum]
115 4244 208 4286 morsu
222 4237 312 4296 nocet,
328 4231 436 4287 obturat
456 4229 544 4290 869
571 4248 666 4289 aurem
689 4248 724 4289 ne
739 4233 829 4291 audiat
883 4236 1158 4310 estleonina,usque
1173 4238 1207 4293 ad
1232 4237 1421 4304 contumelias,
1451 4238 1485 4293 ad
1501 4237 1617 4310 flagella,
1647 4243 1681 4297 ad

27 4332 124 4373 vocem
151 4317 324 4374 incantantis.
344 4317 415 4390 Quid
436 4335 502 4376 vero
525 4336 608 4396 agere
623 4321 716 4378 nititur
736 4321 763 4376 in
779 4323 829 4380 bae
883 4323 986 4398 alapas,
1001 4325 1035 4382 ad
1050 4337 1175 4396 mortem,
1192 4334 1219 4382 et
1233 4327 1454 4384 mortemcrucis.
1470 4327 1525 4384 Sed
1536 4328 1679 4386 manifeste

27 4411 107 4477 parte
123 4409 253 4472 senaar,
265 4405 316 4461 nisi
334 4416 364 4463 ut
379 4408 511 4465 adversus
531 4409 744 4468 consolationem
764 4411 828 4468 fidei
884 4413 963 4470 etiam
975 4413 1080 4470 leonem
1097 4423 1123 4470 te
1138 4413 1304 4472 conculcavit
1319 4415 1374 4472 Leo
1398 4415 1433 4472 de
1449 4415 1519 4472 tribu
1534 4417 1614 4472 luda.
1636 4417 1682 4474 Sic

27 4508 121 4548 aurem
136 4493 227 4549 cordis
241 4494 364 4551 obstruat
377 4503 405 4552 et
418 4498 549 4554 obturati
565 4497 620 4555 Sed
635 4514 689 4555 non
711 4498 828 4572 proiecit
884 4511 911 4559 et
929 4503 1071 4561 adversum
1087 4519 1148 4570 nos,
1159 4505 1265 4572 iratres,
1280 4512 1308 4560 ut
1322 4504 1349 4560 iu
1364 4504 1474 4561 coeteris
1488 4505 1614 4561 omnibus
1636 4507 1678 4561 vi-

26 4581 152 4638 inimicua
166 4580 193 4637 in
205 4597 250 4655 eo,
260 4598 313 4638 nou
324 4583 394 4640 illius
404 4587 539 4657 praeclusit
555 4587 688 4654 auditum,
708 4589 754 4661 qui
765 4590 800 4644 ait
819 4611 825 4646 ε
883 4591 952 4648 derit
967 4605 1028 4651 sesa
1042 4591 1208 4660 frustratum,
1227 4600 1283 4650 toto
1292 4595 1347 4664 jam
1362 4593 1452 4650 lurore
1463 4593 1678 4665 persecutionem

28 4671 195 4729 Nontasolo
207 4688 281 4744 pana
292 4673 360 4729 vicit
373 4673 655 4734 tomorsediaomai
666 4677 829 4750 uerboqaod
882 4680 1002 4746 suscitat,
1018 4681 1104 4753 qualis
1126 4697 1181 4738 non
1206 4681 1286 4737 luerit
1309 4682 1343 4736 ab
1358 4680 1444 4748 initio,
1459 4689 1489 4736 ut
1508 4682 1679 4740 vehementia

26 4755 321 4828 proceditdeo'rcltci.
336 4761 567 4836 Nomiueequed
582 4762 637 4819 ait:
655 4768 717 4822 litae
732 4769 828 4824 emata
883 4763 1060 4825 tribulationis
1088 4785 1203 4845 regnum
1217 4769 1329 4826 caeleste
1357 4769 1530 4840 sperantibus
1549 4771 1678 4840 interclu-

26 4845 692 4920 tiln'dabo,siprocideosadcraocrismailletii.
707 4869 747 4925 iv,
758 4857 825 4927 3-9)‚
881 4858 936 4914 dat.
948 4857 1130 4919 Felixanima.
1145 4865 1243 4930 quaeet
1263 4857 1352 4930 ipsum
1380 4857 1488 4914 leonem
1501 4860 1605 4931 potenti
1628 4863 1680 4918 vir-

26 4933 53 4988 in
67 4933 170 4990 malum
183 4934 336 4991 insidiantis
351 4937 511 4996 suadibilem
531 4941 638 4998 sibilum
652 4943 826 5000 animadver-
882 4953 938 5004 tute
953 4947 1126 5017 conculcans,
1140 4945 1272 5004 violenter
1295 4945 1360 5001 illud
1390 4963 1487 5019 rapere
1501 4949 1675 5020 praevalebit!

29 5022 74 5096 tite
103 5023 241 5080 draconis.
275 5023 379 5080 Ferunt
401 5025 476 5082 illum
502 5029 529 5084 in
551 5045 635 5087 arena
663 5029 823 5101 latitantem,
917 5040 944 5092 9.
970 5037 1010 5092 Ex
1037 5037 1089 5092 hee
1107 5036 1209 5107 itaque,
1234 5033 1410 5101 dilectissimi,
1442 5045 1570 5108 numam
1593 5055 1677 5111 super·

26 5109 107 5167 etiam
121 5127 187 5169 aves
202 5113 327 5170 volantes
342 5113 408 5169 flatu
425 5117 561 5174 attrahere
572 5127 719 5177 venenato.
736 5121 824 5190 Quam
880 5123 1002 5196 aspidem
1019 5131 1046 5180 et
1060 5122 1214 5181 basiliscum
1229 5123 1334 5181 mutius
1357 5133 1385 5181 et
1393 5124 1532 5182 sollicitius
1555 5128 1676 5185 ambule-

27 5207 176 5256 veneuatus
203 5202 247 5259 bic
266 5201 347 5259 flatus
362 5201 426 5259 luit:
452 5207 514 5262 Hauc
527 5210 625 5266 omnio
641 5209 693 5266 tibi
706 5209 785 5276 dabo,
802 5214 828 5269 si
881 5214 1116 5271 mandassemus
1140 5228 1247 5270 omnem
1272 5212 1391 5270 radicem
1419 5215 1619 5282 amarandus,
1647 5227 1677 5274 ut

27 5289 173 5356 procidens
187 5291 347 5352 adoraveris
359 5293 420 5350 aaa!
434 5293 534 5350 Verum
549 5312 604 5352 uon
618 5305 678 5353 erat
687 5297 738 5354 ista
756 5317 828 5372 quae
882 5317 963 5358 nemo
978 5307 1100 5358 nestrum
1114 5302 1226 5358 mordax
1241 5301 1402 5366 inveniatur,
1417 5319 1499 5360 nemo
1517 5304 1604 5359 audax
1634 5307 1677 5362 vel

28 5365 253 5436 libetavistuibil
262 5380 349 5453 potuit
363 5379 488 5438 draconis
506 5383 586 5440 flatus
599 5385 632 5440 ad
649 5384 731 5444 illam.
882 5390 991 5458 ardeus,
1007 5405 1087 5447 nemo
1101 5389 1274 5447 inexorabilis
1301 5401 1347 5446 aut
1379 5390 1499 5447 rebellis.
1530 5392 1588 5449 Nec
1612 5411 1677 5453 vero

63 5467 89 5521 t.
106 5464 280 5525 Debasilisce
310 5469 375 5540 quid
399 5469 744 5531 dicemustuonstruesus
767 5493 826 5534 coe-
882 5481 1010 5537 deorsum
1020 5479 1157 5536 miuamus
1171 5495 1229 5547 nos,
1245 5479 1293 5536 sed
1307 5479 1532 5536 transcendamus
1543 5489 1571 5538 et
1586 5491 1675 5542 trans-

31 5553 96 5648 teris
110 5553 168 5610 solo
184 5555 242 5613 visu
258 5557 525 5628 bomineminficcre,
542 5571 569 5618 et
589 5563 742 5620 interlicere
762 5581 826 5637 per·
882 5567 987 5625 iliamus
1006 5568 1099 5642 [alica
1120 5568 1300 5642 transeamus]
1315 5567 1441 5625 lethalem
1456 5569 1549 5644 gloria
1569 5578 1676 5648 tempo·

31 5637 146 5698 bibetur.
172 5644 204 5698 Ni
219 5644 306 5736 fallor,
323 5663 393 5704 vana
420 5649 576 5721 gloriaest.
607 5651 705 5720 Videte,
727 5654 825 5726 iuquit,
881 5658 945 5713 ralis
960 5659 1092 5728 obtutum,
1118 5665 1148 5713 ut
1171 5657 1308 5730 quomodo
1331 5657 1536 5731 scriptumest:
1558 5651 1676 5724 Frustra

32 5743 64 5783 uc
75 5731 225 5800 justitiam
236 5741 359 5793 cestram
368 5739 485 5808 factatis
499 5756 595 5798 coram
609 5742 780 5811 bominibus,
793 5750 826 5802 ut
880 5749 988 5819 iacitur
1002 5753 1061 5806 rate
1070 5741 1143 5807 'uate
1157 5749 1250 5807 oculos
1267 5753 1458 5823 pennatorum
1475 5751 1567 5824 (Pron.
1582 5772 1604 5824 1,
1620 5756 1675 5826 ta),
