4086 6344
140 405 194 468 tus
786 397 957 463 ambabus
971 400 1009 463 lll
1026 401 1180 466 emitti.
1372 417 1375 423 “
1731 403 1792 470 85¹.

141 531 292 591 meandum
318 530 387 589 illud
411 550 419 587 ε
442 532 677 590 inveteraverant
695 544 758 586 carc
775 543 848 598 mea,
864 530 933 587 dum
951 543 974 620 Α
990 529 1155 588 confoderat
1168 530 1290 604 Denique
1302 529 1348 603 qui
1367 519 1554 604 abinsqirm,
1567 532 1610 590 dui
1623 539 1668 588 est
1681 533 1791 588 mnus?

141 623 297 680 clamarem
314 624 375 680 teta
390 620 436 676 die
446 619 532 690 (Psoi.
548 631 628 685 ιιιιιι,
644 618 681 688 3).
698 617 787 673 Pudet
800 615 934 673 reminisci
990 619 1092 688 (dccli.
1110 634 1171 686 arv,
1182 620 1222 690 5.)

141 709 323 780 quorumdam
345 715 449 764 tantun
469 705 643 777 proterviam,
658 710 756 762 utnon
777 705 877 774 pudeat
890 719 939 760 sot
1028 711 1072 764 ts.
1098 709 1138 766 Sit
1166 715 1253 764 auum
1274 714 1302 762 et
1329 706 1416 762 fidelis
1429 706 1576 776 confessio,
1592 716 1622 764 nt
1633 709 1790 767 confitearis

141 814 203 855 ovnn
225 796 403 854 exsultatione
431 794 549 869 lugenda
574 792 710 863 iactitare,
733 792 807 865 qaod
828 800 855 850 et
877 799 940 864 post
991 795 1019 851 in
1047 811 1104 868 spe,
1119 795 1153 850 de
1172 795 1335 866 indulgentia
1358 793 1465 864 penius
1479 809 1533 850 uon
1547 793 1683 863 diflidens,
1694 812 1729 853 ns
1743 806 1790 854 tuo

141 895 297 960 suseeptum
319 890 442 941 sanetum
463 882 583 939 habitum
596 881 693 938 callide
706 880 859 954 quempiam
874 897 938 952 sup·
994 891 1019 938 te
1046 898 1094 940 ore
1114 899 1170 940 non
1197 895 1252 939 tam
1264 881 1406 952 justifices,
1423 897 1502 952 quarn
1518 883 1691 940 condemnes.
1706 886 1791 940 iudas

142 973 331 1045 plantaverint,
345 982 372 1028 et
390 972 617 1030 circumvenerint
629 969 659 1025 in
680 967 789 1042 negotio
809 968 937 1036 iratrem;
993 980 1068 1029 certe
1097 972 1217 1042 proditor
1247 970 1364 1040 Domini,
1389 977 1416 1025 ιι
1431 970 1495 1026 Cain
1517 969 1653 1027 fratricida
1671 973 1789 1028 contessi

141 1070 189 1118 aut
201 1061 274 1133 quod
290 1059 419 1116 talionem
434 1073 483 1130 pro
496 1057 621 1117 convicio¹
633 1057 841 1124 velmaledicto,
856 1057 882 1112 id
898 1063 939 1113 est
994 1069 1065 1127 snat,
1080 1067 1108 1118 et
1122 1059 1205 1116 dillisi
1220 1067 1296 1116 sunt:
1313 1059 1380 1115 alter
1396 1079 1403 1115 ε
1430 1051 1556 1123 Perconi,
1571 1057 1659 1130 inquit
1674 1060 1790 1120 trudeat

143 1150 244 1206 arulum
267 1163 316 1219 pro
339 1147 429 1215 malo;
452 1155 500 1204 aut
523 1147 699 1204 maledictum
717 1161 770 1218 pro
796 1146 938 1204 maledicto
993 1151 1165 1222 sanguinem
1179 1151 1296 1222 justum
1309 1149 1424 1217 (llattlr.
1440 1163 1530 1215 ιιιινιι,
1552 1148 1595 1218 ι),
1610 1149 1691 1205 alter:
1705 1151 1791 1219 liajor

142 1239 272 1294 audacter
284 1234 460 1293 reddiderint.
994 1245 1036 1298 est
1050 1240 1189 1313 iniquitat
1203 1253 1276 1310 mea,
1294 1255 1382 1313 qaam
1404 1242 1438 1294 at
1455 1237 1568 1295 versiam
1581 1251 1695 1294 merear
1708 1237 1790 1306 (Gen.

180 1328 223 1382 to.
238 1323 291 1380 Sed
306 1330 348 1380 cst
369 1322 506 1380 consessio
527 1337 560 1378 eo
579 1322 758 1393 periculosius
779 1322 868 1388 noma,
884 1337 938 1395 quo
994 1345 1033 1394 ιι,
1065 1329 1128 1398 13);
1152 1335 1179 1384 et
1206 1344 1286 1384 verax
1306 1327 1380 1392 lieet,
1405 1325 1443 1381 nil
1475 1325 1515 1381 eis
1540 1324 1647 1397 proluit
1675 1323 1791 1380 infidelis
1848 1371 1857 1380 .

144 1412 270 1470 subtilius
278 1425 357 1477 vana,
365 1425 431 1467 marn
444 1410 504 1482 ipsa
516 1409 597 1468 etiam
611 1411 753 1468 inhonesta
767 1419 794 1469 ιι
807 1413 895 1482 turpia
903 1412 939 1467 de
994 1417 1139 1476 confessio.
1165 1418 1212 1474 llae
1232 1417 1323 1489 itaque
1339 1424 1393 1472 tres
1406 1413 1585 1471 confessionis
1601 1411 1789 1481 observantiae,

144 1499 938 1574 nobisdeteqerenonieremur,nonquiahumilessnmas,
991 1507 1092 1576 junctae
1114 1513 1230 1577 quatuor
1247 1503 1433 1579 superioribus
1455 1503 1683 1574 compunctionis,
1698 1508 1790 1575 septa·

144 1592 191 1647 sod
206 1599 235 1646 ut
247 1587 308 1646 eise
322 1593 460 1658 putemur.
476 1585 614 1657 tppctare
626 1595 718 1642 autem
733 1587 768 1641 de
787 1584 940 1642 bumilitate
994 1593 1102 1650 nemum
1116 1592 1238 1662 implent.
1352 1619 1359 1634 ·
1696 1656 1698 1658 ,

143 1679 261 1743 taudem,
282 1674 444 1734 humilitatis
457 1683 508 1744 est,
529 1689 586 1730 non
605 1675 703 1739 virtus,
719 1673 768 1728 sed
787 1672 938 1730 subversio.
1032 1681 1076 1734 re.
1094 1679 1153 1736 iarn
1167 1694 1233 1748 vero
1256 1679 1297 1734 sic
1322 1686 1509 1750 compunctus,
1529 1688 1557 1736 et
1579 1679 1618 1736 sic
1639 1679 1790 1750 confessus,

147 1768 231 1822 Verus
251 1764 358 1822 humilis
372 1763 434 1822 vilis
445 1763 503 1820 vult
525 1763 655 1834 reputari,
672 1776 727 1820 non
742 1761 852 1818 humilis
867 1778 941 1834 prm·
996 1782 1028 1823 ue
1050 1765 1160 1838 propria
1185 1766 1298 1838 proinde
1328 1776 1419 1851 cemus
1443 1769 1477 1822 de
1499 1767 1564 1838 vita,
1579 1778 1670 1826 certus
1684 1782 1792 1840 qnoque

143 1854 237 1914 dicam
250 1853 358 1911 Gaudet
376 1858 530 1924 contemptu
548 1850 601 1918 sni,
616 1852 668 1908 bec
683 1849 741 1906 salo
760 1865 826 1906 sane
843 1865 940 1922 super·
957 1814 979 1891 Β
995 1855 1171 1912 nihilominus
1215 1869 1256 1920 es,
1299 1863 1330 1910 nt
1352 1854 1478 1920 arbitror,
1511 1871 1597 1912 vacuo
1626 1871 1794 1929 nequaquam

144 1944 204 2010 bus,
220 1942 293 2015 qaod
307 1940 404 1996 laudes
416 1938 574 1998 contemnit.
584 1937 657 2007 Quid
672 1937 834 2010 perversius,
844 1939 943 2010 quidve
997 1943 1108 1998 nomine
1125 1941 1256 2015 appellari
1270 1941 1372 2012 iesum,
1386 1957 1458 2010 enm,
1472 1942 1561 2011 quiin
1576 1953 1602 1998 ta
1617 1943 1683 1998 talia
1696 1943 1793 1999 valuit.

145 2031 302 2101 indignius,
327 2044 407 2100 qnam
433 2036 464 2085 ut
500 2025 658 2084 humilitatis
685 2033 779 2086 eustos
806 2026 942 2085 contessio
997 2037 1025 2085 et
1043 2029 1129 2086 voluit
1142 2028 1261 2101 operari,
1277 2043 1329 2085 nec
1343 2043 1439 2097 vacue,
1456 2029 1629 2085 subsecutum
1641 2030 1725 2085 fuisse
1739 2031 1793 2084 ba-

144 2118 279 2190 suparbiae
298 2117 405 2186 militet,
428 2117 531 2174 atinde
555 2116 624 2174 velis
646 2117 729 2174 videri
750 2115 854 2182 melior,
871 2115 943 2172 unde
995 2117 1179 2189 culumquem
1196 2117 1372 2187 prmnriserat.
1396 2117 1457 2172 Non
1474 2117 1549 2172 venit
1563 2131 1649 2174 vacue
1664 2117 1727 2189 quia
1740 2131 1795 2172 non

144 2209 245 2266 videris
260 2206 403 2264 detemori
421 2205 543 2262 Mirabile
564 2204 699 2276 jactantiae
722 2221 819 2277 genus,
834 2213 864 2259 ut
886 2219 943 2260 nen
996 2206 1069 2263 venit
1082 2206 1274 2262 vacuus.Nam
1282 2205 1419 2276 quemme
1434 2204 1648 2277 vacuus,inquo
1665 2205 1796 2262 habitavit

147 2295 233 2369 possis
246 2296 334 2367 putari
352 2301 468 2358 sanctum
483 2293 505 2348 si
521 2305 575 2348 nou
591 2307 722 2364 appareas
736 2291 892 2349 redemtus.
907 2293 944 2350 tt
997 2292 1159 2364 plenitudo?
1177 2295 1273 2365 Neque
1286 2293 1359 2350 enim
1387 2293 1414 2348 ei
1440 2293 1520 2350 datus
1542 2295 1628 2350 estad
1644 2309 1795 2351 mensuram

145 2382 355 2442 taliseoalcssio
375 2381 494 2454 speciem
507 2381 609 2438 babens
623 2379 792 2449 humilitatis,
808 2393 863 2436 uon
886 2379 942 2436 vir·
996 2381 1117 2454 spiritus.
1146 2381 1268 2454 Denique
1295 2388 1322 2437 et
1343 2381 1415 2438 vonit
1438 2383 1466 2438 iu
1487 2380 1652 2451 plenitudine
1667 2382 1796 2452 temporis

146 2469 599 2540 tutem,nontolumveniamnou
620 2465 943 2536 meretur,18wsed
996 2471 1103 2542 (Galat.
1132 2485 1171 2535 ιι,
1188 2471 1227 2542 ι),
1241 2471 1353 2542 plenum
1380 2468 1602 2540 proluderenire
1616 2485 1646 2526 ac
1660 2469 1795 2526 indicans.

145 2569 173 2618 st
187 2565 314 2632 provocat
331 2557 411 2615 iram.
428 2557 555 2631 Nunquid
570 2556 672 2631 proluit
685 2556 761 2622 Saul,
776 2557 849 2628 qnod
864 2573 894 2614 se
908 2557 943 2613 ad
995 2559 1070 2616 Bene
1092 2559 1212 2628 plenum,
1244 2574 1326 2630 quem
1346 2557 1422 2616 unxit
1436 2560 1514 2614 Pater
1539 2557 1600 2614 olea
1624 2557 1723 2614 laetitias
1737 2575 1795 2629 prae

146 2648 358 2719 increpationem
395 2646 529 2704 Samuelis
556 2659 681 2716 peccam
708 2644 846 2702 noniessus
875 2647 943 2703 esti
996 2646 1168 2704 consortibus
1189 2645 1247 2702 suis
1268 2647 1356 2716 (Paul.
1381 2661 1461 2718 univ,
1485 2646 1534 2718 8);
1569 2645 1645 2702 unxit
1671 2653 1699 2702 et
1722 2647 1796 2705 amisit

144 2737 173 2807 (l
193 2739 257 2809 liep.
282 2751 333 2803 xv,
357 2736 414 2805 eo.)
429 2733 578 2808 culpabitis
604 2734 698 2806 procul
723 2733 807 2791 dnbio
827 2733 880 2790 luit
897 2733 942 2789 illa
996 2735 1105 2806 plenum
1130 2735 1225 2807 gretiae
1250 2742 1277 2790 et
1296 2733 1412 2792 veritatis
1440 2735 1533 2806 ileon.
1563 2749 1583 2800 r,
1598 2733 1653 2805 tt).
1671 2734 1752 2790 Unxit
1767 2743 1796 2792 ut

144 2825 294 2891 confessio,
310 2839 372 2896 quae
385 2823 492 2894 eulpam
507 2837 561 2880 non
575 2821 662 2880 diluit.
678 2821 793 2893 Quando
806 2822 877 2880 enim
891 2823 942 2878 bu·
997 2829 1119 2896 ungeret.
1135 2823 1281 2880 Omnesab
1291 2838 1325 2878 eo
1345 2823 1416 2878 uncti
1432 2832 1504 2894 sunt,
1519 2824 1564 2893 qni
1580 2823 1614 2877 de
1629 2821 1796 2891 plenitudine

145 2913 238 2970 milam
252 2919 439 2972 mutenrneret
456 2909 656 2971 confessionem
670 2911 825 2969 humilitatis
843 2911 942 2985 magis·
996 2908 1056 2980 ejus
1070 2916 1228 2966 meruerunt
1242 2910 1373 2980 accipere.
1394 2909 1455 2964 lateo
1475 2910 1530 2966 ait:
1544 2910 1669 2982 Spiritus
1684 2911 1796 2966 Dcmiai

143 3009 196 3070 ter,
208 3007 239 3058 st
262 3001 308 3058 eni
321 2999 470 3058 humilibus
484 3000 551 3056 dare
566 3000 679 3072 gratiam
700 3011 772 3058 certe
794 2999 942 3075 ingenitum
995 3015 1082 3071 saper
1094 3016 1148 3070 me,
1164 3016 1193 3058 ec
1206 2999 1278 3071 quod
1291 3001 1411 3058 eareat
1429 3015 1485 3062 me,
1512 2998 1548 3054 ad
1561 2998 1797 3055 concertandum

144 3091 209 3149 etti
220 3088 340 3149 Omnino
353 3103 408 3144 nnn
423 3095 529 3160 poterat
545 3103 598 3145 non
609 3089 721 3160 placari,
736 3089 759 3144 si
774 3105 834 3161 quan
848 3089 876 3144 in
891 3104 938 3145 are
996 3090 1153 3145 mameae
1168 3088 1248 3143 arisit
1261 3103 1324 3155 mc;
1335 3091 1370 3142 ut
1382 3085 1508 3143 nudarer
1516 3087 1649 3146 contritis
1661 3085 1753 3150 corde,
1763 3089 1798 3141 at

144 3177 245 3242 mani,
259 3176 287 3232 in
300 3178 384 3232 carde
397 3175 529 3232 radiasset
541 3175 689 3232 humilitas.
704 3176 772 3232 licre
785 3191 834 3232 cur
846 3175 939 3233 bumi·
995 3175 1564 3251 praedicaremcaptiat'riadalpcaticm,et
1584 3175 1690 3230 clausis
1718 3187 1800 3246 aper·

145 3267 200 3322 lem
214 3279 274 3323 esse
287 3264 388 3322 debere
407 3263 607 3321 mulesaienem
621 3264 687 3319 diri.
997 3268 1154 3332 tioaemmt
1170 3265 1359 3336 predicarem
1371 3279 1483 3321 cacam
1497 3263 1667 3336 placabilem
1680 3263 1798 3319 Domine

182 3357 226 3408 ll.
247 3353 360 3425 Oportet
383 3359 477 3410 ιιιιιιιι
502 3367 563 3410 ease
588 3361 615 3406 et
641 3351 802 3422 simplicem.
818 3352 879 3409 Non
895 3353 942 3408 in·
997 3351 1410 3423 (lsai.1.rr1,l,2).l'eniebat‚
1431 3349 1798 3418 urauciaunreraeoutri·

145 3442 291 3498 maionem
314 3441 395 3512 (lorte
414 3441 477 3513 qnia
500 3441 563 3497 latet
586 3439 720 3512 hemines)
738 3457 871 3498 excusare
892 3441 941 3496 de·
998 3445 1085 3498 dones
1097 3446 1215 3510 nostras,
1236 3455 1267 3495 ae
1279 3438 1362 3494 lenire
1378 3441 1504 3496 delores:
1518 3439 1637 3509 meoque
1651 3437 1799 3494 venitunc-

144 3529 232 3598 luctet,
254 3529 279 3584 si
293 3531 328 3586 sit
348 3545 411 3593 ream
429 3544 478 3584 nee
498 3528 618 3600 levigare
637 3528 755 3600 culpam,
770 3545 831 3601 quae
852 3528 944 3602 gravis
997 3539 1052 3597 tua,
1070 3531 1311 3584 venitmansuetus
1324 3535 1351 3582 et
1364 3527 1446 3596 mitis,
1462 3525 1590 3584 etmultae
1603 3525 1798 3582 misericordie

145 3625 205 3684 est;
235 3634 286 3676 nee
312 3617 401 3680 alieno
427 3618 589 3674 adumbrare
617 3635 717 3687 suasu,
741 3635 802 3676 cum
831 3618 944 3676 invitum
998 3616 1125 3674 omnibus
1152 3615 1337 3674 invocantibus
1352 3631 1392 3672 se.
1420 3614 1527 3674 Sciebat
1554 3630 1582 3670 se
1609 3615 1642 3670 ad
1676 3611 1798 3670 infirmos

144 3722 227 3770 nemu
258 3709 386 3779 mouerit.
413 3707 532 3764 Primum
559 3707 625 3766 iliud
652 3723 708 3766 non
734 3707 870 3766 confessio
892 3715 944 3777 est,
999 3704 1356 3776 dessendere,exhibuitque
1366 3705 1471 3777 qualem
1481 3703 1609 3775 oportuit.
1625 3703 1658 3758 Et
1671 3701 1797 3774 quoniam

145 3797 195 3854 sed
214 3795 355 3864 delensio;
379 3809 429 3852 nec
456 3797 563 3866 placat,
587 3795 633 3850 sed
658 3804 801 3865 prouocat.
825 3797 947 3869 Sequens
997 3794 1090 3854 multae
1118 3801 1197 3851 erant
1225 3791 1406 3864 infirmitates,
1432 3792 1518 3850 multa
1543 3807 1653 3864 quaque
1669 3791 1798 3862 prouidus

145 3889 283 3943 monstrat
304 3881 548 3955 ingratitudinem,
568 3890 596 3940 et
620 3899 674 3955 quo
698 3885 787 3940 minor
809 3895 946 3956 reputatur
1000 3883 1122 3940 medicus
1136 3881 1310 3940 medicamina
1322 3883 1427 3940 curavit
1435 3880 1544 3938 alierra.
1560 3879 1659 3938 Attulit
1673 3881 1798 3953 spiritum

143 3972 236 4044 calpa,
253 3985 289 4028 aa
310 3969 438 4029 minuitur
462 3979 490 4026 ιι
512 3971 602 4045 glorie
622 3971 777 4030 indultoris.
799 3973 853 4030 Sed
873 3977 945 4032 eninr
1001 3971 1140 4043 sapientiae
1160 3980 1189 4027 et
1211 3969 1371 4037 intellectus,
1406 3969 1530 4042 spiritum
1550 3968 1657 4026 condit
1674 3977 1703 4025 et
1720 3968 1796 4026 iorti-

146 4061 237 4116 rninus
255 4057 368 4114 libenter
388 4057 549 4116 beneficium
562 4059 654 4127 datur,
669 4063 744 4132 quod
763 4062 852 4120 minus
869 4071 947 4136 grate
1002 4060 1111 4126 tudinis,
1127 4058 1249 4130 spiritum
1277 4057 1395 4116 scientiae
1418 4067 1447 4114 et
1470 4057 1589 4128 pietatis,
1619 4065 1647 4111 ιι
1672 4057 1796 4128 spiritum

146 4147 271 4206 minusve
307 4145 460 4204 necessarie
496 4147 643 4218 provenire
679 4151 803 4206 sentitur.
835 4150 945 4208 Veniam
1002 4149 1106 4208 timoris
1118 4145 1236 4204 Domim.

146 4235 260 4308 proinde
269 4234 321 4292 sibi
331 4236 478 4307 abjudicat,
489 4236 537 4308 qui
548 4252 648 4292 munus
656 4237 794 4312 largitoris
805 4247 945 4297 euenum:
1038 4239 1081 4292 tt.
1110 4237 1192 4293 vides
1214 4241 1282 4308 quot
1299 4236 1402 4306 pbialas
1415 4235 1511 4306 plenos
1533 4232 1715 4292 odoramentis
1737 4248 1796 4290 ιω-

147 4323 349 4397 quodquidam
368 4324 458 4381 omnis
481 4324 528 4395 qui
551 4334 656 4383 reatum
680 4342 757 4384 suum
772 4329 863 4385 uerbis
876 4329 944 4384 alle-
999 4325 1076 4382 lestis
1089 4324 1210 4380 medicus
1224 4323 1384 4394 preparavit
1397 4323 1431 4378 ad
1455 4322 1575 4384 sananda
1587 4323 1701 4382 vulnera
1725 4321 1798 4380 illius

147 4414 221 4470 viare
235 4419 358 4484 conatur,
377 4411 451 4474 lacit.
472 4413 532 4468 iam
546 4430 563 4469 a
579 4420 717 4484 postremo
731 4415 811 4488 primi
827 4418 944 4474 bortrinis
958 4390 981 4466 fl
996 4414 1099 4482 miseri,
1112 4413 1159 4483 qui
1174 4412 1264 4470 incidit
1282 4413 1311 4468 in
1321 4412 1466 4470 latrones?
1477 4413 1585 4484 Septem
1595 4419 1657 4470 sunt
1671 4425 1797 4488 nurnem,

146 4501 314 4566 dehortetur,
333 4500 500 4572 exemplam,
514 4517 564 4558 nee
587 4500 695 4572 eulpam
716 4503 849 4576 siquidem
870 4505 944 4562 diffi-
997 4511 1102 4574 septem
1115 4498 1225 4560 tuta
1249 4500 1363 4558 lortasse
1378 4500 1496 4570 pretatis
1521 4500 1728 4558 oscitationibus
1751 4514 1799 4556 aa·

142 4589 240 4654 tantis,
255 4603 304 4646 nae
326 4599 415 4644 tamen
434 4590 627 4663 consequentis
642 4590 745 4648 venum
763 4607 817 4650 noa
832 4593 946 4651 dubium
997 4589 1111 4647 citandis
1139 4589 1360 4646 accommodatae.
1394 4588 1514 4659 Spiritus
1541 4587 1613 4644 enim
1641 4589 1703 4647 ritas
1741 4595 1800 4642 erat

141 4675 216 4749 quin
234 4676 270 4734 ob
294 4686 384 4732 reatus
397 4677 521 4734 mulieris
538 4678 828 4752 admistionemfflea.
846 4697 887 4747 ru,
904 4683 945 4754 2).
999 4679 1027 4736 in
1056 4676 1160 4749 phialis.
1191 4677 1230 4732 Ex
1249 4676 1291 4731 bis
1321 4675 1442 4746 proiecto
1476 4674 1574 4732 infudit
1616 4674 1703 4733 oleum
1732 4675 1800 4732 ineis

148 4765 244 4822 Genus
265 4764 446 4832 excusationis
460 4775 511 4833 eat,
526 4781 586 4824 eum
602 4767 723 4839 argueris
747 4777 788 4836 tu,
802 4769 885 4826 aliurn
904 4771 947 4826 in·
999 4764 1170 4834 vrdrrcribus;
1199 4761 1297 4822 inludit
1323 4769 1351 4817 et
1388 4761 1491 4830 vinum,
1523 4763 1571 4824 aad
1599 4762 1689 4822 miuus
1716 4777 1799 4834 quem

147 4853 262 4912 ιιιιιὼο.
278 4853 363 4909 Ριιιο
385 4868 514 4910 excusare
534 4865 560 4912 te
575 4855 643 4914 velle
667 4855 774 4926 quando
793 4857 947 4928 corriperis,
991 4852 1067 4927 olel.
1094 4853 1140 4910 Sic
1172 4866 1268 4923 nempe
1294 4851 1462 4923 congruebat
1493 4849 1694 4910 infirmitatibus
1721 4850 1798 4918 meu,

149 4941 291 5015 quamsit
320 4957 376 5000 nvn
403 4942 485 5002 mode
506 4941 616 5001 rainime
641 4942 820 5012 fructuosum,
849 4945 896 5001 sed
922 4954 950 5001 et
1003 4958 1032 5005 ut
1053 4946 1265 5004 nisedmrdiam
1287 4943 1498 5016 superexaltaret
1528 4945 1641 5015 judicio,
1666 4947 1800 5018 quemad·

149 5028 480 5099 pernicissimarum
496 5031 740 5105 Davidinterroga.
758 5034 950 5106 Verbaaenrpe
1001 5039 1114 5096 modun
1143 5035 1206 5092 rino
1239 5035 1330 5092 oleum
1357 5032 1527 5103 superfertur
1546 5034 1677 5098 inlusum.
1706 5034 1802 5092 Attulit

148 5119 283 5184 matitia
299 5121 538 5180 cremationem
552 5121 820 5194 peecaiuappellat,
834 5139 866 5178 ne
881 5125 952 5178 inea
1006 5127 1119 5198 proinde
1151 5125 1271 5200 quinque
1297 5123 1381 5183 cados
1408 5121 1476 5192 olei,
1500 5121 1556 5182 viui
1580 5123 1694 5178 nonnisi
1720 5123 1799 5178 duos.

150 5204 268 5264 deatum
288 5223 336 5266 eor
359 5221 440 5264 suum
456 5223 557 5280 rogans
571 5217 599 5264 et
616 5209 771 5280 supplicans
784 5213 874 5281 (Paci.
889 5227 955 5280 orn,
1006 5216 1104 5273 Vinum
1134 5213 1266 5288 siqnidem
1290 5213 1369 5270 timor
1390 5221 1492 5270 tantum
1515 5219 1542 5270 et
1561 5211 1692 5270 formato
1728 5209 1802 5268 luere

152 5297 191 5365 l).
214 5295 308 5354 tlerito
333 5297 455 5369 qnidam.
471 5298 501 5353 ln
515 5297 632 5355 animam
646 5301 747 5356 etenim
767 5315 843 5356 snam
863 5304 954 5370 peccat
1007 5305 1112 5376 reliqua
1124 5305 1245 5376 quinque
1259 5303 1351 5359 oleum
1365 5301 1476 5371 propria
1490 5301 1623 5358 suavitate
1647 5299 1801 5372 designant.
1873 5340 1878 5352 .

149 5386 199 5457 qui
222 5392 386 5450 marcuart,
401 5386 538 5456 repellens
553 5387 667 5457 preinde
689 5403 705 5444 a
727 5404 757 5450 se
778 5388 953 5461 indulgentiae
1004 5393 1035 5452 ln
1063 5392 1160 5464 spiritu
1198 5391 1315 5462 deniqne
1343 5389 1519 5459 lentitudinis,
1549 5401 1677 5462 tncqanm
1708 5396 1805 5460 petens

151 5473 323 5539 morimeam,
338 5485 365 5531 et
388 5474 430 5538 sic
453 5475 535 5532 airam
553 5474 609 5532 sibi
633 5477 742 5547 proprio
761 5492 810 5536 ore
825 5477 953 5538 interula-
1007 5481 1192 5552 crapulatnsa
1211 5481 1273 5538 vino
1298 5481 1386 5552 (Psoi.
1411 5494 1521 5549 nxxvrr,
1538 5481 1596 5550 65),
1615 5475 1757 5540 descendit
1772 5477 1805 5538 ad

145 5566 233 5620 ‚deos
260 5563 293 5618 Et
318 5577 444 5635 quantum
464 5565 555 5634 major
579 5564 691 5632 matitia,
714 5581 793 5636 (tunm
815 5566 953 5636 propriam
1009 5570 1123 5640 inseras,
1153 5565 1286 5627 contrivit'
1305 5577 1395 5641 portas
1424 5583 1518 5635 aereas,
1544 5577 1571 5624 et
1599 5566 1806 5626 vecteslerreos

153 5648 816 5728 armariinsaiutem,etliuqnaetuaetemetipsum
827 5670 955 5716 mucrone
1010 5658 1157 5731 confregit3
1188 5658 1304 5733 alligavit
1323 5656 1431 5728 lartum,
1447 5668 1474 5716 at
1488 5673 1550 5715 vasa
1565 5655 1726 5729 captiuitatis
1750 5653 1803 5710 ari·
