3950 6350
1 583 2 586 ,
76 531 129 592 tos
628 528 664 589 lh
682 526 859 589 subuniti
876 527 991 590 DOMINI
1005 527 1116 592 ‘sartho
1134 531 1156 590 l.
1674 533 1725 594 tto

78 657 179 718 Oricos
192 673 298 717 manen
314 657 362 716 illi
376 655 471 728 (loch.
495 671 533 726 vr,
556 655 610 727 ιι).
634 654 721 711 Hodie
744 654 875 711 adorave—
892 678 915 757 Α
931 655 1054 714 monium
1068 655 1198 729 baptizari
1216 652 1302 715 vulta
1324 654 1439 712 loanne.
1459 655 1563 713 Tremit
1585 657 1640 716 ille.
1654 656 1726 730 Quid

76 755 143 804 runt
154 763 257 806 nouum
276 747 393 822 Virginis
407 753 526 818 partum,
537 754 686 820 sequentes
700 746 763 803 novi
777 745 875 803 sideris
932 745 1051 802 mirum?
1063 746 1138 818 quid,
1153 746 1277 819 inquam,
1297 743 1407 814 mirum,
1422 743 1446 799 si
1461 745 1553 802 tremit
1567 747 1658 817 homo,
1674 763 1739 816 nec,

78 837 204 896 ductum.
214 839 309 894 Nonne
319 835 489 892 ethicnobis
502 844 653 908 estmagna
663 835 822 905 consolatio,
834 836 874 890 si·
931 834 1014 890 audet
1034 833 1169 908 attingere
1189 841 1313 890 sanetum
1327 831 1378 888 Dei
1401 831 1542 902 uerticem,
1559 843 1640 907 caput
1655 836 1723 892 ado·

78 932 126 982 out
138 925 168 981 in
182 925 240 994 illo,
251 926 285 981 de
294 925 441 998 quolocuti
451 941 557 994 sumus,
571 925 694 997 Apostoli
708 925 813 982 verbo?
828 925 875 980 illo
927 922 1046 979 randum
1060 923 1176 995 angelis,
1192 921 1375 980 reverendum
1391 921 1584 992 Potestalibus,
1607 930 1726 981 tremen-

78 1014 146 1070 dixit
158 1016 261 1083 Derim;
274 1014 319 1070 isti
337 1029 392 1071 non
405 1029 483 1084 voce,
504 1011 589 1072 m
606 1015 656 1071 sed
670 1029 754 1085 opere
769 1013 873 1070 ιιιοιιιιι.
930 1009 996 1066 daun
1009 1011 1225 1082 Principatibusl
1239 1009 1372 1081 Baptizari
1385 1009 1438 1078 vis,
1451 1009 1567 1067 Domine
1580 1011 1665 1068 Jesu‘l
1678 1013 1727 1068 Dt-

77 1105 150 1175 Quid
160 1104 257 1175 facitis,
269 1104 582 1178 oblagi‘lQuidlaoitis‘l
592 1105 750 1162 Lactentem
760 1119 877 1176 puerum
931 1101 995 1172 quid
1011 1101 1093 1172 enim,
1108 1108 1155 1156 aut
1169 1099 1233 1172 quid
1248 1099 1297 1155 tibi
1310 1115 1379 1171 opus
1388 1098 1438 1154 luit
1453 1100 1638 1172 baptismate?
1647 1101 1727 1156 Nun-

77 1193 208 1263 adoratis,
228 1193 257 1249 in
271 1193 396 1269 turgurio
410 1193 465 1262 vili,
482 1194 511 1248 in
524 1193 623 1250 vilibus
641 1192 752 1264 pannisl
767 1194 877 1262 Ergone
931 1189 997 1261 quid
1007 1204 1150 1262 sanoopus
1160 1187 1599 1258 estmedioina,autmundatione
1609 1189 1728 1246 mundo?

76 1283 202 1338 Deusest
215 1281 288 1338 iste?
299 1283 375 1337 Deus
389 1289 464 1338 certe
478 1281 507 1337 in
522 1282 624 1352 templo
639 1289 733 1338 sancto
748 1295 808 1350 suo,
824 1281 878 1337 Do·
932 1278 1011 1335 Unde
1027 1277 1075 1333 tibi
1099 1275 1253 1349 peccatum,
1274 1284 1302 1332 ut
1316 1276 1450 1347 baptisma
1474 1275 1510 1332 sit
1523 1276 1728 1333 necessarium?

77 1369 170 1428 minus
183 1370 211 1426 in
226 1370 296 1429 coelo
318 1372 400 1428 sedes
418 1372 493 1442 ejus3
510 1380 538 1428 et
562 1387 611 1430 ros
633 1387 697 1428 eum
712 1369 832 1442 quaeritis
849 1369 878 1424 in
930 1367 1094 1440 Nunquida
1120 1367 1216 1439 patrol
1241 1367 1275 1421 At
1297 1374 1403 1438 patrem
1428 1365 1539 1439 quidem
1562 1366 1658 1436 hobas,
1678 1366 1728 1423 sed

77 1459 124 1517 vili
139 1459 257 1529 stabulo,
279 1459 308 1514 in
321 1458 416 1514 matris
430 1458 547 1529 gremio.
562 1459 634 1528 Quid
649 1458 746 1528 facitis,
764 1459 836 1530 quod
851 1465 878 1514 et
932 1457 1037 1527 Deum;
1054 1464 1081 1512 et
1100 1457 1212 1529 aequalis
1236 1472 1266 1512 es
1289 1455 1337 1527 illi,
1352 1457 1425 1512 Deus
1439 1456 1474 1512 de
1495 1457 1565 1526 Deo,
1585 1457 1677 1512 lumen
1691 1456 1726 1512 de

77 1563 175 1603 aurum
185 1547 311 1604 offertis?
321 1547 394 1620 Ergo
402 1562 451 1602 rex
461 1555 503 1603 est
517 1547 598 1618 ipse‘l
609 1549 644 1603 Et
657 1547 704 1602 ubi
719 1546 779 1602 aula
790 1548 876 1619 regia,
931 1546 1044 1602 lumino.
1059 1547 1128 1602 Narn
1144 1546 1172 1601 in
1191 1548 1280 1626 Deum
1295 1554 1439 1618 peccatum
1457 1545 1556 1602 eadere
1571 1561 1627 1603 non
1646 1559 1728 1618 posse

75 1632 124 1688 ubi
138 1633 261 1702 thronus,
277 1631 324 1688 ubi
346 1632 429 1689 curiae
444 1634 544 1704 regalis
559 1634 735 1706 frequentia?
749 1634 877 1706 Nunquid
932 1635 993 1707 quis
1015 1635 1139 1692 nesciat?
1161 1636 1203 1690 hu
1218 1651 1283 1692 uero
1302 1637 1337 1691 de
1354 1637 1460 1691 Matre?
1483 1635 1555 1691 Nam
1572 1643 1600 1691 et
1612 1635 1729 1691 Matrem

75 1721 139 1777 aula
153 1728 196 1779 est
214 1721 362 1791 stabulum,
387 1723 501 1778 thronus
523 1722 700 1794 praesepium,
716 1722 799 1778 curiae
823 1722 879 1779 ire·
932 1723 1028 1792 habes,
1046 1723 1096 1779 sed
1119 1722 1198 1795 virgo
1212 1731 1266 1783 est.
1283 1723 1361 1794 Quod
1389 1737 1456 1793 ergo
1484 1729 1626 1793 peceatum
1649 1737 1750 1780 exea·

75 1810 189 1880 quentia
202 1810 304 1880 loseph
327 1818 355 1866 et
368 1810 474 1866 Maria?
497 1809 641 1880 Quomodo
665 1810 703 1866 ita
717 1809 877 1881 insipientes
933 1813 1042 1868 trahere
1052 1811 1174 1883 potuisti,
1190 1827 1251 1885 quae
1274 1819 1302 1868 te
1316 1811 1376 1868 sine
1394 1810 1536 1885 iniquitate
1550 1811 1686 1884 concepit,
1701 1815 1730 1870 el

74 1898 140 1954 iacti
156 1907 219 1956 sunt
232 1899 442 1972 adsumentes,
458 1907 487 1956 ut
500 1899 615 1957 adorent
629 1899 774 1972 parvulum
788 1900 878 1971 despi-
932 1900 1006 1958 salva
1033 1900 1190 1974 integritate
1213 1901 1340 1972 peperit?
1365 1899 1452 1970 Quam
1475 1901 1609 1958 maculam
1627 1903 1729 1960 habere

75 1987 195 2045 cabilem
214 1996 269 2045 tam
292 2005 341 2045 sua
356 1997 435 2046 aetate
460 2005 542 2062 quarn
564 1996 728 2062 paupertate
741 1988 877 2046 suorum?
893 1950 915 2029 Β
932 1997 1022 2062 potest
1033 1989 1130 2061 Agnus
1150 1989 1209 2047 sine
1229 1989 1355 2048 macula?
1378 1993 1442 2063 Epo,
1464 1989 1552 2062 inquit
1564 1993 1696 2061 ioannes,
1711 2011 1730 2050 o

75 2076 243 2149 Insipientes
257 2076 320 2133 facti
335 2085 408 2148 sunt,
434 2085 463 2134 ul
487 2076 587 2134 tierent
600 2077 748 2150 sapientes,
767 2086 795 2134 et
807 2093 877 2150 prae·
933 2077 1364 2152 iededeoboptiaori,cituoenia
1374 2078 1728 2152 udmelllcgnaulrirnque

74 2164 346 2236 docuiteosspirilus
356 2165 429 2237 quod
439 2173 534 2236 postea
542 2164 701 2238 praedicanit
709 2165 874 2238 Apostolus:
932 2168 1079 2237 bumihtas,
1095 2169 1144 2224 sed
1154 2167 1228 2224 nulla
1236 2167 1414 2240 comparatio.
1430 2165 1576 2237 Quomodo
1586 2167 1660 2224 enim
1673 2183 1729 2225 non

78 2254 136 2323 Qui
150 2254 213 2310 vult
237 2255 353 2326 sapiens
368 2271 436 2326 csse,
452 2256 560 2312 stultus
583 2257 646 2326 fici,
662 2259 698 2311 ul
713 2256 751 2311 cit
765 2257 877 2327 sopiens
931 2255 1120 2313 humiliaretur
1133 2257 1215 2314 homo
1229 2271 1322 2313 coram
1337 2255 1433 2312 humili
1456 2257 1534 2312 Deo?
1557 2258 1623 2314 Siue
1635 2256 1727 2323 modo,

11 2407 15 2412 ,
74 2341 104 2412 (1
116 2344 176 2400 Cor.
189 2357 230 2410 ιιι,
240 2343 295 2415 ts).
309 2343 380 2413 Quia
390 2344 700 2416 coimpersopieotr'om
710 2343 835 2400 mundos
845 2343 877 2398 ira
931 2345 1019 2416 inquit
1030 2345 1161 2401 Dominus
1177 2347 1271 2403 :decet
1281 2348 1359 2402 enim
1373 2347 1473 2403 siccos
1488 2347 1731 2419 implarecmocrn

73 2432 217 2502 sopicotio
228 2447 281 2488 suo
295 2433 384 2489 ιιειιιιι
392 2448 554 2504 cognoscere
567 2448 624 2490 oon
631 2435 754 2505 poterat,
766 2432 878 2503 placuit
927 2434 1076 2504 justiliam
1091 2429 1204 2504 (Dicito.
1217 2449 1257 2504 ιιι,
1270 2436 1314 2502 ιι,
1331 2434 1387 2506 ιι).
1403 2432 1689 2506 Aequieritloannes‚
1700 2441 1728 2489 et

74 2521 574 2594 Deoperstultitiomprcedicoliortis
585 2522 674 2578 saluos
684 2520 749 2591 fieri
759 2518 877 2576 creden·
931 2519 1052 2576 obedivit
1066 2537 1075 2573 ε
1091 2519 1236 2591 baptizarit
1250 2521 1360 2590 Agnurn
1373 2519 1434 2589 Dei,
1450 2528 1478 2575 et
1487 2535 1573 2590 aquas
1587 2519 1661 2577 lavit.
1671 2519 1728 2578 Nos

76 2611 121 2666 tes
134 2609 158 2680 (l
171 2610 232 2666 Cor.
243 2623 262 2678 1,
279 2610 336 2676 ιι).
348 2609 446 2665 Nonne
464 2609 616 2665 timendum
632 2616 700 2677 erat,
716 2607 825 2676 fratres,
842 2623 877 2663 ue
931 2607 1014 2664 abluti
1034 2623 1138 2675 sumus,
1158 2622 1214 2664 non
1232 2606 1296 2664 ille:
1322 2607 1386 2680 quia
1409 2607 1488 2664 nobis
1510 2607 1635 2665 lavandis
1649 2623 1729 2682 aqua

74 2697 331 2754 scandalizarentur
353 2698 403 2755 viri
426 2697 481 2767 isti,
505 2707 532 2754 et
550 2697 643 2753 illusos
666 2713 697 2753 se
720 2697 875 2767 crederent,
931 2703 1135 2769 cognoscuntur
1148 2695 1257 2753 ablutae.

74 2802 143 2842 cum
162 2793 236 2841 tanta
255 2785 372 2858 indigna
387 2787 570 2844 viderent‘lA
591 2785 667 2859 regia
686 2785 804 2854 civitate,
830 2785 878 2841 ubi
965 2786 993 2838 7.
1008 2781 1063 2840 Sed
1081 2783 1205 2838 fortassis
1223 2783 1314 2839 minus
1329 2783 1420 2839 eredis
1432 2782 1545 2840 loannis
1561 2783 1728 2856 testimonio,

74 2890 175 2945 regern
189 2875 367 2946 quaerendum
382 2877 583 2945 conjectabant,
599 2875 634 2930 ad
651 2873 811 2930 Bethlehem
823 2873 876 2931 vil·
933 2869 1020 2928 199
1031 2871 1095 2944 quia
1109 2877 1137 2925 at
1151 2870 1210 2941 ipse
1225 2873 1307 2928 bomo
1316 2880 1367 2941 est,
1384 2878 1412 2928 et
1426 2879 1504 2944 potes
1514 2872 1617 2928 habere
1632 2889 1728 2944 suspe-

72 2962 132 3028 lam
151 2963 291 3035 parvulam
313 2963 483 3038 diriguntur;
514 2963 706 3037 ingrediuntur
728 2962 875 3032 stabulum,
930 2969 1018 3026 ctunr;
1036 2967 1168 3034 cognatus
1181 2960 1242 3030 ejus
1264 2969 1307 3016 est
1331 2961 1374 3017 cui
1390 2960 1575 3018 testimonium
1590 2961 1727 3033 perhibet.

74 3051 222 3108 inveniunt
243 3051 396 3109 involutum
415 3051 514 3124 pannis
536 3052 710 3110 infantulum.
739 3052 801 3108 Non
824 3049 877 3105 illis
929 3047 1199 3106 Eccetestimonium
1212 3049 1302 3119 majus
1315 3051 1432 3120 loanna,
1449 3049 1728 3108 testimoniumadre·

72 3140 171 3196 sordet
185 3141 508 3212 stabulum,nonpennis
522 3139 710 3208 offenduntur,
726 3154 782 3195 non
797 3153 877 3194 scau-
930 3138 1031 3195 nientis
1056 3136 1200 3195 columbae.
1224 3138 1283 3194 Nec
1317 3137 1468 3210 incongrue
1488 3139 1523 3193 ad
1553 3138 1730 3197 indicandum

73 3228 229 3298 dalizantur
249 3228 374 3284 lactentis
392 3228 521 3300 iniantia;
535 3228 692 3301 procidunt,
710 3233 876 3286 venerantur
930 3229 1039 3302 rignum
1052 3225 1102 3283 Dei
1124 3225 1199 3284 venit
1221 3226 1361 3296 columba;
1387 3227 1450 3298 quia
1465 3227 1532 3282 nihil
1546 3227 1645 3284 melius
1657 3243 1729 3300 agno

73 3325 106 3372 ut
119 3332 225 3389 regern,
249 3317 365 3372 adorant
383 3325 413 3372 ut
430 3318 530 3374 Deum.
543 3317 597 3373 Sed
612 3316 738 3389 prolecto
752 3313 800 3389 qui
814 3313 876 3370 illos
931 3315 1059 3373 convenit
1073 3331 1154 3388 quarn
1168 3315 1304 3372 columba.
1324 3315 1403 3385 Quod
1413 3301 1501 3388 agnus
1514 3315 1542 3371 iu
1554 3315 1728 3388 animalibus,

73 3407 199 3476 adduxit,
222 3405 282 3478 ipse
308 3414 335 3463 et
357 3406 497 3475 instruxit;
513 3414 541 3463 et
560 3406 606 3480 qui
620 3421 671 3479 per
684 3403 790 3462 stellam
810 3403 877 3460 loris
930 3407 983 3460 boc
996 3403 1121 3462 columba
1135 3405 1163 3460 ιιι
1177 3403 1273 3461 avibus
1287 3413 1337 3461 est.
1362 3404 1478 3461 Summa
1496 3405 1637 3479 utriusque
1652 3406 1729 3463 inno·

72 3495 228 3564 admonuit,
245 3495 304 3566 ipse
317 3495 460 3553 inocculto
475 3496 566 3552 cordis
579 3495 699 3552 edocuit.
715 3495 778 3550 llaeo
792 3492 877 3566 igitur
929 3493 1029 3563 centia,
1040 3506 1147 3550 summa
1156 3493 1348 3564 mansuetudo,
1362 3509 1467 3549 summa
1474 3493 1644 3564 simplicitas.
1656 3492 1728 3562 Quid

72 3581 189 3639 Domini
212 3582 359 3640 declaratio
383 3582 540 3641 clarificavit
561 3585 633 3641 hano
651 3583 735 3652 diem,
766 3590 794 3639 et
820 3583 877 3638 lia·
930 3581 1004 3638 enirn
1019 3581 1059 3638 sic
1073 3580 1192 3636 alienum
1214 3582 1248 3637 ab
1269 3581 1344 3636 omni
1368 3581 1480 3653 malitia,
1507 3582 1579 3639 sicut
1599 3591 1729 3654 agnuset

73 3686 178 3744 gerum
200 3670 298 3728 devota
316 3671 457 3729 veneratio
479 3671 605 3729 devoum
627 3671 693 3729 iecit
707 3677 735 3728 et
758 3686 876 3728 venera·
930 3669 1078 3728 columba?
1091 3671 1198 3727 Nocere
1212 3669 1339 3742 cuiquam
1354 3672 1490 3742 nesciunt,
1501 3670 1603 3729 laedere
1616 3687 1671 3728 non
1682 3686 1729 3729 no

74 3766 174 3823 bilem.
930 3768 1038 3818 verunt.
1055 3758 1109 3815 Sed
1124 3775 1158 3814 ne
1179 3759 1290 3816 fortuito
1306 3775 1372 3816 casu
1393 3759 1421 3816 id
1444 3760 1568 3818 euenisse
1596 3761 1726 3832 causeris,

112 3859 142 3910 6.
156 3854 216 3912 Neo
240 3853 298 3912 sola
316 3854 376 3912 baec
389 3855 533 3928 apparitio,
560 3856 609 3912 sed
631 3856 717 3911 altera
738 3855 874 3928 quaedam,
931 3863 996 3905 ecce
1011 3846 1197 3904 testimonium
1218 3847 1269 3904 Dei
1288 3847 1384 3905 Patris.
1399 3849 1472 3906 Ecce
1486 3850 1560 3906 Deus
1574 3849 1726 3920 majestatis

74 3942 149 4000 sicut
159 3959 175 3998 a
185 3943 308 4014 patribus
317 3943 418 3999 nostris
431 3943 599 4015 accepimus,
610 3942 691 3998 hodie
706 3943 875 4014 celebratur;
930 3936 1058 4006 intonuit,
1073 3935 1207 3992 Dominus
1221 3953 1304 4007 super
1316 3951 1401 4009 aquas
1415 3937 1513 3994 multas
1526 3939 1613 4010 (Psoi.
1628 3953 1724 4008 xxvru,

74 4046 150 4102 quaa,
166 4029 218 4086 etsi
240 4028 324 4103 longo
338 4039 400 4101 post
422 4037 556 4104 tempore,
582 4033 654 4089 iacta
681 4031 802 4089 creditur
825 4033 877 4088 boc
931 4029 969 4097 3),
986 4032 1014 4082 et
1034 4023 1094 4081 uox
1111 4023 1197 4079 Patris
1219 4024 1394 4093 auditaest:
1412 4028 1460 4084 iiio
1478 4032 1518 4084 ert
1541 4028 1634 4085 Filius
1647 4045 1727 4086 meos

73 4119 137 4190 ipso
152 4119 206 4176 die.
222 4119 291 4176 Cum
306 4119 381 4176 enim
398 4122 456 4192 jam
471 4121 595 4178 Christus
618 4120 728 4196 triginta
742 4135 877 4176 annorum
930 4116 1059 4182 dilectus,
1069 4115 1101 4170 in
1111 4114 1318 4187 quomibibene
1329 4115 1725 4189 coruplocui(rlicttlr.u1,ti).

75 4215 187 4279 tempus
201 4208 340 4280 exegisset
361 4209 389 4265 in
411 4225 504 4280 carne,
528 4211 575 4283 qui
590 4210 741 4266 secundum
753 4209 877 4265 divinita·
931 4204 1000 4260 Vere
1010 4203 1084 4260 euim
1097 4202 1142 4259 hic
1156 4210 1208 4272 est,
1223 4202 1252 4257 in
1264 4218 1318 4275 quo
1333 4219 1388 4260 non
1406 4211 1448 4259 est
1462 4204 1535 4276 quod
1549 4205 1621 4260 Patri
1634 4205 1727 4278 displi-

75 4303 133 4352 tern
146 4294 225 4351 ¹idem
239 4295 299 4368 ipse
317 4305 369 4366 est,
384 4304 412 4353 et
425 4297 489 4352 anni
504 4299 565 4368 ejus
578 4313 633 4354 non
646 4297 788 4366 deliciunt,
804 4297 876 4354 inter
929 4301 1001 4363 ceat,
1015 4291 1089 4364 quod
1103 4292 1198 4349 oculos
1217 4292 1367 4362 mejestatis
1382 4293 1515 4350 ollendat.
1536 4294 1611 4351 Unde
1625 4300 1652 4352 et
1665 4295 1726 4366 ipse

73 4382 226 4456 populares
246 4385 339 4440 turbas
363 4385 398 4440 ad
420 4385 586 4457 baptismum
609 4385 722 4440 loannis
744 4385 874 4454 advenit;
929 4381 967 4438 ait
981 4399 988 4437 ι
1001 4383 1072 4450 Quia
1088 4397 1152 4454 pute
1166 4379 1274 4452 placito
1288 4385 1357 4439 sunt
1371 4383 1408 4448 ci,
1418 4383 1494 4453 socio
1508 4397 1617 4454 comper
1632 4385 1725 4452 licon.

75 4471 154 4527 venit
176 4477 315 4544 tamquam
336 4488 406 4528 unus
420 4489 435 4530 e
450 4473 560 4545 populo,
586 4474 632 4547 qui
647 4473 720 4531 solus
743 4482 803 4529 erat
816 4473 875 4530 sine
929 4486 986 4542 vm,
1004 4469 1061 4540 29).
1078 4472 1173 4543 Ipsum
1188 4469 1287 4542 inquit,
1297 4471 1404 4528 cudite.
1420 4471 1502 4540 Ecce,
1518 4470 1635 4526 Domine
1645 4471 1727 4528 lesus

75 4566 203 4633 peccato.
220 4559 288 4630 Quis
303 4577 367 4617 eum
385 4569 450 4619 tunc
471 4563 597 4619 crederet
618 4562 715 4618 Filium
728 4561 799 4618 Deil
814 4562 876 4635 quis
891 4595 914 4672 n
929 4560 973 4616 vel
990 4561 1046 4629 jam
1064 4573 1139 4616 nunc
1160 4557 1285 4630 loquere.
1306 4557 1455 4631 Quousque
1479 4558 1563 4615 siles?
1582 4573 1726 4632 quousque

74 4655 187 4720 putaret
200 4648 347 4705 Dominum
370 4650 542 4720 majestatis?
559 4651 643 4708 Valde
662 4650 773 4724 quidem
786 4651 875 4707 humi-
930 4648 1103 4706 dissimulas?
1118 4647 1169 4704 Diu
1184 4647 1302 4717 tacuisti,
1316 4656 1344 4704 et
1355 4647 1432 4704 valde
1446 4647 1506 4714 diu;
1522 4647 1572 4703 sod
1585 4649 1642 4718 jam
1652 4663 1727 4704 nune

78 4737 166 4808 liaris,
186 4737 315 4807 Domine;
339 4738 367 4794 in
381 4739 443 4795 imis
463 4740 650 4808 absconderis,
671 4739 720 4796 sed
743 4740 876 4798 loannem
929 4737 1058 4811 loquendi
1073 4736 1212 4792 licentiam
1226 4737 1312 4792 habes
1326 4752 1343 4791 a
1357 4738 1448 4793 Patre.
1463 4735 1600 4808 Quandiu,
1611 4737 1662 4794 Dei
1675 4737 1727 4794 vir·

75 4825 165 4881 latere
175 4837 232 4880 non
243 4825 356 4895 poteris.
365 4828 460 4883 Nonne
471 4827 530 4897 ipse
540 4833 593 4897 est,
605 4827 651 4900 qui
663 4834 876 4899 permolernum
930 4836 973 4882 tus
985 4831 1014 4882 et
1027 4824 1077 4881 Dei
1091 4822 1235 4893 sapientia,
1261 4823 1338 4895 quasi
1359 4822 1484 4880 infirmus
1498 4823 1595 4897 aliquis
1607 4832 1636 4882 et
1657 4824 1726 4882 insi-

75 4922 197 4982 uterum,
214 4920 241 4969 te
264 4913 386 4969 nondum
405 4923 500 4970 natum
517 4916 639 4972 nondum
653 4923 733 4974 natus
747 4917 876 4990 agnoui?
929 4915 1018 4988 piens,
1033 4912 1103 4968 lates
1117 4911 1146 4966 in
1155 4910 1278 4983 populo?
1288 4911 1423 4982 Quandiu,
1435 4912 1533 4969 nobilis
1543 4914 1611 4986 ilex,
1627 4923 1655 4972 et
1668 4917 1726 4974 ilex

75 5003 174 5057 Nonne
190 4999 249 5072 ipse
265 5010 307 5058 est
322 5001 369 5073 qui
384 5017 433 5072 per
447 5002 587 5076 utriusque
602 5004 719 5061 materni
740 5005 810 5062 uteri
824 5021 876 5077 pa·
930 5001 1002 5072 coeli,
1019 4999 1090 5056 fabri
1109 4998 1194 5056 filiurn
1209 5005 1236 5056 te
1254 5000 1357 5072 pateris
1371 5001 1503 5074 appellari
1514 5003 1619 5074 pariter
1632 5011 1661 5060 ot
1677 5020 1726 5076 pu-

76 5090 161 5146 rietes
175 5097 202 5146 te
218 5090 344 5166 agnovit;
357 5097 394 5156 et,
411 5089 475 5162 quia
488 5092 701 5149 turbisolamare
712 5109 767 5150 non
778 5093 875 5164 potuit,
929 5091 1001 5148 tari?
1029 5089 1138 5146 Etenim
1161 5089 1249 5146 Lucas
1272 5089 1441 5164 evangelista
1459 5099 1575 5148 testatur
1597 5093 1726 5167 quoniam

76 5178 176 5234 saltem
198 5185 316 5234 matrem
340 5192 417 5234 suam
442 5186 518 5235 motu
532 5180 718 5238 exsultationis
743 5181 876 5238 edocuit?
930 5181 1023 5238 adbuc
1035 5180 1113 5250 filius
1126 5179 1225 5251 loseph
1241 5179 1401 5250 putabatur
1415 5179 1490 5252 (Luc.
1506 5195 1550 5250 ιιι,
1568 5181 1626 5252 23.)
1640 5181 1664 5238 0
1678 5181 1728 5236 bu·

76 5267 160 5338 (Loc.
171 5280 202 5336 ιι,
217 5267 273 5338 ιι.)
286 5268 366 5324 Nunc
376 5272 467 5323 autem
482 5266 567 5339 quid?
587 5271 659 5325 Vidit
668 5286 735 5326 eom
744 5272 875 5336 loannes,
930 5267 1040 5338 militas,
1069 5266 1156 5324 mulus
1182 5264 1298 5323 Christi}
1328 5283 1344 5323 o
1368 5268 1527 5324 humilitatis
1553 5267 1724 5325 sublimitasl

80 5355 119 5410 ait
129 5354 307 5426 euangelista,
323 5355 525 5414 uenientemod
535 5372 574 5424 se,
590 5362 618 5413 et
630 5361 692 5414 ott:
707 5359 876 5430 liccerlpnar
931 5363 1063 5429 quantum
1073 5355 1219 5413 multandis
1234 5356 1391 5428 superbiam
1406 5367 1506 5412 nosuue
1520 5355 1665 5413 vanitatis?
1678 5358 1728 5413 Pa·

78 5444 138 5510 Dei,
155 5445 271 5524 eccequi
281 5445 359 5501 toltit
364 5449 481 5518 peccalo
490 5445 594 5500 mundi
600 5445 692 5516 (loon.
702 5461 722 5509 1,
734 5448 790 5515 ιι).
807 5445 878 5503 llere
931 5462 993 5501 rum
1015 5443 1118 5517 aliquid
1139 5443 1205 5512 scio,
1222 5444 1267 5501 vel
1289 5444 1378 5518 magis
1406 5444 1477 5500 scire
1495 5443 1561 5499 mihi
1581 5443 1683 5518 uideor,
1700 5455 1729 5502 et

79 5548 260 5605 agnuscere
278 5533 399 5604 humilis,
419 5549 485 5592 vere
499 5541 669 5591 mansuetus.
687 5537 764 5606 Ecce,
779 5535 876 5608 iuquit,
930 5536 987 5606 jann
1001 5533 1083 5590 silere
1099 5548 1154 5588 non
1169 5548 1293 5606 possum,
1314 5531 1486 5604 impudenter
1511 5549 1557 5591 me
1577 5542 1605 5590 et
1627 5534 1728 5608 impru-

79 5623 176 5693 nqeue
185 5623 245 5693 Dei,
257 5637 317 5679 cccc
326 5626 377 5694 qui
388 5623 705 5698 tollitpeocolcmoadi.
714 5624 756 5679 En
764 5624 823 5697 ipse
831 5625 878 5699 qui
932 5623 1030 5680 denter
1042 5621 1175 5695 ingerens
1184 5629 1212 5677 et
1230 5628 1382 5691 ostentans,
1406 5629 1551 5694 promptus
1564 5622 1600 5678 ad
1613 5623 1728 5698 loquen-

79 5709 271 5786 pnrgationem
289 5707 370 5767 iaciat
392 5711 565 5783 delictorum,
590 5727 656 5771 ecce
675 5713 810 5771 sentinam
825 5729 877 5771 no·
932 5713 1008 5786 dnm,
1024 5710 1102 5766 velox
1116 5709 1151 5764 ad
1165 5708 1332 5778 docendum,
1347 5708 1442 5766 tardus
1455 5710 1490 5766 ad
1502 5711 1678 5770 audiendum.
1694 5714 1727 5769 Et

82 5807 167 5856 stram
182 5805 348 5871 purgaturus
361 5799 471 5858 aduenit
487 5819 495 5857 :
512 5809 539 5859 et
553 5810 645 5859 tamen
659 5804 784 5875 posthoc
798 5804 878 5860 testi·
932 5801 1057 5858 Christus
1070 5813 1134 5856 cum
1157 5805 1231 5856 huto
1256 5807 1379 5873 tempore
1402 5799 1498 5858 silebat
1517 5817 1579 5859 cum
1594 5801 1727 5872 seipsum
