3950 6350
76 453 128 505 lis
632 443 666 500 IN
684 441 958 512 Quauutoasbta
978 443 1160 504 saltuosis.
1516 497 1518 502 .
1666 451 1718 510 att

74 571 174 643 mama.
205 572 385 628 conrarntnr
407 565 488 624 etiam
510 565 545 621 ad
569 564 657 637 ipsum
684 566 763 622 timor
790 573 865 636 tuasr
886 567 1039 660 strerbum
1058 567 1127 628 bei:
1153 567 1258 626 scindat
1276 567 1352 635 illud,
1372 577 1399 626 et
1417 571 1447 628 in
1472 573 1570 631 multas
1594 573 1721 636 minutias

74 665 137 733 qula
150 675 296 734 pervorsus
310 667 352 716 est
366 657 446 712 timor
459 656 557 720 omnis,
574 673 629 728 quo
648 655 746 714 metuis
767 655 869 728 aliquid
923 655 1036 712 festinet
1065 657 1210 730 dispertiri.
1233 655 1360 728 Alioquin
1386 673 1441 714 non
1469 668 1512 718 est
1536 664 1658 721 converti
1687 665 1721 722 ad

75 756 261 820 praeteream,
277 753 322 805 ast
337 761 392 804 non
407 753 520 816 propter
534 760 606 801 eum.
627 745 672 802 Sic
694 753 721 803 et
742 745 869 818 gaudium
922 742 1067 800 Dominum
1081 744 1109 800 in
1129 733 1195 802 toto
1215 743 1307 812 corde,
1334 745 1386 801 nisi
1406 746 1490 802 scisso
1510 752 1602 807 corde.
1623 753 1720 812 Dones

75 845 162 904 tuum,
177 844 206 895 et
219 836 326 894 tristitia
339 843 385 892 tua
403 849 481 905 aequo
499 839 693 890 convertantur
713 835 748 890 ad
768 833 867 904 ipsum.
924 833 996 889 enim
1021 833 1094 890 illam
1114 849 1196 891 unam
1216 833 1332 904 accipias
1346 834 1373 890 in
1393 835 1555 908 Jerusalem,
1577 840 1655 910 cujus
1678 851 1720 900 est

75 926 132 982 Hoc
147 924 285 982 autamita
296 923 353 988 bet,
369 921 392 978 si
406 921 514 978 nonnisi
529 922 678 978 secundum
694 921 867 986 eumdoleas,
923 921 1093 992 participatio
1113 921 1142 978 in
1163 922 1291 994 idipsum,
1311 922 1395 978 multa
1417 921 1525 978 interim
1549 924 1597 978 tibi
1620 930 1718 997 praeci.

76 1021 123 1068 aut
142 1012 251 1069 laeteris.
276 1009 347 1080 Quid
370 1009 443 1065 enim
473 1024 639 1081 perversum
670 1007 752 1064 818
785 1009 870 1080 magis
923 1012 1051 1082 piuntur;
1067 1021 1095 1067 at
1108 1010 1131 1066 si
1144 1011 1172 1066 in
1187 1025 1241 1067 uno
1263 1009 1422 1078 ol'ienderis,
1441 1007 1529 1066 iactus
1550 1027 1580 1067 es
1599 1015 1717 1072 omnium

77 1117 159 1174 quam
171 1101 256 1156 laetari
270 1116 332 1156 cum
346 1095 539 1164 malefeceris,
554 1103 582 1153 et
600 1098 627 1153 in
643 1098 725 1154 rebus
742 1096 870 1170 pessimis
925 1115 998 1155 reus.
1011 1101 1135 1172 Spiritus
1150 1101 1263 1157 Domini
1277 1100 1441 1174 multiplex,
1456 1099 1493 1154 ait
1510 1099 1625 1172 Sapiens
1639 1101 1717 1176 (Sap.

76 1187 226 1245 exsultaret
238 1187 293 1244 Sed
308 1193 336 1244 et
350 1201 383 1244 ea
397 1201 508 1258 quoque
523 1202 583 1258 quae
597 1187 745 1243 secundum
760 1200 870 1242 carnem
924 1202 971 1255 vu,
990 1191 1050 1258 22),
1069 1205 1122 1246 nec
1140 1193 1232 1261 potest
1255 1189 1332 1260 sequi
1356 1187 1530 1259 multiplicem
1549 1190 1608 1248 sine
1624 1191 1717 1247 multi-

75 1285 116 1334 est
129 1277 248 1350 tristitia,
262 1285 380 1334 mortem
394 1282 534 1346 operatur.
551 1274 580 1330 Si
598 1289 649 1346 pro
663 1284 710 1332 tuo
724 1274 781 1330 sive
804 1288 871 1346 pro·
924 1274 987 1346 plici
1008 1276 1148 1332 scissione.
1170 1276 1242 1332 dudi
1263 1275 1382 1348 denique
1406 1275 1553 1344 hominem,
1569 1293 1650 1350 quem
1672 1295 1718 1336 se·

75 1366 141 1422 ximi
159 1371 274 1438 peceato
298 1364 385 1432 doles,
409 1363 481 1420 bene
496 1362 573 1428 lacis,
588 1371 617 1419 et
629 1364 686 1420 haec
701 1363 808 1420 tristitia
829 1367 871 1418 est
925 1366 1043 1424 cundum
1057 1383 1104 1423 cor
1119 1383 1197 1423 suurn
1207 1367 1439 1424 inveneratlleus.
1455 1367 1603 1434 Paratum,
1620 1367 1717 1441 inquit,

74 1454 234 1512 adsalutem
253 1455 294 1522 (ll
311 1453 370 1508 Gor.
383 1467 435 1518 vu,
456 1452 512 1523 itt),
529 1451 558 1506 Si
570 1453 691 1524 gaudeas
703 1450 739 1506 ad
758 1465 870 1507 munera
924 1469 1085 1524 cormeum,
1095 1458 1179 1522 Deua,
1188 1460 1325 1528 paratum
1336 1470 1490 1512 cormeum
1501 1455 1591 1528 [Psoi.
1605 1472 1662 1530 avr,
1678 1455 1716 1528 8),

74 1543 180 1616 gratia,
196 1543 248 1598 boc
261 1540 390 1614 madium
402 1547 526 1596 sanctum
540 1547 594 1610 est,
614 1547 642 1596 et
660 1555 785 1596 securum
807 1555 871 1612 gau·
925 1542 1049 1598 Paratum
1062 1542 1096 1596 ad
1110 1542 1233 1609 aduersa,
1249 1550 1374 1614 paratum
1388 1542 1422 1597 ad
1436 1558 1584 1615 prospera;
1595 1555 1719 1617 paratum

72 1631 146 1687 diurn
157 1631 185 1685 in
198 1627 301 1701 Spiritu
315 1635 421 1684 sancto.
437 1627 529 1684 Debes
543 1634 572 1684 et
581 1627 607 1682 in
622 1626 768 1682 dilectione
782 1627 870 1682 Chris-
923 1629 958 1686 ad
973 1628 1093 1695 humilia,
1106 1637 1231 1701 paratum
1245 1631 1280 1686 ad
1294 1629 1434 1697 sublimia;
1455 1639 1577 1702 paratum
1598 1633 1633 1690 ad
1654 1635 1718 1690 uni·

70 1720 91 1776 ti
105 1718 232 1776 fraternis
246 1717 419 1790 congaudere
428 1715 663 1788 prosperitatibus,
675 1721 704 1774 et
716 1713 868 1770 adversita·
923 1734 1002 1774 versa
1015 1733 1184 1791 quascunque
1198 1718 1375 1792 praeceperis.
1401 1719 1450 1774 Vis
1468 1727 1605 1792 pastorem
1627 1723 1718 1780 ovium

73 1808 145 1864 tibus
165 1805 322 1873 condolere,
346 1805 414 1862 siem
430 1805 563 1878 seriptum
581 1812 642 1860 est:
660 1804 785 1862 Goudew
803 1819 869 1861 cum
924 1803 1031 1862 lacere?
1047 1805 1087 1862 vis
1102 1805 1266 1863 constituere
1281 1821 1375 1879 regern
1391 1805 1719 1878 populorum‘ll'orotum

71 1893 267 1965 madentibus,
284 1895 352 1964 llere
364 1909 429 1950 cum
445 1890 580 1963 muudus
594 1892 684 1966 (Rom.
696 1891 753 1958 uu,
770 1893 825 1962 15).
883 1879 907 1960 Ι
924 1909 1086 1961 cormeum,
1098 1898 1181 1964 Deus,
1191 1897 1498 1968 puratumoormeam.
1516 1893 1583 1964 Quis
1593 1908 1622 1953 ut
1631 1897 1717 1956 David

107 1984 133 2037 4.
151 1981 253 2038 Verum
263 1996 299 2038 ne
312 1980 372 2053 ipsa
383 1981 532 2052 corporalis
545 1980 656 2052 quidem
670 1988 712 2036 est
721 1977 867 2052 parvipea·
923 1979 1009 2037 fidelis
1023 1981 1192 2054 ingrediens,
1206 1987 1233 2038 et
1247 1979 1401 2056 egrediens,
1419 1987 1446 2037 et
1456 1999 1575 2055 pergens
1585 1984 1716 2056 adimpe-

70 2069 162 2126 denda
176 2070 329 2138 conversio,
343 2069 406 2141 qnia
421 2069 570 2142 spiritualis
583 2070 664 2140 hujus
674 2067 866 2124 adminiculum
922 2067 989 2124 rium
1005 2069 1095 2141 regis?
1110 2071 1141 2124 Et
1151 2069 1300 2125 dicebatde
1309 2069 1515 2141 peecatoribus:
1530 2071 1717 2145 crapulatum

70 2159 190 2216 noscitur
204 2174 265 2216 esse
280 2173 335 2216 non
348 2175 472 2231 parvum.
490 2157 556 2214 lade
571 2166 612 2216 est
623 2157 695 2229 qnod
706 2158 734 2212 in
744 2159 795 2213 hoc
806 2155 866 2212 loeo
920 2162 962 2216 est
971 2161 1046 2216 abui
1057 2157 1277 2225 luceoreorumr
1288 2174 1335 2230 apo
1345 2174 1409 2216 uero
1419 2159 1593 2232 lopemtuom
1602 2163 1718 2220 medito-

68 2247 201 2304 Dominus
214 2264 276 2304 oum
291 2247 422 2304 dixisset:
440 2249 473 2304 lo
488 2250 546 2306 toto
557 2247 647 2312 corde,
664 2245 786 2316 adjunxit
801 2261 866 2316 pro·
920 2246 1137 2318 tostumii’sol.
1149 2261 1248 2313 cxurn,
1262 2249 1321 2318 to).
1336 2245 1402 2302 Inde
1418 2249 1490 2302 enim
1505 2249 1593 2306 cordis
1608 2251 1717 2320 duritia,

70 2333 160 2390 tinus:
183 2337 217 2392 ln
226 2336 358 2407 jejunior
380 2333 454 2407 quod
473 2333 566 2406 ntique
587 2332 708 2405 corporis
726 2339 778 2388 est.
799 2331 866 2388 Volo
919 2333 983 2390 inde
996 2335 1095 2392 mentis
1109 2336 1265 2402 obstinatio,
1281 2335 1344 2407 quia
1358 2335 1504 2394 meditatur
1519 2339 1579 2411 quis
1599 2355 1654 2396 non
1673 2340 1716 2398 le-

68 2432 161 2480 tamen
175 2439 224 2480 uos
240 2423 394 2480 admonitos
408 2439 469 2480 osse
489 2421 588 2478 iratres
608 2436 694 2486 meos,
716 2422 865 2478 observan-
920 2438 983 2498 gem
997 2423 1114 2490 Donrini,
1131 2425 1178 2478 sed
1193 2423 1330 2496 propriam
1343 2423 1518 2481 voluntatem.

68 2510 135 2567 dum
145 2511 209 2568 illud
225 2528 281 2569 non
296 2512 330 2572 ab
344 2512 415 2568 escis
430 2518 544 2576 tanturn,
561 2510 611 2566 sed
623 2507 658 2566 ab
672 2509 797 2566 omnibus
808 2507 866 2564 ille·
956 2513 982 2566 6.
1011 2510 1172 2567 Scindamus
1189 2512 1281 2584 itaque
1301 2510 1383 2568 corda
1409 2520 1511 2579 nostra,
1537 2513 1714 2586 dilectissimi,

68 2600 161 2656 cebris
178 2602 279 2667 carnis,
301 2608 328 2658 et
343 2599 471 2656 universa
494 2597 616 2669 corporis
634 2595 786 2668 uoluptate;
813 2596 867 2652 imo
920 2605 1055 2670 quatenus
1086 2598 1193 2672 integra
1226 2599 1342 2670 proinde
1369 2599 1532 2656 vestimenta
1564 2618 1715 2662 servemus.

68 2703 136 2746 vero
148 2688 330 2761 jejunandum
340 2696 383 2746 est
395 2688 478 2759 longe
495 2687 610 2759 amplius
623 2699 639 2739 a
653 2685 734 2753 vitiis,
751 2701 832 2758 qnam
850 2699 867 2740 a
920 2685 1018 2743 Vestes
1032 2686 1105 2742 enirn
1119 2691 1219 2742 nostras
1232 2686 1346 2741 virtutes
1360 2695 1432 2742 sunt.
1448 2685 1521 2744 Bona
1535 2689 1630 2762 vestis,
1650 2693 1715 2747 oba·

67 2777 145 2834 cibis.
161 2778 216 2834 Sed
228 2786 271 2833 est
281 2778 361 2849 panis
374 2792 391 2832 a
405 2790 459 2848 quo
473 2790 523 2832 ros
535 2776 662 2844 ieiunare
676 2771 750 2840 nolo,
765 2789 800 2829 ne
815 2772 868 2829 lor·
920 2774 1005 2840 ritas;
1021 2773 1093 2830 boua
1108 2773 1201 2838 vestis,
1217 2773 1372 2828 obedientia
1386 2782 1437 2830 est.
1453 2773 1551 2830 Beatus
1567 2778 1611 2848 qui
1622 2787 1715 2836 ensto-

67 2873 95 2924 te
105 2865 240 2922 deficiatis
249 2865 277 2920 in
285 2863 346 2922 rias
360 2871 387 2919 et
396 2864 419 2918 si
428 2861 549 2928 nescitis,
558 2876 656 2934 panem
667 2862 728 2917 dioo
736 2860 866 2932 lacryma-
918 2861 958 2918 dit
971 2861 1133 2918 uestimenta
1146 2861 1214 2926 haeo,
1226 2869 1257 2916 ut
1266 2877 1320 2917 non
1329 2861 1447 2919 ambulet
1457 2863 1557 2920 nudus.
1568 2864 1713 2940 Denique:

66 2970 136 3010 rum.
148 2953 278 3024 Sequitur
285 2951 356 3008 enim
366 2971 375 3008 :
386 2954 419 3008 ira
424 2951 547 3024 jejunio,
559 2955 586 3008 ct
610 2951 679 3020 licto
694 2952 722 3007 ct
732 2951 864 3022 planctu.
920 2951 999 3008 Beati
1008 2967 1128 3024 quorum
1138 2953 1290 3006 tectosurtt
1298 2955 1419 3022 peccato
1429 2949 1515 3022 (Psoi.
1528 2967 1609 3019 xxxr,
1622 2953 1664 3028 1);
1677 2962 1715 3023 et,

64 3042 157 3114 Exigit
169 3041 242 3098 enim
264 3040 400 3112 planctum
416 3055 432 3094 a
450 3038 529 3096 nobis
546 3038 704 3110 poenitentia
722 3037 867 3108 praeteritae
921 3039 1051 3098 Cbomtos
1065 3039 1154 3112 operit
1172 3037 1392 3095 multitudinem
1410 3041 1625 3114 pcccatorum(l
1637 3044 1715 3101 Patr.

65 3129 302 3198 conversationis3
334 3129 420 3201 exigit
452 3129 546 3184 ilatum
577 3127 742 3186 desiderium
769 3125 866 3184 iuturre
920 3143 957 3194 ru,
968 3127 1003 3200 8).
1016 3127 1177 3184 scindamus
1187 3125 1361 3198 corda,sicut
1368 3127 1527 3199 pradictum
1537 3129 1717 3199 astutsw

65 3219 252 3276 beatitudinis.
267 3221 360 3276 Foeta
371 3222 441 3274 suat
457 3217 528 3274 milti
543 3217 676 3290 lacrymo
693 3232 763 3273 mco
776 3231 865 3290 portos
880 3185 904 3266 ὓ
919 3218 977 3272 haec
1002 3215 1165 3274 uestimenta
1183 3213 1291 3288 integra
1311 3230 1462 3287 servemus,
1488 3219 1716 3289 quemadmodum

64 3302 865 3376 dioaonocte‚aitPropheta,cumdiciturmiiriquotidia:
918 3305 1025 3376 integra
1039 3303 1141 3362 salvata
1162 3310 1203 3362 est
1223 3303 1314 3360 tunica
1328 3303 1485 3360 Salvatoris.
1502 3307 1559 3362 Neo
1574 3307 1654 3364 modo
1673 3309 1715 3374 in·

66 3395 114 3452 ilbi
136 3400 179 3451 cst
198 3397 269 3451 Deus
286 3395 367 3450 tauri
381 3393 467 3466 (Psoi.
483 3408 543 3462 xm,
558 3394 599 3463 l.)
618 3393 715 3446 Parum
729 3390 756 3446 ei
774 3392 865 3463 placet
920 3401 1024 3466 tagram
1038 3399 1128 3466 servat
1142 3403 1247 3448 vestem
1261 3389 1355 3447 scissio
1378 3392 1476 3460 cordis,
1492 3393 1540 3448 sed
1556 3399 1584 3450 et
1603 3395 1717 3454 talarem

65 3481 221 3552 hujusuitre
234 3481 350 3548 novitas,
366 3479 412 3554 qui
428 3479 545 3536 necdum
558 3487 652 3535 vetera
666 3480 780 3552 plangit,
795 3496 864 3536 nec·
918 3497 978 3538 earn
994 3480 1058 3537 iacit
1068 3491 1096 3537 et
1110 3479 1275 3554 polymitam,
1292 3479 1400 3553 qualern
1419 3489 1543 3538 asanoto
1561 3485 1716 3554 patriarcba

66 3569 133 3625 dum
143 3568 246 3641 plangit
256 3567 373 3624 admissa
394 3575 516 3638 peccata,
538 3566 654 3622 necdum
674 3567 780 3642 plangit
798 3575 865 3623 tem·
916 3569 1001 3626 Jacob
1016 3567 1121 3642 accepit
1135 3569 1215 3638 lilius,
1232 3569 1278 3641 qui
1293 3586 1349 3641 prae
1364 3570 1470 3624 caeteris
1480 3571 1620 3628 amabatur
1631 3568 1731 3646 (ιὲσπ.ν

63 3672 115 3729 pus
125 3655 267 3714 amissum.
278 3654 307 3710 Si
317 3670 371 3711 non
382 3653 498 3726 plangis,
510 3652 588 3724 plene
599 3667 653 3709 non
672 3654 758 3708 sentis
768 3655 865 3710 animae
918 3675 1028 3730 xxxru,
1053 3662 1091 3730 3).
1119 3653 1188 3715 liino
1215 3674 1315 3730 nempe
1341 3656 1470 3715 uirtutum
1498 3661 1712 3732 perseverantia,

61 3745 188 3813 vulnera,
205 3743 378 3802 muceranus
392 3743 540 3798 lesionem·
557 3741 612 3798 Sed
627 3757 678 3796 nec
693 3739 784 3797 lutura
799 3743 864 3799 satis
918 3749 981 3804 utne
999 3747 1214 3804 conversations
1232 3746 1352 3818 paterna
1372 3746 1490 3804 discolor
1516 3749 1617 3805 unitas.
1645 3751 1714 3807 arne

62 3834 165 3910 gaudia
179 3829 361 3904 concupiscis,
378 3830 401 3886 si
415 3845 471 3888 non
485 3827 607 3904 quotidie
621 3829 741 3900 postulas
756 3846 787 3885 ea
803 3847 864 3888 cunr
918 3835 952 3891 lla
967 3844 1011 3892 est
1023 3833 1111 3908 gloria
1126 3834 1199 3908 regis
1212 3833 1285 3890 bliiae
1298 3834 1327 3890 in
1341 3833 1454 3892 fimbriis
1476 3836 1577 3903 aureis,
1596 3839 1713 3896 eircum-

62 3920 209 3995 lacrymis:
225 3919 454 3976 minustibinota
471 3925 544 3984 sunt,
568 3915 591 3974 si
610 3933 665 3974 non
685 3917 775 3975 renuit
794 3934 863 3976 oon·
918 3924 1017 3979 amicta
1038 3923 1214 3978 varietatibus
1239 3921 1326 3992 (Psoi.
1351 3935 1425 3990 autu,
1452 3923 1495 3990 li,
1530 3927 1586 3996 to).
1621 3925 1714 3984 Potest

62 4011 146 4066 solati
160 4010 250 4066 anima
265 4017 321 4074 ¹1¹³,
338 4007 426 4064 donec
446 4007 565 4064 veniant·
918 4021 1008 4067 tamen
1028 4018 1056 4067 et
1079 4009 1157 4066 aliter
1179 4009 1238 4066 haec
1263 4008 1357 4065 scissio
1378 4007 1467 4064 cordis
1491 4009 1614 4084 intelligi,
1639 4023 1667 4069 ut
1690 4015 1713 4070 si

97 4103 125 4156 5.
140 4100 224 4155 Addit
233 4097 333 4154 deinde
345 4097 498 4166 Propheta:
514 4095 548 4150 at
565 4091 686 4152 scindite
700 4095 785 4153 cordo
800 4111 861 4154 vcs-
917 4099 1027 4172 quidem
1041 4115 1155 4171 pravum
1168 4095 1260 4164 inerit,
1275 4095 1455 4153 scindaturad
1466 4101 1711 4170 compunctionem.

62 4195 118 4260 tro,
130 4193 226 4248 elnon
235 4191 510 4248 vostintcutuoastro.
522 4185 627 4255 Quibus
634 4185 727 4242 uerbis
735 4185 863 4242 maniles·
919 4189 1015 4264 [alios
1031 4185 1263 4262 confessionem,
1281 4185 1424 4252 sidorum,
1439 4186 1474 4241 ad
1484 4189 1710 4260 compassionem.

62 4289 89 4338 te
105 4279 181 4350 prior
192 4277 238 4336 ille
249 4278 365 4350 populus
379 4275 533 4332 ludaeorum
550 4283 577 4330 ct
592 4273 698 4330 duritiae
715 4273 816 4342 cordis,
835 4282 863 4331 et
916 4273 1016 4348 Quidni
1041 4275 1180 4334 scindatur
1202 4276 1289 4343 ulnus,
1309 4278 1338 4331 nt
1362 4273 1452 4330 sanies
1474 4273 1587 4333 esiluat‘l
1611 4277 1714 4350 Quidni

60 4383 138 4424 vanae
160 4365 339 4438 superstionis
358 4363 491 4440 arguitur.
514 4361 617 4418 Crebra
637 4361 771 4434 siquidem
790 4363 860 4434 apud
917 4366 1056 4424 scindatur
1073 4381 1130 4434 cor,
1152 4371 1180 4420 ul
1204 4362 1353 4420 visceribus
1372 4363 1465 4419 eilluat
1485 4363 1617 4433 pietatis?
1637 4367 1711 4426 Utilis

61 4472 111 4516 eos
124 4455 221 4512 scissio
239 4455 368 4521 restium,
383 4453 432 4511 sed
451 4467 507 4508 non
528 4450 647 4508 cordium
667 4467 729 4508 esse
744 4451 859 4508 solebat.
877 4484 901 4562 Β
916 4471 1028 4528 prorsus
1043 4461 1158 4526 utraque
1173 4451 1276 4522 scissio,
1293 4459 1322 4508 nt
1336 4467 1387 4508 nec
1406 4449 1525 4508 clausam
1541 4451 1625 4510 lateat
1643 4473 1711 4528 pec-

59 4544 177 4616 Quando
191 4542 265 4601 enim
278 4543 471 4600 scinderentur
485 4541 572 4597 corda
587 4539 706 4612 lapidea,
726 4555 787 4611 quae
806 4556 861 4596 non
916 4545 968 4602 cati
983 4543 1093 4618 rirnsin
1112 4543 1205 4608 corde,
1228 4557 1279 4598 neo
1304 4540 1437 4614 indigenti
1457 4541 1579 4612 proximo
1598 4541 1708 4601 clauda·

60 4641 190 4707 poterant
203 4649 254 4690 nec
268 4632 441 4692 circumcidit
457 4631 591 4698 Scindite,
603 4631 700 4703 inquit,
716 4632 800 4691 cordo
813 4648 860 4688 ve·
916 4650 976 4690 mus
994 4633 1099 4690 macera
1123 4628 1334 4688 misericordiae:
1369 4637 1398 4684 ut
1425 4633 1452 4684 et
1478 4628 1533 4700 ipsi
1559 4645 1711 4705 consequa·

60 4719 862 4792 stro,elnonvestierariooartro.Qnisinrobisest,cnjus
915 4737 976 4777 mur
989 4717 1203 4776 misericordiam
1225 4733 1242 4772 a
1262 4715 1377 4772 Domino
1397 4721 1489 4770 nostro
1508 4715 1572 4772 lesu
1591 4719 1708 4795 christo,

58 4812 187 4870 uoluntas
204 4811 276 4868 circa
292 4826 376 4867 unum
396 4810 496 4882 aliquid
512 4811 581 4867 solet
602 4807 762 4866 obstinatior
780 4808 860 4866 inre·
886 4815 888 4820 “
915 4811 961 4883 qni
980 4820 1022 4864 est
1044 4823 1127 4878 snper
1149 4803 1239 4862 omnia
1262 4803 1333 4861 Deus
1356 4801 1525 4870 benedictus,
1544 4804 1572 4858 in
1599 4809 1710 4882 saecula,

60 4901 129 4958 nirii
150 4899 262 4957 Scindat
285 4913 334 4956 cor
357 4915 434 4956 suurn
458 4897 549 4974 gladio
574 4896 695 4968 spiritus,
719 4897 792 4970 quod
818 4907 860 4956 est
914 4901 1011 4956 Arnen.

717 5118 753 5175 nt
772 5115 1052 5188 Qoxuuaossttta

365 5241 481 5321 suano
499 5241 545 5300 lll.
911 5251 1033 5315 tempore
1050 5239 1230 5312 jejunandum
1250 5237 1330 5297 nobis
1348 5250 1391 5298 est
1411 5242 1496 5299 multo
1519 5241 1653 5300 devotius.
1681 5243 1710 5299 Si

248 5341 285 5396 be
293 5337 408 5412 jejunio
430 5333 666 5408 Quodropcsimoe.
911 5331 975 5406 quid
991 5329 1063 5387 enim
1082 5328 1190 5384 additur
1208 5328 1242 5383 ad
1260 5327 1368 5385 solitum
1392 5330 1564 5388 abstinentiae
1583 5329 1705 5402 modum,
1747 5341 1750 5348 ⁴

94 5432 122 5486 l.
137 5427 214 5501 Rogo
228 5442 287 5492 ros,
303 5421 479 5492 dilectissimi,
493 5430 550 5480 tota
563 5418 709 5480 devotione
723 5419 852 5493 suscipite
909 5417 1031 5492 rrunquid
1041 5431 1096 5473 non
1111 5417 1189 5472 valde
1203 5417 1344 5489 indiguum
1360 5426 1412 5486 est,
1427 5424 1456 5474 ut
1471 5418 1551 5473 nobis
1560 5433 1707 5476 onerosum

59 5513 293 5592 quadragesimale
306 5515 450 5594 jejunium,
465 5515 537 5586 quod
547 5527 602 5569 non
616 5511 672 5567 sola
692 5511 855 5566 abstinentia
908 5509 945 5566 sit
958 5505 1031 5582 quod
1046 5503 1169 5563 Ecclesia
1183 5511 1274 5579 portat
1287 5506 1415 5563 universa
1430 5507 1590 5564 nobiscum?
1603 5505 1706 5564 Hacte-

59 5605 244 5673 commendat,
258 5604 309 5661 sed
323 5603 409 5661 multo
422 5602 510 5676 magia
523 5605 734 5659 sacramentum.
749 5599 817 5656 Nam
831 5597 854 5655 si
908 5614 959 5654 nns
973 5612 1058 5669 usque
1072 5594 1106 5650 ad
1121 5607 1222 5651 nonam
1240 5594 1421 5666 jejunavimus
1440 5595 1506 5653 soli:
1528 5609 1708 5668 nuncusque

59 5696 159 5752 deuote
172 5709 259 5766 usque
277 5692 358 5750 modo
375 5689 662 5764 ieiunarimusptiqne
684 5697 779 5746 sendo
801 5691 853 5747 boc
908 5687 942 5744 ad
963 5701 1106 5760 uesperam
1126 5686 1289 5757 jejunabunt
1303 5685 1444 5744 nobiscum
1464 5699 1515 5760 par
1533 5679 1586 5744 iter
1598 5685 1709 5743 anivers
