3950 6350
83 341 140 450 aaa
326 428 330 436 .
617 390 653 446 nt
668 387 765 446 esst.
785 389 844 458 our
863 373 1012 446 ιιιιιιιι
1028 383 1146 442 sanxo
1162 377 1211 444 tv.
1687 385 1739 448 :sa

84 521 192 584 sancto,
204 515 253 573 sed
266 522 357 572 umen
371 521 502 587 pauentes
516 515 613 581 adbuc,
624 521 654 571 et
668 519 797 572 cavantes
810 527 826 567 a
840 526 888 569 re·
901 524 925 605 ss
941 509 993 570 boc
1021 508 1127 578 timeas,
1156 509 1199 567 bui
1227 509 1305 567 fartis
1331 511 1409 569 cibus
1434 513 1529 586 datur,
1558 530 1593 572 ne
1621 513 1741 574 deiicere

83 601 187 660 cidivo.
901 631 904 638 ⁴
941 600 1029 674 possis
1051 601 1080 656 in
1104 599 1170 658 viai
1187 598 1253 654 llliae
1266 600 1360 672 utique
1374 601 1449 658 cibus
1463 603 1559 662 allatus
1572 613 1615 664 est
1628 606 1663 663 ab
1688 621 1740 662 an-

7 687 8 690 ’
124 695 152 748 5.
169 692 239 763 Quid
254 693 326 750 enim
345 691 421 750 vobis
440 691 511 749 ultra
529 693 684 764 pavendum
712 691 779 747 esti
797 691 887 747 Unum
940 689 1014 762 gelo,
1031 705 1085 763 qno
1110 689 1200 746 nuilus
1212 687 1241 743 in
1255 689 1372 744 hnmana
1396 694 1591 751 consuetudine
1605 695 1683 753 vilior
1696 696 1740 751 in·

86 781 194 853 atique,
208 782 291 854 idque
305 780 504 855 grauissimum,
529 788 672 853 peccatum
684 780 770 848 Jndae,
786 794 887 851 pecca·
940 779 1058 850 venitur,
1074 779 1177 836 scilicet
1192 779 1270 850 panis
1284 783 1312 834 et
1335 794 1423 852 aqua:
1449 785 1523 835 tanta
1538 789 1628 839 umen
1651 785 1680 840 in
1708 799 1741 842 eo

7 889 8 898 ¹
90 879 147 926 turn
167 871 318 943 apostasiae.
343 870 416 927 Bene
443 871 516 926 enim
544 870 644 927 iactum
672 876 724 936 est,
740 878 770 925 ut
784 883 888 941 pennas
943 867 1073 924 iortitudo
1088 867 1184 924 coliata
1209 875 1261 934 est,
1289 873 1320 922 ut
1352 867 1531 940 quadraginta
1559 870 1655 927 debus
1682 889 1740 928 am·

90 959 251 1031 acciperetis
262 960 330 1017 sicut
340 960 483 1026 columba,
495 967 523 1016 et
532 960 661 1018 volaretis
670 963 704 1016 ad
714 960 889 1031 requiescen·
942 956 1039 1013 hulam
1053 973 1108 1014 non
1123 957 1284 1030 fatigaretur
1297 972 1349 1013 nec
1371 957 1488 1014 esuriret
1515 958 1562 1028 (lli
1585 962 1648 1030 ch.
1678 976 1740 1030 xxx,

90 1046 167 1104 dum.
190 1048 258 1104 Nam
272 1048 299 1104 in
315 1055 387 1104 terra
401 1065 456 1106 non
475 1055 535 1106 erat
553 1049 672 1121 requies,
690 1049 739 1105 sed
754 1049 840 1115 labor,
861 1053 889 1104 et
942 1049 1017 1114 5-8).
1034 1047 1080 1103 Vis
1095 1046 1143 1103 tibi
1158 1046 1228 1124 hune
1257 1046 1346 1102 cibum
1370 1047 1404 1102 ab
1433 1046 1546 1119 Angelis
1572 1047 1742 1104 ministrarii

88 1135 177 1205 dolor,
194 1143 222 1192 et
235 1137 345 1193 aiiiiatio
368 1136 490 1208 spiritus.
510 1136 581 1206 Quid
595 1152 662 1207 ergo
678 1136 828 1192 timendum
847 1142 889 1190 est
941 1135 1038 1190 llirum
1056 1134 1146 1201 valde,
1163 1135 1186 1192 si
1201 1150 1256 1191 non
1270 1135 1320 1192 vis.

85 1225 126 1281 sic
140 1225 257 1294 volanti,
278 1225 331 1282 nisi
345 1241 381 1282 ne
395 1226 466 1282 iorte
481 1226 598 1283 cadaver
615 1227 660 1284 vel
684 1225 773 1282 simsse
788 1224 888 1297 aliquid
979 1227 1006 1278 2.
1023 1223 1139 1293 Quodsi
1166 1224 1255 1279 cibem
1283 1223 1355 1278 bunc
1383 1222 1536 1292 desideras,
1564 1232 1593 1280 st
1619 1223 1743 1295 augebas

90 1313 120 1369 in
135 1319 208 1370 terra
234 1313 335 1389 uideat,
359 1315 438 1384 cnjus
453 1315 588 1372 desiderio
616 1321 719 1372 tractus
734 1314 889 1372 videatura
943 1310 1094 1367 ministeria
1107 1327 1163 1368 non
1177 1311 1306 1384 superba,
1322 1311 1372 1368 sed
1387 1310 1480 1366 humili
1494 1311 1582 1387 magis
1595 1312 1742 1369 ambitione

92 1405 268 1462 venatoribus
281 1404 334 1460 iliis
352 1403 486 1474 pessimis,
504 1411 533 1459 et
545 1404 705 1476 praeparatis
722 1403 828 1477 laqueis
840 1419 888 1460 ca-
943 1399 1077 1472 requiris3
1093 1399 1156 1456 audi
1171 1399 1310 1472 quomodo
1338 1399 1469 1471 scriptum
1494 1399 1534 1456 'sit
1556 1400 1591 1456 dc
1614 1400 1742 1466 Domino,

87 1491 190 1563 piatur,
206 1491 298 1548 atsint
316 1491 465 1548 novissima
479 1491 596 1547 bominis
618 1491 690 1549 illius
704 1493 799 1564 pejora
813 1493 888 1564 prio·
943 1489 1008 1561 quia
1023 1494 1148 1549 tentante
1164 1488 1282 1558 diabolo,
1298 1497 1326 1546 et
1340 1487 1473 1546 suadente
1499 1496 1531 1545 ut
1558 1489 1593 1546 de
1606 1489 1743 1562 lapidibus

89 1577 189 1636 ribus?
204 1579 270 1652 Hoc,
286 1578 408 1652 inquam,
424 1580 535 1636 omnino
549 1579 699 1636 amendam
713 1586 767 1646 est,
777 1593 813 1635 ne
828 1581 888 1652 quis
941 1574 1044 1632 iaceret
1058 1575 1144 1634 88⁴1
1161 1591 1271 1648 panem,
1287 1577 1396 1645 restitit,
1412 1585 1440 1633 et
1454 1578 1536 1635 dixit:
1560 1581 1620 1636 iton
1642 1581 1671 1636 in
1685 1580 1743 1638 solo

86 1675 134 1723 aut
148 1668 230 1726 corde
253 1667 322 1740 solo,
339 1674 386 1724 ant
400 1669 483 1724 etiam
511 1683 628 1742 corpore
647 1669 681 1724 ad
695 1669 824 1726 vomitum
839 1685 886 1726 re·
939 1681 1014 1739 pana
1026 1667 1097 1724 uiuit
1108 1666 1200 1732 bomo,
1215 1667 1304 1724 sedin
1313 1667 1481 1725 omoioerba
1495 1668 1567 1739 qaod
1576 1668 1744 1740 proccaitdc

86 1763 215 1814 vertetur.
243 1757 371 1832 Legimus
398 1757 472 1814 enim
486 1759 520 1814 de
538 1757 599 1814 filiis
612 1757 706 1830 lsrael,
718 1757 781 1830 quia
804 1757 887 1813 corde
941 1768 989 1812 ora
1003 1755 1063 1812 Dat.
1080 1753 1185 1810 Deinde
1200 1753 1396 1812 tentationibus
1424 1757 1570 1828 superatis,
1599 1765 1627 1814 et
1656 1764 1744 1814 tena-

85 1845 228 1902 redierunt
241 1845 270 1902 in
285 1847 430 1918 AEgyptum
446 1845 542 1920 (Num.
555 1862 616 1914 xxv,
633 1847 673 1920 3).
687 1848 758 1904 Nam
771 1859 887 1918 corpore
903 1829 926 1908 Β
942 1840 1113 1916 toreiuqato‚
1129 1849 1305 1900 accesserunt
1325 1843 1427 1914 augeli,
1452 1848 1480 1898 et
1502 1843 1690 1900 ministrabant
1718 1842 1744 1900 ei

85 1933 199 2002 reverti,
227 1933 349 1990 danaum
375 1939 437 2006 post
456 1949 550 1992 eorum
578 1933 649 1992 talos
674 1933 797 1990 Rubrum
811 1947 887 1988 mare
942 1925 1052 2000 (liottd.
1069 1930 1204 2003 1v‚3·tt).
1219 1933 1255 1988 Et
1269 1937 1299 1987 tu
1314 1945 1393 2004 ergo,
1409 1931 1431 1986 si
1445 1930 1485 1986 vis
1500 1931 1743 1988 habereministe·

84 2021 259 2095 prohibebat.
275 2022 332 2080 Hoc
346 2029 390 2079 ost
405 2023 478 2097 quod
493 2025 673 2081 veliementer
690 2022 804 2096 singulis
823 2023 887 2094 qui·
943 2015 1014 2072 rium
1028 2016 1201 2090 angelorum,
1217 2017 1281 2090 iuge
1295 2017 1497 2076 consolationes
1509 2020 1601 2076 saecnli
1615 2027 1643 2076 et
1657 2025 1745 2077 tenta·

85 2109 192 2181 busque
220 2109 370 2167 timendum
397 2119 448 2180 est,
473 2111 641 2182 nequando
676 2109 746 2169 iorte
774 2118 888 2169 eatenus
941 2103 1060 2164 tionibus
1074 2108 1173 2164 resiste
1186 2106 1416 2166 diaboli.Rannat
1435 2107 1571 2166 consolari
1594 2108 1744 2166 mmatna

85 2201 174 2255 Deum
201 2198 355 2267 oiiendant,
381 2205 411 2257 nt
432 2198 576 2256 manifesta
603 2199 767 2272 abjiciantur
781 2205 810 2257 et
823 2215 888 2258 evo·
941 2193 968 2250 in
983 2195 1053 2268 aliis,
1069 2196 1091 2252 si
1105 2196 1146 2255 vis
1159 2196 1189 2254 in
1212 2197 1263 2254 Dei
1278 2197 1410 2254 memoria
1424 2197 1564 2272 delectari.
1581 2199 1649 2257 Cum
1677 2215 1742 2256 esu·

85 2293 197 2344 mantnr
212 2288 247 2344 ab
257 2303 304 2346 eo:
318 2293 365 2344 aut
378 2287 500 2361 sipndor
513 2294 598 2360 neget
609 2288 773 2361 apostasiam
786 2303 887 2361 corpo·
942 2283 988 2351 ris,
1018 2300 1131 2342 currere
1155 2286 1254 2343 suadet
1280 2285 1316 2342 ad
1340 2302 1458 2359 panem:
1474 2295 1502 2344 at
1520 2293 1550 2344 tu
1572 2287 1661 2360 potius
1679 2288 1742 2346 audi

90 2377 139 2443 ris,
157 2385 236 2448 tepor
252 2377 311 2449 ipse
329 2376 460 2450 paulatim
474 2377 582 2450 ingerat
606 2377 768 2448 apostasiam
783 2377 887 2444 cordis:
942 2371 1090 2440 dicentem,
1107 2375 1168 2432 Noa
1186 2375 1217 2433 io
1240 2375 1298 2432 solo
1318 2391 1391 2448 pauc
1404 2379 1474 2434 civit
1496 2377 1586 2435 ὴοοιο.
1603 2377 1656 2434 Cur
1670 2377 1743 2434 enim

86 2472 119 2520 ut
132 2464 261 2522 videlicet
280 2464 332 2520 snb
358 2464 453 2521 habitu
472 2465 614 2536 religionis
627 2479 674 2522 cor
691 2464 820 2522 saeculme
835 2482 888 2536 ge·
943 2465 1017 2518 tante
1035 2462 1166 2520 vadetate
1181 2463 1351 2530 distraheris,
1381 2471 1411 2520 ut
1424 2465 1506 2522 11¹de
1534 2464 1635 2533 cibum,
1661 2467 1743 2522 m⁰d⁰

84 2561 159 2618 rent,
176 2558 204 2610 et
227 2551 358 2625 quidquid
390 2551 526 2610 saecnlaris
546 2552 741 2610 consolationis
767 2553 889 2610 invenire
943 2558 1047 2624 potum,
1064 2551 1144 2609 mobo
1163 2559 1269 2609 vestem
1288 2551 1458 2621 antlectum,
1473 2552 1526 2609 nisi
1540 2569 1590 2626 pro
1607 2554 1665 2610 sola
1679 2568 1743 2611 cora

86 2639 241 2712 potuerint,
271 2640 479 2710 amplectantur.
507 2642 602 2712 Neque
631 2641 703 2696 enirn
723 2656 817 2698 sumus
839 2657 889 2700 nos
945 2639 1021 2711 poris
1035 2639 1191 2696 necessaria
1204 2640 1401 2696 sustentatione
1416 2641 1550 2714 requiras,
1574 2641 1663 2714 quiin
1677 2657 1743 2711 nno,

87 2719 222 2801 Apostolo
244 2728 406 2798 sanctiores,
420 2727 466 2800 qni
480 2737 571 2784 umen
594 2729 743 2786 verebatur
756 2745 792 2786 ne
807 2729 887 2800 torte,
943 2727 973 2784 id
987 2727 1069 2785 estin
1097 2728 1181 2785 verbo
1209 2727 1271 2795 Dei,
1295 2735 1375 2800 potes
1398 2729 1457 2784 baec
1483 2729 1575 2787 omnia
1602 2728 1745 2789 inuenire?

89 2833 154 2874 cum
186 2816 245 2872 aliis
271 2815 455 2889 praedicasset,
482 2815 541 2888 ipse
569 2818 704 2888 reprobus
735 2816 890 2876 alliceretur
943 2817 1041 2872 Manna
1055 2816 1128 2872 enim
1146 2822 1198 2883 ast,
1214 2833 1323 2875 omnem
1338 2831 1463 2888 saporem
1476 2818 1594 2889 babens,
1610 2817 1745 2876 ctodoris

85 2907 110 2979 (l
129 2909 189 2966 Gor.
204 2921 245 2962 tx.
255 2905 315 2978 bi).
330 2904 386 2961 Sed
400 2904 429 2960 id
445 2905 546 2960 tamdiu
566 2905 716 2963 timendum
738 2915 780 2962 est
800 2907 889 2964 donec
943 2903 1169 2974 delectationem
1186 2904 1296 2977 requies
1311 2913 1353 2962 ast
1367 2919 1432 2964 acra
1447 2905 1600 2980 etdncem,
1616 2907 1706 2966 suavis
1716 2915 1746 2964 at

82 2996 201 3066 laqueus
214 2993 347 3050 contritus
361 2991 407 3063 sit,
423 2992 511 3049 donec
528 3008 628 3065 corpus
641 2993 711 3048 istud
727 2993 817 3050 anima
837 2997 888 3051 da·
944 2991 1059 3048 salubris
1071 2991 1191 3062 jucunda
1200 3001 1229 3049 et
1243 3000 1347 3048 sancta.

83 3082 218 3154 posuerit.
235 3082 305 3140 Nam
324 3089 352 3138 et
366 3081 454 3152 ipsum
468 3096 568 3153 corpus
580 3081 695 3154 laqueus
708 3082 818 3155 qnidam
828 3090 887 3139 est:
979 3085 1006 3140 3.
1021 3081 1085 3138 Haec
1100 3088 1142 3138 est
1156 3081 1298 3153 promissio
1312 3081 1375 3140 xitae
1396 3082 1550 3154 praesentis.
1579 3085 1648 3141 Nam
1676 3099 1744 3158 pro·

85 3172 163 3228 unde
178 3179 206 3228 et
218 3169 312 3227 oculus
322 3169 421 3242 legitur
430 3169 547 3227 animun
561 3169 713 3242 depraedari
723 3169 840 3244 (Thrac.
857 3187 890 3229 ιιι
906 3130 928 3210 c
943 3170 1101 3226 missionem
1128 3168 1227 3225 futurae
1242 3175 1246 3192 ¹
1259 3169 1320 3242 quis
1348 3169 1487 3242 explicati
1517 3171 1547 3229 Si
1574 3175 1743 3245 exspectatio

85 3263 146 3330 et).
162 3259 271 3317 llinime
286 3275 353 3333 erqo
368 3259 448 3317 decet
462 3275 525 3317 esse
539 3275 664 3317 securum
679 3260 827 3329 bominem,
843 3261 891 3334 qni
943 3257 1285 3332 justoramlretitiaffrov.
1304 3274 1335 3327 x,
1350 3259 1404 3329 28),
1429 3269 1457 3316 et
1489 3267 1564 3317 mata
1591 3261 1686 3320 laetitia
1712 3269 1745 3319 nt

84 3363 181 3406 secum
195 3354 285 3421 portat
301 3348 427 3420 laqueum
455 3364 548 3406 snum:
564 3349 618 3406 imo
637 3364 705 3407 vero
726 3349 828 3408 bonum
848 3358 891 3407 est
944 3363 1024 3408 omne
1039 3348 1112 3422 qnod
1123 3346 1295 3404 desideratur
1308 3347 1444 3406 insaecula
1458 3363 1513 3406 noa
1527 3349 1616 3408 valeta
1631 3352 1657 3406 ei
1670 3367 1745 3408 corn-

86 3439 178 3510 magis
192 3437 316 3495 babitare
338 3437 367 3494 in
380 3437 518 3508 adjutorio
546 3436 688 3504 ditissimi,
705 3446 735 3496 ut
754 3455 804 3512 per
827 3455 890 3496 eum
944 3435 1049 3508 parari:
1065 3437 1153 3508 ipsum
1168 3436 1435 3509 quodexspscutur,
1465 3438 1530 3512 qnid
1545 3439 1616 3495 erit?
1642 3438 1744 3498 Oculus

90 3526 180 3598 possit
192 3526 306 3599 laqueus
320 3524 427 3585 autam.
944 3539 1001 3582 non
1014 3525 1092 3593 vidit,
1106 3524 1190 3593 Deus,
1203 3525 1306 3599 absque
1321 3534 1358 3596 te,
1375 3541 1436 3600 qnae
1451 3531 1610 3600 praeparasti
1624 3528 1744 3602 diligen-

404 3613 520 3670 SllllliO
533 3611 580 3670 tv.
946 3613 1019 3670 tibus
1032 3622 1059 3670 te
1074 3614 1151 3684 (isai.
1181 3629 1259 3683 xxxv,
1287 3617 1325 3688 d).
1350 3616 1406 3672 Sub
1434 3617 1476 3672 bis
1503 3617 1598 3690 itaque
1625 3617 1743 3691 scapulis

140 3705 180 3764 Da
195 3717 278 3764 versu
293 3706 403 3776 quarto.
420 3721 433 3755 a
449 3701 577 3776 Scapulis
594 3701 656 3760 suia
674 3701 848 3763 obumbrabit
944 3709 1062 3776 quatuor
1075 3703 1153 3758 nobis
1166 3701 1297 3759 beneficia
1310 3703 1496 3762 conseruntur.
1518 3706 1574 3764 Sub
1600 3707 1642 3764 bis
1669 3707 1742 3764 enim

416 3791 477 3862 tat,
493 3797 572 3848 »etc
945 3789 1151 3847 abscondimur:
1174 3789 1280 3848 sabbis
1307 3791 1343 3850 ab
1370 3793 1480 3852 meursn
1507 3795 1593 3869 [alias
1619 3796 1743 3871 οοοιιιιιι]

132 3889 158 3940 t.
175 3879 320 3941 confitenti
347 3879 494 3950 humiliter,
517 3887 547 3936 et
569 3880 667 3938 devote
694 3880 795 3954 gratias
820 3883 893 3940 reie-
945 3879 1102 3951 accipitrum
1112 3885 1141 3936 at
1153 3879 1299 3936 milvorum
1309 3881 1488 3954 protegimur,
1504 3891 1638 3956 quaeum
1656 3900 1745 3943 aerea

91 3971 176 4041 renti,
200 3985 256 4028 non
274 3968 410 4026 immerito
427 3968 557 4042 ampliora
572 3969 705 4028 beneficia
726 3969 892 4042 promittun·
945 3973 1096 4041 potestates
1108 3969 1173 4028 :snb
1186 3969 1229 4025 bis
1245 3968 1435 4026 umbraculum
1462 3971 1572 4032 salubre
1599 3972 1746 4046 refrigerat

98 4069 156 4118 tur.
198 4061 267 4117 Nam
295 4058 342 4132 qui
369 4055 457 4113 fidelis
484 4056 621 4114 invenitur
638 4057 667 4114 ia
685 4058 802 4132 modico,
830 4061 893 4132 jura
946 4073 1006 4126 nos,
1022 4068 1050 4115 et
1081 4057 1188 4129 repellit
1211 4059 1324 4116 nimium
1346 4059 1412 4117 solis
1439 4059 1594 4118 temonem:
1624 4061 1675 4118 strb
1703 4061 1746 4118 bis

95 4150 277 4208 constituetur
303 4163 387 4219 snper
409 4144 602 4204 mmutsicut
621 4162 638 4204 e
657 4149 794 4205 contrario
817 4149 892 4206 ecci-
946 4163 1055 4221 quoque
1069 4145 1166 4203 elimm
1181 4153 1210 4204 et
1233 4146 1366 4205 iovemur.
1395 4147 1440 4205 xit
1473 4150 1546 4206 enim
1567 4151 1703 4224 Propheta
1717 4151 1746 4208 in

95 4239 207 4314 piendis
218 4237 346 4311 indignus
359 4243 401 4293 est
415 4234 461 4308 qui
482 4234 567 4292 luerit
592 4235 627 4294 de
644 4236 893 4310 acceptisingratus
945 4237 998 4294 atio
1016 4235 1139 4308 psalrrm:
1157 4235 1298 4304 Quonim
1311 4235 1456 4294 abscondit
1468 4238 1746 4298 maiatabcrnaaulo

97 4335 193 4402 ltaque
207 4328 312 4385 devotae
334 4325 372 4380 illi
386 4325 536 4398 gratiarnm
551 4324 652 4383 actioni
669 4326 819 4399 respondet
827 4327 892 4401 Spi-
946 4326 1036 4385 sacia
1049 4325 1094 4384 dia
1111 4326 1255 4383 maloram
1269 4326 1357 4395 (Ptol.
1381 4339 1464 4392 xxvi,
1482 4324 1529 4399 5):
1557 4325 1651 4394 idest,
1680 4328 1746 4385 dum

92 4420 179 4476 ritus:
199 4417 260 4474 Non
273 4414 302 4470 id
315 4413 412 4478 solum,
439 4412 577 4486 inquiens,
608 4412 698 4483 iaciat,
716 4413 765 4472 sed
785 4422 813 4472 et
826 4433 891 4475 sca·
947 4413 1036 4471 adbuc
1049 4412 1182 4470 desmeli
1190 4419 1263 4479 sunt,
1275 4419 1304 4469 et
1316 4413 1345 4470 in
1358 4421 1433 4470 terra
1447 4413 1538 4470 aliene
1551 4429 1655 4482 mutus,
1684 4427 1746 4488 qne

86 4507 167 4583 pulis
194 4505 254 4563 sais
281 4501 455 4563 obumbrabit
484 4502 545 4560 tibi.
572 4501 660 4560 Credo
673 4502 702 4560 in
720 4503 761 4560 his
776 4505 892 4576 scapulis
947 4501 1010 4558 data
1032 4501 1117 4559 estin
1142 4517 1238 4558 manus
1252 4501 1340 4574 impii,
1363 4501 1392 4558 in
1406 4517 1461 4574 qna
1483 4517 1539 4558 non
1561 4511 1604 4559 est
1630 4518 1746 4575 regnum

91 4595 233 4670 geminam
255 4591 307 4650 Dei
334 4589 543 4665 promissionem
583 4591 799 4666 intelligendam,
830 4595 892 4652 vite
946 4591 1032 4664 pacis,
1047 4605 1100 4648 nec
1112 4591 1187 4648 Deus
1209 4591 1284 4663 pacis
1293 4591 1434 4665 regnatin
1458 4607 1501 4650 ea.
1517 4592 1587 4648 Nam
1600 4591 1624 4648 si
1638 4599 1745 4664 regnat,

88 4685 194 4744 scilicet
225 4683 286 4755 ejus
326 4697 386 4753 quae
404 4695 478 4736 nunc
503 4686 555 4749 est,
571 4681 674 4753 pariter
691 4688 719 4738 et
731 4681 838 4739 littura.
863 4682 892 4738 Si
946 4680 1011 4752 quid
1025 4679 1155 4752 estquod
1179 4688 1291 4736 orantes
1315 4679 1446 4737 dicimus:
1462 4680 1601 4738 Adueniet
1627 4697 1747 4752 raparum

89 4772 165 4829 enim
177 4769 264 4827 solum
278 4768 453 4840 promitteret
470 4782 596 4842 regnum,
612 4775 645 4840 et,
657 4769 686 4825 in
700 4770 798 4828 itinere
812 4771 892 4829 dees-
947 4771 1051 4827 taum?
1065 4770 1177 4842 (natta.
1193 4783 1232 4837 vt,
1253 4769 1311 4842 lb.)
1323 4769 1442 4826 Necesse
1460 4769 1599 4842 igiturest
1626 4771 1744 4828 abscon-

89 4868 134 4918 set
148 4857 287 4923 viaticum,
316 4855 426 4912 omnino
454 4863 687 4928 conquererentur
705 4857 840 4930 homines,
864 4865 892 4916 et
945 4856 1011 4914 dere
1025 4858 1146 4923 interim,
1162 4856 1261 4930 siquid
1275 4857 1406 4914 babemus
1420 4858 1500 4930 boni3
1528 4856 1657 4930 qnoniam
1680 4859 1743 4916 tbe-

88 4945 292 5020 responderent
303 4945 315 4999 ἐ
332 4945 459 5015 lingnam
478 4945 589 5018 quidem
604 4952 646 5003 est
665 4948 737 5020 quod
756 4947 891 5019 promitti·
944 4963 1053 5004 saurum
1067 4946 1146 5020 regni
1160 4945 1301 5014 caelorum,
1316 4947 1362 5020 qui
1376 4947 1479 5006 invenit
1492 4948 1584 5019 borno,
1602 4947 1745 5006 abscondit

88 5047 144 5104 tur,
160 5037 210 5094 sed
224 5033 404 5108 perveniendi
418 5031 482 5090 illuc
495 5033 569 5090 nulla
588 5033 703 5093 incultas
717 5036 805 5092 datur.
822 5037 891 5094 Pio·
944 5036 1055 5111 (liattb.
1072 5051 1134 5104 xru,
1146 5035 1204 5109 tt).
1219 5037 1334 5108 Propter
1346 5036 1420 5109 qnod
1434 5036 1516 5093 etiam
1531 5036 1745 5109 corporaliterin

90 5133 189 5199 pterea
202 5124 249 5198 qni
263 5129 325 5194 post
345 5123 396 5178 boc
415 5126 542 5178 secutum
569 5125 649 5182 vitam
663 5123 788 5197 promisit
808 5133 891 5183 aeter·
944 5125 1067 5184 claustris
1082 5135 1110 5182 et
1123 5125 1150 5181 in
1164 5124 1241 5183 silvis
1255 5125 1456 5182 abscondimur.
1466 5127 1501 5184 lit
1522 5127 1545 5183 si
1572 5126 1643 5182 scire
1665 5125 1745 5183 unlus

91 5229 166 5282 nam,
183 5213 241 5288 ipse
255 5209 377 5269 dandum
400 5211 482 5269 etiam
495 5211 524 5266 in
543 5212 596 5269 boc
609 5212 719 5271 saectrlov
735 5214 891 5286 centuplum
945 5222 1074 5288 qnantum
1088 5214 1116 5270 in
1130 5215 1182 5270 baa
1200 5213 1380 5272 absconsione
1393 5213 1539 5284 lucramur,
1550 5213 1632 5271 credo
1641 5212 1744 5270 nullum

90 5301 330 5378 providentissima
343 5299 446 5373 pictate
464 5299 590 5372 promisit
617 5299 889 5376 (liattb.x1x,29).
944 5303 1060 5360 bice'sse
1075 5302 1131 5375 qni,
1155 5301 1179 5358 si
1193 5311 1318 5374 quartam
1332 5309 1438 5376 partem
1463 5317 1556 5361 eorum
1585 5318 1645 5377 qnae
1667 5301 1743 5375 tacit,

91 5391 163 5464 Quid
189 5391 244 5463 jam
271 5387 453 5448 excusationis
480 5389 576 5460 babes,
596 5403 613 5445 o
633 5388 736 5446 bomo?
766 5388 890 5448 Proiecto
944 5392 973 5448 in
995 5389 1094 5448 saeculc
1123 5391 1258 5460 actitaret,
1282 5407 1338 5450 non
1360 5393 1519 5450 adoraretur
1557 5399 1589 5450 nt
1622 5399 1742 5461 sanctus,

92 5481 262 5538 obstructum
288 5485 331 5534 ast
359 5491 391 5533 os
408 5476 580 5548 loquentium
608 5476 712 5549 iniqua.
740 5475 812 5549 Quid
829 5477 891 5552 plus
945 5485 1117 5554 reputaretur
1128 5489 1159 5538 ut
1173 5479 1309 5553 angelus:
1329 5496 1401 5538 nunc
1414 5485 1506 5538 summ
1533 5480 1656 5555 qnotidie
1679 5487 1742 5539 tan-

89 5567 191 5626 alteret
218 5565 344 5624 inimicus
372 5564 407 5622 ad
432 5565 604 5636 tonandum,
636 5564 690 5623 nisi
717 5567 783 5639 quia
807 5566 891 5641 longa
944 5584 1024 5642 quam
1038 5567 1181 5642 negligens
1208 5568 1331 5646 arquitur
1358 5577 1387 5628 et
1412 5567 1744 5643 monasterorum

92 5652 185 5716 lutura
198 5664 241 5715 eat
256 5655 311 5716 uite
329 5655 393 5713 tuat
406 5653 607 5728 Etsigrandis
619 5654 668 5712 tibi
677 5661 763 5717 restat
771 5656 826 5730 ria,
841 5674 891 5716 cur
944 5660 996 5718 boa
1022 5657 1127 5718 lucrum
1154 5657 1261 5730 ducitis,
1290 5659 1364 5733 qnod
1388 5673 1443 5718 con
1465 5659 1629 5734 reputamini
1655 5659 1743 5718 sacca
