3996 6350
235 349 287 412 123
712 347 741 406 S.
761 345 929 408 bthhtttttt
948 336 1084 407 mattis
1102 347 1407 415 utthmvtttuttsts
1848 356 1904 420 iil

234 481 319 547 tores,
339 475 479 534 inveniunt
502 474 577 548 quod
600 474 637 529 ad
658 488 707 530 eos
720 473 823 532 dictum
846 481 888 531 est
905 475 1028 545 verbnm,
1046 490 1070 570 Α
1086 477 1192 548 mundi,
1207 478 1320 536 damnet
1334 479 1425 537 saeculi
1438 481 1595 542 vanitatem.
1618 485 1744 544 Necdum
1766 483 1903 558 loquitur

236 564 360 622 nuntiant
395 564 482 622 aliis:
509 564 666 636 quicunque
702 562 826 630 audiunt,
850 563 1029 620 admirantur.
1084 565 1186 638 lingua,
1202 574 1230 624 et
1255 584 1425 642 quacunque
1449 571 1483 627 de
1498 587 1532 628 eo
1546 581 1619 643 sunt,
1635 573 1767 646 clamant,
1785 575 1900 648 praedi·
1970 624 1971 636 ,

234 655 297 710 ilaec
312 659 339 710 el
354 652 397 710 his
410 652 519 724 similia,
534 651 714 723 dilectissimi,
728 652 826 710 divinae
840 652 944 710 virtutis
958 661 1029 724 sunt,
1085 661 1157 726 cant,
1173 655 1363 730 evangelizant
1379 673 1386 714 ι
1403 656 1461 730 ipsa
1479 675 1589 734 quoque
1611 645 1747 720 infantilia
1762 664 1899 720 membra
1971 641 1973 684 t

234 757 288 799 non
303 742 458 822 fragilitatis
472 743 610 800 humanae.
630 743 704 800 Vasa
718 751 781 799 sunt
798 750 918 799 aureaet
931 759 1030 816 argen—
1084 758 1138 799 non
1162 744 1253 802 silent.
1274 746 1305 801 ln
1325 747 1452 804 omnibus
1475 749 1569 804 muudi
1594 751 1728 822 judicium
1751 751 1896 824 arguitur,

234 837 287 897 tea,
307 831 408 906 quibus
425 847 475 904 pro
490 841 566 899 tanta
580 831 750 888 solemnitate
771 831 800 887 in
812 847 906 887 mensa
923 832 1031 888 Domini
1084 834 1259 906 subvertitur,
1274 835 1437 894 consulatur.
1453 836 1520 908 Quis
1544 838 1618 895 enim
1631 839 1789 911 hominum,
1809 841 1837 897 si
1852 843 1897 898 da·

234 920 317 977 etiam
334 921 430 996 egenis
445 922 598 996 quibusque
617 921 698 979 hodie
720 920 896 980 ministratur.
915 925 976 980 Non
991 930 1032 980 est
1084 931 1161 978 retur
1172 923 1256 994 optio,
1272 939 1327 981 non
1342 924 1430 998 magis
1445 926 1559 999 eligeret
1583 929 1727 986 robustum
1743 946 1856 1004 corpus
1870 941 1895 989 et

233 1010 314 1068 nobis
329 1010 423 1068 tollere
443 1009 504 1082 ista,
529 1028 582 1070 non
611 1012 690 1070 uobis
717 1013 795 1068 datur
819 1027 918 1068 aureus
942 1012 1032 1069 discus
1084 1019 1192 1070 aetatem
1210 1011 1419 1085 intelligibilem,
1435 1031 1517 1086 quam
1535 1015 1753 1076 inlantilemll)
1770 1019 1893 1091 Sapien-

234 1105 280 1155 aut
295 1100 424 1172 scyphus,
439 1100 488 1158 sed
503 1101 550 1174 qui
571 1100 598 1156 in
609 1099 650 1156 eis
664 1107 706 1158 est
720 1099 795 1156 cibus
809 1105 837 1156 et
854 1105 944 1172 potus.
959 1101 1032 1158 Dili-
1087 1103 1131 1172 tia,
1147 1119 1208 1174 quve
1232 1101 1267 1158 de
1286 1102 1399 1158 occultis
1424 1105 1564 1162 traheris?
1578 1121 1596 1162 o
1609 1122 1675 1165 vere
1698 1107 1856 1166 incarnata
1869 1119 1892 1166 et

232 1191 332 1261 penten
346 1189 505 1254 considera,
518 1189 556 1244 ait
568 1187 693 1258 Sapiens,
710 1187 833 1260 pactili
849 1193 1032 1260 apponuntur
1084 1191 1173 1247 velata
1196 1190 1353 1262 Sapiential
1370 1192 1406 1248 Et
1426 1199 1528 1264 umen,
1545 1194 1655 1266 iratres,
1671 1195 1733 1268 ipse
1757 1207 1805 1256 est
1827 1215 1892 1270 pro-

161 1311 165 1319 ·
234 1277 328 1346 (Pron.
339 1291 424 1348 xxnv,
441 1277 478 1349 1).
493 1276 527 1332 Et
537 1291 589 1350 ego
599 1282 674 1333 certe
685 1289 804 1349 agnuam
813 1291 874 1330 mea
889 1289 951 1331 esse
961 1276 1033 1332 Nati·
1084 1278 1183 1335 missus
1197 1279 1262 1336 olim
1276 1293 1327 1352 per
1344 1280 1440 1337 lseiam
1462 1283 1601 1355 parvulus,
1617 1284 1714 1343 sciens·
1733 1288 1891 1359 reprobare

235 1363 325 1422 vitatis
347 1365 431 1435 buius
454 1370 561 1436 tempus
583 1370 611 1419 et
633 1362 732 1432 locum,
754 1361 884 1418 infantilis
909 1364 1032 1434 corporis
1084 1365 1195 1437 malum,
1209 1374 1237 1424 et
1249 1368 1351 1441 eligere
1365 1370 1469 1426 bonurn
1479 1373 1554 1443 (lsai.
1566 1389 1616 1443 vu,
1630 1374 1686 1446 15).
1698 1374 1806 1431 llalum
1826 1392 1891 1449 ergo

236 1451 459 1519 teneritudinem,
474 1452 579 1524 parvuli
593 1452 701 1528 vagitus
725 1457 753 1508 et
773 1450 925 1523 hemmam
941 1452 991 1509 scd
1005 1460 1033 1508 et
1085 1456 1209 1528 voluptas
1222 1457 1355 1529 corporis,
1371 1459 1473 1515 bonum
1493 1476 1559 1517 vero
1586 1459 1698 1519 alllictio
1713 1469 1758 1520 est
1774 1481 1784 1520 :
1802 1463 1890 1537 siqui-

233 1543 354 1616 ipsorum
370 1541 469 1615 quibus
487 1541 575 1613 primo
590 1541 766 1598 annuntiatur
784 1540 911 1599 nativitas
935 1543 1032 1600 Salva-
1085 1545 1149 1602 dem
1164 1553 1192 1601 et
1205 1546 1375 1621 hanc'eligit,
1392 1555 1419 1604 et
1434 1547 1507 1604 illam
1522 1551 1654 1624 reprobat
1673 1567 1744 1622 puer
1766 1551 1889 1624 sapiens,

234 1630 311 1700 toris,
338 1636 529 1704 paupertatem
557 1638 698 1703 pastorum
724 1637 806 1703 atque
830 1629 946 1705 vigilias.
974 1631 1032 1689 llea
1085 1634 1207 1693 Verbum
1228 1635 1329 1691 iulans.
1347 1636 1468 1695 Verbum
1491 1638 1565 1695 enim
1589 1655 1653 1696 caro
1674 1640 1781 1698 lactum
1797 1648 1853 1712 est,
1866 1651 1890 1697 et

233 1729 297 1777 sunt
310 1721 378 1790 haeo,
400 1735 449 1791 pro
467 1736 514 1776 me
534 1719 646 1790 iaciunt,
673 1719 739 1776 mihi
757 1731 942 1793 apponuntur,
965 1721 1032 1776 mihi
1085 1738 1148 1780 caro
1175 1722 1293 1794 infirma,
1323 1740 1386 1781 caro
1413 1725 1559 1797 infantilis,
1588 1743 1652 1785 caro
1681 1735 1797 1799 tenera,
1827 1745 1889 1787 caro

232 1815 422 1883 proponuntur
435 1808 576 1865 imitando.
591 1809 687 1866 Hieme
698 1815 777 1866 natus
790 1816 842 1881 est,
858 1818 938 1867 nocte
953 1815 1032 1867 natus
1048 1829 1070 1907 Β
1085 1811 1232 1886 impotens,
1248 1813 1337 1870 omnis
1349 1814 1449 1886 operis,
1464 1815 1553 1870 omnis
1567 1815 1669 1874 laboris
1683 1815 1849 1889 impatiens.
1869 1871 1872 1878 Δ

234 1905 276 1954 est
298 1897 430 1955 Christus.
449 1898 582 1971 Nunquid
600 1897 738 1955 credimus
755 1914 820 1956 casu
835 1899 935 1956 lactum
954 1905 985 1955 ut
1005 1897 1033 1954 in
1114 1905 1149 1958 ,3.
1164 1902 1198 1958 Et
1210 1917 1286 1972 vere,
1303 1902 1410 1974 tratres,
1426 1903 1548 1960 Verbum
1574 1903 1677 1962 lactum
1700 1912 1744 1961 est
1766 1922 1849 1974 caro,
1864 1915 1888 1964 et

232 1993 308 2044 tanta
331 1988 404 2044 aeris
425 1987 601 2046 inclementia
625 1995 653 2044 et
672 1987 699 2044 in
723 1989 844 2046 tenebris
862 1997 1030 2061 nasceretur,
1085 1986 1126 2045 sic
1142 1989 1274 2046 habitavit
1286 1990 1316 2046 in
1330 1991 1419 2048 uobis.
1439 1991 1510 2047 Dum
1530 1999 1602 2048 esset
1616 1993 1644 2047 in
1659 1991 1798 2065 principio
1818 1997 1887 2065 apud

232 2078 312 2148 cujus
327 2083 369 2133 est
383 2076 471 2133 hiems
484 2085 513 2133 et
541 2083 632 2146 aestas,
658 2075 717 2133 dies
732 2083 760 2133 el
776 2075 951 2136 18911011
969 2080 1032 2135 Non
1084 2077 1175 2134 Deum
1188 2079 1281 2150 (loun.
1297 2094 1317 2150 t,
1334 2080 1389 2152 at),
1405 2078 1494 2136 lucem
1508 2081 1648 2137 habitabat
1667 2081 1887 2140 inaccessibilem

233 2164 337 2237 eligunt
362 2164 467 2237 parvuli
486 2164 579 2222 caeteri
603 2164 713 2238 quando
736 2174 883 2222 nascantur
905 2165 1032 2240 :quippe
1086 2166 1113 2240 (l
1127 2170 1196 2225 Tim.
1212 2182 1250 2237 vv,
1268 2169 1323 2241 16),
1339 2174 1367 2226 et
1381 2184 1435 2225 non
1450 2176 1509 2225 eret
1528 2170 1576 2243 qui
1590 2177 1703 2242 caperet
1726 2170 1805 2228 illud.
1823 2171 1887 2241 Quis

231 2254 331 2327 quibus
345 2254 434 2311 adhuc
447 2254 490 2312 vix
505 2254 700 2327 incipientibus
714 2255 817 2328 vivere,
834 2256 924 2312 nullus
939 2256 1033 2313 subest
1086 2255 1160 2312 enim
1173 2255 1344 2332 investigavit
1358 2273 1469 2314 sensum
1483 2257 1611 2314 Domini?
1622 2265 1668 2314 aut
1683 2258 1745 2330 quis
1758 2259 1886 2315 consilia·

234 2343 346 2399 rationis
367 2359 440 2414 usus,
461 2344 536 2400 nulla
549 2345 670 2420 eligendi
689 2344 811 2416 libertas,
833 2345 945 2402 facultas
959 2345 1032 2402 nulla
1086 2344 1142 2422 rius
1155 2345 1215 2415 ejus
1229 2343 1382 2418 luiti(lsoi.
1392 2361 1439 2416 xc,
1450 2345 1507 2420 13.)
1519 2344 1643 2402 earnalis
1654 2345 1736 2404 bomo
1752 2362 1811 2404 non
1825 2363 1887 2419 per·

234 2431 413 2490 deliberandi.
439 2432 570 2503 Christus,
601 2433 709 2505 iratres,
730 2434 781 2490 etsi
802 2435 883 2492 homo
904 2449 959 2492 uon
974 2441 1033 2492 erat
1085 2432 1150 2506 cipit
1165 2449 1196 2490 ea
1211 2449 1273 2505 quae
1293 2442 1356 2490 suut
1378 2433 1492 2505 Spiritus
1515 2434 1564 2491 Dei
1578 2435 1606 2506 (l
1620 2436 1682 2493 Cor.
1697 2451 1728 2506 u,
1745 2436 1794 2506 11)
1812 2455 1819 2490 :
1841 2437 1887 2493 sed

233 2521 303 2590 (12),
320 2527 380 2578 erat
401 2528 493 2579 tumen
519 2521 548 2577 in
562 2521 695 2595 principio
709 2522 780 2596 opud
799 2522 896 2594 Deum,
914 2526 942 2579 et
957 2523 1033 2580 Deus
1084 2523 1141 2594 jam
1167 2521 1256 2593 capiat
1274 2530 1301 2578 et
1323 2523 1449 2593 carnalis,
1473 2523 1537 2594 quia
1563 2523 1685 2581 Verbum
1712 2523 1819 2581 lactum
1850 2533 1888 2581 est
1961 2518 1966 2529 ’

231 2616 300 2682 eret,
316 2611 453 2684 ejusdem,
468 2613 631 2682 cujusnunc
646 2621 698 2680 est,
718 2611 858 2684 sapientiae
873 2619 1032 2683 etpotesta·
1079 2626 1159 2668 caro.
1189 2609 1218 2668 Si
1240 2610 1307 2667 nihil
1330 2619 1432 2682 praeter
1453 2628 1563 2670 carnem
1585 2613 1661 2672 novit
1685 2613 1792 2682 audire,
1822 2631 1887 2670 ecce
1972 2602 1973 2619 ¹

233 2699 276 2768 lis,
296 2707 391 2772 utpote
404 2700 454 2755 Dei
472 2700 567 2769 virtus,
590 2706 618 2755 et
638 2700 690 2755 Dei
707 2699 850 2770 sapientia.
872 2700 1033 2757 Nasciturus
1086 2698 1207 2755 Verbum
1221 2715 1284 2756 caro
1297 2699 1397 2756 hatum
1420 2706 1460 2756 est
1477 2715 1483 2754 :
1500 2700 1591 2756 audiat
1605 2700 1671 2756 illud
1690 2701 1778 2757 vulin
1793 2718 1885 2759 carne.
1972 2723 1973 2734 ¹

233 2789 325 2862 itaque
340 2789 389 2844 Dei
403 2789 496 2858 Vilius,
512 2791 590 2859 cujus
605 2788 633 2844 in
647 2789 760 2844 arbitrio
774 2797 833 2846 erat
848 2793 1032 2864 quodcunque
1086 2785 1109 2844 0
1133 2789 1227 2858 homo,
1252 2788 1280 2843 in
1301 2804 1383 2845 carne
1402 2788 1451 2845 tibi
1474 2788 1618 2846 exhibetur
1640 2789 1782 2861 Sapientia
1809 2808 1818 2845 τ
1845 2791 1887 2846 illa

232 2877 315 2935 vellet
324 2878 426 2950 eligere
438 2886 557 2950 tempus,
571 2877 652 2950 elegit
662 2877 735 2950 quod
745 2877 889 2936 molestius
899 2888 950 2950 est,
963 2897 1033 2952 prae·
1085 2877 1224 2951 quondam
1247 2877 1362 2948 occulta,
1379 2894 1442 2935 ecce
1454 2879 1511 2949 jam
1534 2878 1649 2935 trahitur
1662 2880 1697 2935 de
1718 2879 1846 2951 occultis,
1863 2891 1888 2937 et
1970 2943 1971 2946 Ἴ

233 2966 330 3025 sertim
352 2965 481 3038 parvulo,
505 2973 532 3022 et
552 2967 681 3038 pauperis
703 2967 798 3023 matris
820 2967 886 3038 filio,
907 2985 968 3041 quae
990 2968 1033 3024 vix
1085 2966 1152 3039 ipsis
1167 2983 1229 3024 sese
1244 2967 1342 3043 ingerit
1356 2968 1481 3025 sensibus
1496 2968 1585 3024 carnis
1600 2976 1663 3026 tuae.
1681 2969 1848 3041 carnaliter,
1860 2981 1887 3026 ut

232 3072 341 3132 pannos
353 3056 469 3112 haberet
483 3055 517 3111 ad
529 3055 733 3127 involvendum,
751 3073 876 3130 praesepe
895 3057 928 3112 ad
950 3056 1032 3114 recli-
1084 3056 1122 3112 ita
1150 3057 1275 3127 dixerim,
1300 3055 1462 3130 praedicatur
1489 3057 1537 3114 tibi
1567 3076 1574 3112 :
1604 3058 1678 3130 Fuge
1705 3059 1886 3131 voluptatem,

233 3147 367 3204 nandum.
378 3147 413 3202 Et
424 3153 499 3202 certe
509 3161 571 3202 cum
584 3153 660 3201 esset
669 3152 744 3201 tanta
757 3146 916 3216 neccessitas,
932 3145 1033 3202 nullam
1048 3167 1070 3245 c
1085 3143 1149 3217 quia
1162 3143 1250 3216 posita
1264 3153 1305 3201 est
1322 3161 1396 3203 mors
1414 3161 1494 3202 secus
1515 3145 1656 3218 introitum
1671 3146 1881 3207 delectationis:
1972 3176 1973 3197 n

234 3236 316 3293 audio
340 3235 451 3308 pellium
472 3233 727 3294 hennentonam.
747 3233 853 3290 Prirnus
870 3235 956 3290 Adam
978 3233 1033 3308 pel.
1085 3249 1136 3305 age
1150 3232 1348 3305 poenitentiam,
1363 3232 1427 3307 quia
1450 3250 1500 3306 per
1520 3235 1591 3290 banc
1613 3234 1819 3308 appropinquat
1840 3230 1885 3292 re'-

232 3325 309 3382 liceis
332 3324 447 3382 vestitur
469 3325 577 3396 tunicis,
598 3324 697 3399 pannis
717 3323 853 3380 secundus
868 3323 1030 3382 obvolvitur.
1084 3338 1170 3394 guum
1184 3321 1234 3377 Dei
1247 3321 1360 3394 (llottlz.
1371 3321 1461 3393 uqi).
1471 3321 1528 3378 lloc
1539 3321 1587 3378 tibi
1600 3321 1733 3395 praedicat
1747 3320 1886 3379 stabulum

232 3415 295 3471 Non
309 3421 352 3471 est
367 3413 420 3471 tale
434 3413 567 3486 judicium
590 3413 704 3470 mundi:
725 3419 772 3469 aut
785 3411 837 3468 iste
858 3411 971 3483 lallilur,
986 3418 1033 3467 aut
1084 3411 1157 3467 istud
1171 3411 1223 3467 hoc
1237 3425 1361 3483 praesepe
1383 3409 1491 3482 clamat,
1508 3411 1559 3483 hoc
1583 3411 1708 3467 membra
1726 3409 1772 3466 illa
1792 3410 1886 3467 inlan-

232 3504 352 3560 mundus
369 3512 452 3562 errat.
476 3505 529 3561 Sed
558 3503 678 3561 divinam
706 3501 762 3558 lalli
790 3500 958 3574 impossibile
991 3509 1033 3559 est
1085 3499 1142 3554 tilia
1164 3497 1309 3554 manifeste
1329 3497 1484 3570 loquuntur,
1501 3500 1553 3555 hoc
1577 3499 1705 3571 lacryma
1727 3505 1756 3556 et
1779 3499 1888 3573 vagitus

233 3593 405 3664 sapientiam.
433 3593 530 3650 llerito
558 3591 673 3665 proinde
710 3597 739 3647 et
766 3591 855 3648 carnis
888 3590 1032 3664 prudentia
1084 3587 1283 3662 evangelizant.
1299 3587 1390 3645 Plorat
1403 3587 1504 3661 quippe
1520 3587 1652 3658 Christus,
1668 3587 1719 3644 sed
1741 3605 1798 3645 nou
1815 3589 1886 3646 deut

233 3681 321 3754 (mors
336 3681 470 3755 siquidem
490 3681 595 3754 etipsa)
611 3678 720 3736 inimica
735 3685 776 3736 est
790 3681 847 3736 Deo
861 3680 951 3751 (hom.
967 3694 1031 3746 vvvv,
1085 3678 1186 3752 caeteri,
1203 3685 1249 3735 aut
1269 3685 1342 3734 certe
1367 3693 1423 3748 non
1445 3693 1529 3751 quare
1550 3677 1643 3748 oaeteri
1665 3677 1764 3734 solent.
1780 3677 1812 3733 ln
1827 3678 1888 3735 aliis
1972 3689 1973 3692 ’

233 3771 273 3840 ’1);
290 3769 422 3828 otsaeculi
446 3787 556 3844 quoque
574 3768 721 3844 prudentia
742 3767 856 3825 stultitia
876 3767 1032 3824 nominatur
1084 3784 1191 3840 sensus,
1216 3767 1244 3825 in
1269 3765 1374 3825 Christo
1397 3767 1561 3840 praevalebat
1589 3765 1715 3824 allectus.
1743 3767 1888 3824 Patiuntur

234 3861 263 3932 (l
285 3861 344 3919 Cor.
361 3874 403 3930 vn,
430 3864 484 3934 19).
508 3861 579 3928 Quid
594 3858 687 3917 enim?
710 3857 832 3915 Christus
854 3857 959 3931 utique,
986 3857 1032 3931 qui
1084 3855 1131 3930 illi,
1149 3875 1202 3916 non
1225 3864 1319 3931 agunt,
1334 3861 1428 3930 utpote
1451 3871 1503 3912 nec
1524 3854 1609 3928 ipsius
1630 3855 1719 3912 adhuc
1742 3872 1825 3911 usum
1841 3871 1889 3912 vo-

233 3964 288 4006 non
303 3947 414 4020 t‘allitur,
430 3950 516 4024 elegit
529 3951 603 4026 quod
617 3947 693 4006 carni
707 3948 850 4004 molestius
862 3955 912 4004 est.
924 3947 955 4003 ld
966 3961 1033 4020 ergo
1084 3941 1195 4002 luntatis
1220 3946 1364 4000 habentes.
1393 3942 1477 4001 183
1499 3943 1540 3999 llli
1565 3961 1599 4000 ex
1622 3943 1751 4018 passione
1778 3944 1888 4019 lugent,

232 4036 340 4106 mellus,
362 4037 390 4094 id
409 4039 509 4111 utilius,
532 4039 560 4096 id
587 4035 856 4112 potius‘eligendum
878 4055 884 4091 :
909 4035 1033 4108 quisquis
1086 4035 1207 4092 Christus
1222 4049 1255 4091 ex
1270 4033 1469 4106 compassione.
1485 4032 1526 4088 llli
1536 4034 1636 4106 jugum
1649 4049 1745 4106 grave,
1756 4034 1832 4106 quod
1847 4043 1890 4089 est

233 4128 307 4184 aliud
322 4126 420 4184 doceat
429 4125 473 4185 vel
484 4129 606 4198 suadeat,
622 4127 657 4181 ab
671 4142 704 4182 eo
714 4132 845 4198 tanquam
859 4141 876 4180 a
889 4125 1033 4181 seductore
1086 4141 1168 4197 super
1181 4139 1277 4180 omnes
1293 4121 1362 4180 lilios
1376 4122 1440 4179 tdae
1452 4140 1460 4177 τ
1471 4122 1594 4181 Christus
1605 4121 1724 4180 tiliorum
1737 4122 1805 4178 tnae
1820 4139 1890 4194 pec·

232 4213 395 4272 cavendum.
491 4242 494 4248 ,
1086 4220 1145 4268 cata
1168 4212 1302 4285 deplorat.
1324 4211 1359 4267 Et
1374 4218 1448 4268 certe
1463 4228 1512 4284 pro
1536 4212 1635 4287 quibus
1650 4226 1730 4282 nunc
1749 4211 1891 4283 lacrymas

270 4304 362 4359 Diam
386 4317 452 4360 vero
476 4301 558 4359 etiam
573 4310 654 4359 nocte
681 4300 765 4359 voluit
788 4300 876 4357 nasci.
896 4301 949 4358 Ubi
972 4309 1034 4358 sunt
1085 4298 1182 4370 fundit,
1198 4307 1293 4372 postea
1309 4299 1402 4357 lundet
1416 4309 1442 4358 et
1456 4301 1626 4375 sanguinem.
1643 4299 1666 4358 Ο
1681 4299 1783 4358 duritia
1796 4299 1893 4357 cordis

234 4391 281 4468 qui
297 4400 352 4449 tam
366 4391 542 4466 impudenter
555 4399 696 4449 ostentare
710 4391 832 4464 gestiunt
852 4390 1034 4464 semetipsos?
1085 4389 1158 4446 meil
1174 4390 1294 4462 Utinam,
1314 4390 1437 4462 Domine,
1461 4389 1530 4446 sicut
1554 4389 1674 4447 Verbum
1697 4404 1761 4459 caro
1785 4389 1893 4447 lactum

232 4482 355 4540 Christus
371 4482 446 4556 eligit
466 4481 540 4554 quod
563 4480 699 4536 salubrius
719 4480 822 4552 judicat
843 4496 916 4538 :vos
935 4479 1033 4553 ehgitis
1087 4485 1139 4549 est,
1163 4477 1201 4533 ita
1224 4486 1252 4535 et
1274 4493 1434 4548 cormeum
1456 4493 1587 4536 carneum
1608 4477 1670 4534 liatl
1695 4477 1838 4550 siquidem
1865 4489 1894 4537 et

233 4573 307 4646 quod
318 4572 447 4645 reprobat
462 4570 516 4627 ille.
529 4569 597 4641 Quis
612 4569 773 4642 prudentior
787 4569 920 4627 eduobus
930 4570 944 4624 l
956 4573 1033 4643 cujus
1086 4569 1139 4624 hoc
1157 4567 1291 4641 pollicitus
1305 4583 1336 4624 es
1350 4584 1399 4639 per
1422 4567 1582 4640 prophetam
1599 4585 1606 4624 ε
1622 4569 1769 4640 Auserem,
1786 4567 1892 4642 inquit,

231 4662 364 4735 judicium
387 4661 505 4734 justius?
530 4662 608 4731 cujus
627 4659 763 4716 sententia
785 4659 895 4717 saniori
911 4661 1033 4735 Denique
1086 4658 1191 4716 uvolis
1204 4675 1253 4717 cor
1277 4657 1429 4731 lapideum,
1444 4660 1473 4715 ct
1491 4657 1559 4715 dato
1580 4655 1656 4717 uobis
1675 4673 1723 4717 cor
1746 4673 1894 4716 carneum

233 4757 305 4808 tacet
319 4750 454 4816 Christus,
469 4766 524 4806 non
548 4765 578 4805 se
593 4748 706 4819 extollit,
722 4764 776 4805 nou
795 4748 961 4823 magnificat,
979 4767 1033 4809 non
1086 4750 1196 4820 (Bacch.
1212 4764 1252 4819 xv,
1270 4749 1324 4819 19).
1737 4811 1740 4818 Δ

233 4837 365 4911 praedicat
391 4857 398 4894 z
423 4847 451 4895 et
465 4853 529 4895 eece
554 4837 696 4893 annuntiat
719 4853 782 4894 oum
804 4840 928 4911 angelus,
942 4839 1034 4899 laudat
1121 4839 1159 4908 d.
1180 4837 1298 4905 Fratres,
1327 4834 1454 4905 lacrvmae
1481 4833 1580 4891 Christi
1605 4833 1672 4890 mihi
1697 4840 1725 4890 et
1750 4834 1894 4906 pudorem

233 4927 378 4985 multitudo
401 4928 522 4984 coelestis
546 4927 691 4985 exercitus.
709 4927 744 4983 Et
767 4935 795 4985 tu
814 4945 880 5002 ergo
895 4931 940 5002 qui
954 4930 1032 4988 Chri·
1086 4926 1206 5000 pariunt,
1223 4933 1250 4981 et
1273 4925 1408 4981 dolorem.
1430 4923 1570 4980 Ludebam
1594 4939 1645 4998 ego
1659 4923 1726 4980 loris
1740 4923 1769 4979 in
1785 4924 1894 4996 platea,

233 5024 306 5074 stum
320 5016 455 5089 sequeris,
470 5017 615 5074 inventum
629 5015 766 5073 absconde
782 5017 950 5076 thesaurum.
966 5019 1033 5077 lima
1087 5025 1115 5075 et
1128 5017 1156 5072 in
1180 5023 1288 5073 secreto
1312 5013 1412 5087 regalis
1432 5011 1549 5070 cubiculi
1573 5027 1654 5084 super
1677 5029 1722 5069 me
1745 5011 1898 5071 serebatur

234 5105 345 5176 nesciri,
369 5105 462 5162 laudet
484 5113 511 5160 te
535 5119 566 5162 os
580 5103 711 5174 alienum,
726 5103 804 5162 sileat
829 5113 914 5164 tuum.
939 5109 1034 5167 Adhuc
1086 5108 1218 5180 judicium
1232 5103 1337 5160 mortis.
1353 5101 1461 5160 Audivit
1475 5103 1526 5159 hoc
1545 5101 1707 5175 Unigenitus
1720 5103 1782 5173 ejus
1799 5121 1807 5159 ε
1825 5105 1896 5162 exiit

234 5203 326 5254 autem
340 5196 368 5251 in
384 5196 493 5252 stabulo
508 5195 629 5252 nascitur
651 5195 784 5266 Christus,
804 5203 832 5252 et
855 5197 881 5252 in
899 5200 1034 5272 praesepio
1087 5197 1175 5271 posito
1203 5193 1366 5262 diademate,
1392 5207 1470 5248 sacco
1498 5191 1621 5263 vestitus,
1644 5207 1773 5264 aspersus
1795 5192 1896 5266 cinere

235 5285 392 5342 reclinatur.
416 5285 453 5340 Et
476 5299 568 5340 nonne
590 5283 650 5357 ipse
666 5285 768 5359 estqui
790 5285 878 5342 dicit:
896 5289 969 5347 lleus
992 5295 1035 5346 est
1088 5292 1177 5358 caput,
1193 5281 1282 5339 nudus
1305 5281 1401 5354 pedes,
1424 5280 1494 5337 llens
1514 5290 1543 5337 et
1565 5279 1683 5353 eJulans,
1700 5281 1774 5353 quod
1798 5291 1895 5340 morte

235 5376 414 5440 crustum,
427 5378 455 5431 et
464 5373 614 5445 plenitudo
624 5373 801 5446 ejus?(Psul.
813 5391 892 5448 xvix,
902 5377 1034 5452 tthuid
1089 5375 1232 5431 damnatus
1248 5377 1321 5429 esset
1336 5370 1459 5428 servulus
1475 5371 1545 5441 ejus.
1560 5371 1671 5428 lutueor
1694 5370 1771 5426 illum
1798 5373 1896 5431 subito

236 5479 303 5536 ergo
327 5463 465 5519 stabulum
494 5463 597 5536 elegit?
621 5461 703 5519 Plane
727 5472 758 5521 ut
771 5467 900 5537 reprobet
919 5467 1035 5540 gloriam
1088 5464 1293 5538 procedentem,
1310 5467 1407 5532 stupeo
1430 5459 1589 5532 novitatem,
1609 5475 1719 5516 causam
1742 5469 1897 5532 percontor
1971 5507 1972 5528 ,

272 5570 331 5644 (tn)
345 5571 411 5626 aliis
424 5569 501 5628 deest
511 5570 653 5644 porticula,
668 5589 737 5642 nort,
753 5571 801 5627 sed
818 5574 960 5630 retinenda
976 5575 1099 5644 omnino,
1115 5579 1144 5628 ut
1159 5571 1194 5627 sit
1208 5586 1305 5626 sensus
1327 5567 1464 5624 Christum
1487 5582 1543 5623 nou
1565 5566 1646 5624 luisse
1661 5568 1804 5627 hominem
1829 5579 1897 5628 ante

235 5645 306 5703 banc
319 5641 497 5713 nativitatem,
512 5642 563 5700 sed
576 5649 683 5700 tantum
700 5643 800 5699 Deum.
854 5666 857 5672 Δ
