<?xml version="1.0" encoding="UTF-8"?>
<!DOCTYPE html PUBLIC "-//W3C//DTD XHTML 1.0 Transitional//EN"
    "http://www.w3.org/TR/xhtml1/DTD/xhtml1-transitional.dtd">
<html xmlns="http://www.w3.org/1999/xhtml" xml:lang="en" lang="en">
 <head>
  <title>
</title>
<meta http-equiv="Content-Type" content="text/html;charset=utf-8" />
  <meta name='ocr-system' content='tesseract 3.04.00' />
  <meta name='ocr-capabilities' content='ocr_page ocr_carea ocr_par ocr_line ocrx_word'/>
</head>
<body>
  <div class='ocr_page' id='page_1' title='image "./patrologiaecurs142unkngoog_0337.png"; bbox 0 0 4116 6348; ppageno 0'>
   <div class='ocr_carea' id='block_1_1' title="bbox 297 421 1944 498">
    <p class='ocr_par' dir='ltr' id='par_1_1' title="bbox 297 421 1944 498">
     <span class='ocr_line' id='line_1_1' title="bbox 297 421 1944 498; baseline -0.004 0"><span class='ocrx_word' id='word_1_1' title='bbox 297 437 349 498; x_wconf 77' lang='lat' dir='ltr'>ott</span> <span class='ocrx_word' id='word_1_2' title='bbox 767 429 796 489; x_wconf 89' lang='lat' dir='ltr'>S.</span> <span class='ocrx_word' id='word_1_3' title='bbox 816 421 985 493; x_wconf 74' lang='lat' dir='ltr'>Baebiani</span> <span class='ocrx_word' id='word_1_4' title='bbox 1004 425 1140 491; x_wconf 73' lang='lat' dir='ltr'>taetus</span> <span class='ocrx_word' id='word_1_5' title='bbox 1158 427 1472 490; x_wconf 72' lang='lat' dir='ltr'>talea-vlttadsts</span> <span class='ocrx_word' id='word_1_6' title='bbox 1886 429 1944 492; x_wconf 76' lang='grc'>656</span> 
     </span>
    </p>
   </div>
   <div class='ocr_carea' id='block_1_2' title="bbox 285 553 1991 5776">
    <p class='ocr_par' dir='ltr' id='par_1_2' title="bbox 285 553 1991 5776">
     <span class='ocr_line' id='line_1_2' title="bbox 295 553 1991 650; baseline -0.004 -32"><span class='ocrx_word' id='word_1_7' title='bbox 295 564 371 618; x_wconf 91' lang='lat' dir='ltr'>lsaac</span> <span class='ocrx_word' id='word_1_8' title='bbox 386 554 539 631; x_wconf 76' lang='lat' dir='ltr'>percutiat?</span> <span class='ocrx_word' id='word_1_9' title='bbox 550 553 664 612; x_wconf 84' lang='lat' dir='ltr'>blultum</span> <span class='ocrx_word' id='word_1_10' title='bbox 679 561 806 623; x_wconf 90' lang='lat' dir='ltr'>tentatas,</span> <span class='ocrx_word' id='word_1_11' title='bbox 818 557 933 613; x_wconf 90' lang='lat' dir='ltr'>multum</span> <span class='ocrx_word' id='word_1_12' title='bbox 948 558 1089 630; x_wconf 89' lang='lat' dir='ltr'>probatas,</span> <span class='ocrx_word' id='word_1_13' title='bbox 1108 556 1247 650; x_wconf 66' lang='lat' dir='ltr'>ggradas</span> <span class='ocrx_word' id='word_1_14' title='bbox 1262 556 1363 614; x_wconf 82' lang='lat' dir='ltr'>ibidem</span> <span class='ocrx_word' id='word_1_15' title='bbox 1383 554 1553 622; x_wconf 87' lang='lat' dir='ltr'>delitescunt,</span> <span class='ocrx_word' id='word_1_16' title='bbox 1578 573 1694 627; x_wconf 90' lang='lat' dir='ltr'>quornm</span> <span class='ocrx_word' id='word_1_17' title='bbox 1714 558 1759 630; x_wconf 91' lang='lat' dir='ltr'>qui</span> <span class='ocrx_word' id='word_1_18' title='bbox 1775 574 1858 615; x_wconf 87' lang='lat' dir='ltr'>unum</span> <span class='ocrx_word' id='word_1_19' title='bbox 1874 557 1943 614; x_wconf 86' lang='lat' dir='ltr'>reli·</span> <span class='ocrx_word' id='word_1_20' title='bbox 1987 584 1991 594; x_wconf 93' lang='lat'>·</span> 
     </span>
     <span class='ocr_line' id='line_1_3' title="bbox 295 642 1763 718; baseline -0.001 -12"><span class='ocrx_word' id='word_1_21' title='bbox 295 650 408 706; x_wconf 86' lang='lat' dir='ltr'>adustas</span> <span class='ocrx_word' id='word_1_22' title='bbox 422 655 464 702; x_wconf 90' lang='lat' dir='ltr'>est</span> <span class='ocrx_word' id='word_1_23' title='bbox 487 651 610 701; x_wconf 91' lang='lat' dir='ltr'>multum.</span> <span class='ocrx_word' id='word_1_24' title='bbox 626 642 720 701; x_wconf 88' lang='lat' dir='ltr'>Dulcis</span> <span class='ocrx_word' id='word_1_25' title='bbox 740 644 838 699; x_wconf 90' lang='lat' dir='ltr'>relatio</span> <span class='ocrx_word' id='word_1_26' title='bbox 853 646 901 700; x_wconf 92' lang='lat' dir='ltr'>lilii</span> <span class='ocrx_word' id='word_1_27' title='bbox 922 650 955 702; x_wconf 89' lang='lat' dir='ltr'>ad</span> <span class='ocrx_word' id='word_1_28' title='bbox 972 654 1088 716; x_wconf 90' lang='lat' dir='ltr'>patrem,</span> <span class='ocrx_word' id='word_1_29' title='bbox 1148 647 1244 718; x_wconf 92' lang='lat' dir='ltr'>querit,</span> <span class='ocrx_word' id='word_1_30' title='bbox 1261 653 1373 702; x_wconf 76' lang='lat' dir='ltr'>ceteros</span> <span class='ocrx_word' id='word_1_31' title='bbox 1387 645 1446 702; x_wconf 89' lang='lat' dir='ltr'>sine</span> <span class='ocrx_word' id='word_1_32' title='bbox 1460 645 1636 701; x_wconf 80' lang='lat' dir='ltr'>retributione</span> <span class='ocrx_word' id='word_1_33' title='bbox 1652 647 1763 704; x_wconf 75' lang='lat' dir='ltr'>tenebit.</span> 
     </span>
     <span class='ocr_line' id='line_1_4' title="bbox 294 732 1943 810; baseline -0.001 -18"><span class='ocrx_word' id='word_1_34' title='bbox 294 738 381 810; x_wconf 88' lang='lat' dir='ltr'>patris</span> <span class='ocrx_word' id='word_1_35' title='bbox 405 736 438 792; x_wconf 90' lang='lat' dir='ltr'>ad</span> <span class='ocrx_word' id='word_1_36' title='bbox 461 733 545 791; x_wconf 86' lang='lat' dir='ltr'>lilium</span> <span class='ocrx_word' id='word_1_37' title='bbox 562 753 568 788; x_wconf 92' lang='lat'>:</span> <span class='ocrx_word' id='word_1_38' title='bbox 584 735 652 789; x_wconf 91' lang='lat' dir='ltr'>hanc</span> <span class='ocrx_word' id='word_1_39' title='bbox 677 732 846 790; x_wconf 79' lang='lat' dir='ltr'>dulcedinem</span> <span class='ocrx_word' id='word_1_40' title='bbox 868 743 894 788; x_wconf 91' lang='lat' dir='ltr'>ot</span> <span class='ocrx_word' id='word_1_41' title='bbox 913 733 1033 790; x_wconf 91' lang='lat' dir='ltr'>omniurn</span> <span class='ocrx_word' id='word_1_42' title='bbox 1046 732 1090 790; x_wconf 86' lang='lat' dir='ltr'>al·</span> <span class='ocrx_word' id='word_1_43' title='bbox 1179 739 1205 792; x_wconf 83' lang='lat' dir='ltr'>l.</span> <span class='ocrx_word' id='word_1_44' title='bbox 1224 736 1329 792; x_wconf 82' lang='lat' dir='ltr'>Primus</span> <span class='ocrx_word' id='word_1_45' title='bbox 1343 741 1432 790; x_wconf 90' lang='lat' dir='ltr'>autem</span> <span class='ocrx_word' id='word_1_46' title='bbox 1442 733 1544 808; x_wconf 83' lang='lat' dir='ltr'>gradus</span> <span class='ocrx_word' id='word_1_47' title='bbox 1554 741 1595 788; x_wconf 89' lang='lat' dir='ltr'>est</span> <span class='ocrx_word' id='word_1_48' title='bbox 1609 733 1721 792; x_wconf 89' lang='lat' dir='ltr'>obedire</span> <span class='ocrx_word' id='word_1_49' title='bbox 1739 736 1864 793; x_wconf 89' lang='lat' dir='ltr'>libenter.</span> <span class='ocrx_word' id='word_1_50' title='bbox 1875 735 1943 790; x_wconf 82' lang='lat' dir='ltr'>tlrn-</span> 
     </span>
     <span class='ocr_line' id='line_1_5' title="bbox 293 821 1940 894; baseline -0.001 -13"><span class='ocrx_word' id='word_1_51' title='bbox 293 827 381 882; x_wconf 90' lang='lat' dir='ltr'>lectus</span> <span class='ocrx_word' id='word_1_52' title='bbox 395 822 624 882; x_wconf 83' lang='lat' dir='ltr'>necessitudinem</span> <span class='ocrx_word' id='word_1_53' title='bbox 638 821 806 878; x_wconf 73' lang='lat' dir='ltr'>obliviscitur</span> <span class='ocrx_word' id='word_1_54' title='bbox 820 821 979 891; x_wconf 78' lang='lat' dir='ltr'>Abraham,</span> <span class='ocrx_word' id='word_1_55' title='bbox 996 823 1090 880; x_wconf 89' lang='lat' dir='ltr'>sternit</span> <span class='ocrx_word' id='word_1_56' title='bbox 1144 825 1187 881; x_wconf 90' lang='lat' dir='ltr'>nis</span> <span class='ocrx_word' id='word_1_57' title='bbox 1207 832 1271 880; x_wconf 87' lang='lat' dir='ltr'>aetas</span> <span class='ocrx_word' id='word_1_58' title='bbox 1295 824 1329 879; x_wconf 90' lang='lat' dir='ltr'>ab</span> <span class='ocrx_word' id='word_1_59' title='bbox 1353 821 1534 878; x_wconf 86' lang='lat' dir='ltr'>adolescentia</span> <span class='ocrx_word' id='word_1_60' title='bbox 1557 839 1605 879; x_wconf 90' lang='lat' dir='ltr'>saa</span> <span class='ocrx_word' id='word_1_61' title='bbox 1628 837 1713 894; x_wconf 85' lang='lat' dir='ltr'>prona</span> <span class='ocrx_word' id='word_1_62' title='bbox 1727 833 1768 879; x_wconf 89' lang='lat' dir='ltr'>est</span> <span class='ocrx_word' id='word_1_63' title='bbox 1789 823 1818 879; x_wconf 88' lang='lat' dir='ltr'>ia</span> <span class='ocrx_word' id='word_1_64' title='bbox 1837 825 1940 880; x_wconf 87' lang='lat' dir='ltr'>malum</span> 
     </span>
     <span class='ocr_line' id='line_1_6' title="bbox 294 909 1942 984; baseline -0.002 -13"><span class='ocrx_word' id='word_1_65' title='bbox 294 915 399 972; x_wconf 86' lang='lat' dir='ltr'>asinum</span> <span class='ocrx_word' id='word_1_66' title='bbox 415 929 505 982; x_wconf 88' lang='lat' dir='ltr'>suum,</span> <span class='ocrx_word' id='word_1_67' title='bbox 523 911 597 984; x_wconf 89' lang='lat' dir='ltr'>ligna</span> <span class='ocrx_word' id='word_1_68' title='bbox 612 910 760 982; x_wconf 84' lang='lat' dir='ltr'>componit,</span> <span class='ocrx_word' id='word_1_69' title='bbox 774 909 866 983; x_wconf 83' lang='lat' dir='ltr'>ignem</span> <span class='ocrx_word' id='word_1_70' title='bbox 882 910 1015 976; x_wconf 78' lang='lat' dir='ltr'>accendit,</span> <span class='ocrx_word' id='word_1_71' title='bbox 1029 911 1089 968; x_wconf 89' lang='lat' dir='ltr'>cxi·</span> <span class='ocrx_word' id='word_1_72' title='bbox 1144 914 1223 984; x_wconf 80' lang='lat' dir='ltr'>(Gerr.</span> <span class='ocrx_word' id='word_1_73' title='bbox 1249 927 1308 977; x_wconf 84' lang='lat' dir='ltr'>vrri,</span> <span class='ocrx_word' id='word_1_74' title='bbox 1333 912 1390 981; x_wconf 76' lang='grc'>21],</span> <span class='ocrx_word' id='word_1_75' title='bbox 1415 921 1442 967; x_wconf 88' lang='lat' dir='ltr'>et</span> <span class='ocrx_word' id='word_1_76' title='bbox 1464 915 1654 984; x_wconf 87' lang='lat' dir='ltr'>unasqnisque</span> <span class='ocrx_word' id='word_1_77' title='bbox 1677 913 1838 970; x_wconf 88' lang='lat' dir='ltr'>volantatem</span> <span class='ocrx_word' id='word_1_78' title='bbox 1865 913 1942 984; x_wconf 79' lang='lat' dir='ltr'>praui</span> 
     </span>
     <span class='ocr_line' id='line_1_7' title="bbox 295 1000 1940 1077; baseline -0.001 -18"><span class='ocrx_word' id='word_1_79' title='bbox 295 1005 343 1060; x_wconf 90' lang='lat' dir='ltr'>mit</span> <span class='ocrx_word' id='word_1_80' title='bbox 367 1003 498 1077; x_wconf 89' lang='lat' dir='ltr'>gladium.</span> <span class='ocrx_word' id='word_1_81' title='bbox 519 1001 581 1057; x_wconf 91' lang='lat' dir='ltr'>Non</span> <span class='ocrx_word' id='word_1_82' title='bbox 605 1016 622 1056; x_wconf 90' lang='lat' dir='ltr'>a</span> <span class='ocrx_word' id='word_1_83' title='bbox 645 1001 762 1056; x_wconf 87' lang='lat' dir='ltr'>Domino</span> <span class='ocrx_word' id='word_1_84' title='bbox 786 1001 892 1073; x_wconf 79' lang='lat' dir='ltr'>qaaerit,</span> <span class='ocrx_word' id='word_1_85' title='bbox 907 1017 1009 1072; x_wconf 88' lang='lat' dir='ltr'>quare;</span> <span class='ocrx_word' id='word_1_86' title='bbox 1034 1017 1089 1056; x_wconf 92' lang='lat' dir='ltr'>non</span> <span class='ocrx_word' id='word_1_87' title='bbox 1144 1003 1233 1058; x_wconf 80' lang='lat' dir='ltr'>cordis</span> <span class='ocrx_word' id='word_1_88' title='bbox 1247 1002 1288 1056; x_wconf 93' lang='lat' dir='ltr'>sui</span> <span class='ocrx_word' id='word_1_89' title='bbox 1303 1009 1430 1056; x_wconf 87' lang='lat' dir='ltr'>sectatur.</span> <span class='ocrx_word' id='word_1_90' title='bbox 1447 1001 1489 1056; x_wconf 77' lang='lat' dir='ltr'>to</span> <span class='ocrx_word' id='word_1_91' title='bbox 1509 1000 1552 1056; x_wconf 89' lang='lat' dir='ltr'>illa</span> <span class='ocrx_word' id='word_1_92' title='bbox 1575 1000 1647 1056; x_wconf 92' lang='lat' dir='ltr'>enim</span> <span class='ocrx_word' id='word_1_93' title='bbox 1667 1001 1762 1074; x_wconf 86' lang='lat' dir='ltr'>primae</span> <span class='ocrx_word' id='word_1_94' title='bbox 1775 1003 1940 1074; x_wconf 77' lang='lat' dir='ltr'>prevarica-</span> 
     </span>
     <span class='ocr_line' id='line_1_8' title="bbox 294 1088 1942 1162; baseline 0.002 -16"><span class='ocrx_word' id='word_1_95' title='bbox 294 1099 455 1160; x_wconf 88' lang='lat' dir='ltr'>murmurat,</span> <span class='ocrx_word' id='word_1_96' title='bbox 469 1107 523 1146; x_wconf 93' lang='lat' dir='ltr'>non</span> <span class='ocrx_word' id='word_1_97' title='bbox 538 1089 724 1161; x_wconf 85' lang='lat' dir='ltr'>conqueritur,</span> <span class='ocrx_word' id='word_1_98' title='bbox 742 1103 796 1144; x_wconf 94' lang='lat' dir='ltr'>non</span> <span class='ocrx_word' id='word_1_99' title='bbox 811 1091 906 1146; x_wconf 89' lang='lat' dir='ltr'>saltem</span> <span class='ocrx_word' id='word_1_100' title='bbox 921 1092 1022 1146; x_wconf 84' lang='lat' dir='ltr'>vultum</span> <span class='ocrx_word' id='word_1_101' title='bbox 1037 1089 1089 1144; x_wconf 91' lang='lat' dir='ltr'>do·</span> <span class='ocrx_word' id='word_1_102' title='bbox 1144 1090 1225 1147; x_wconf 92' lang='lat' dir='ltr'>tionis</span> <span class='ocrx_word' id='word_1_103' title='bbox 1249 1091 1372 1162; x_wconf 88' lang='lat' dir='ltr'>angustia</span> <span class='ocrx_word' id='word_1_104' title='bbox 1399 1088 1505 1144; x_wconf 89' lang='lat' dir='ltr'>innatus</span> <span class='ocrx_word' id='word_1_105' title='bbox 1531 1096 1572 1144; x_wconf 89' lang='lat' dir='ltr'>est</span> <span class='ocrx_word' id='word_1_106' title='bbox 1596 1089 1699 1146; x_wconf 91' lang='lat' dir='ltr'>homini</span> <span class='ocrx_word' id='word_1_107' title='bbox 1727 1088 1835 1148; x_wconf 73' lang='lat' dir='ltr'>lm</span> <span class='ocrx_word' id='word_1_108' title='bbox 1864 1107 1942 1150; x_wconf 90' lang='lat' dir='ltr'>arnor</span> 
     </span>
     <span class='ocr_line' id='line_1_9' title="bbox 294 1176 1940 1252; baseline -0.001 -16"><span class='ocrx_word' id='word_1_109' title='bbox 294 1181 375 1238; x_wconf 89' lang='lat' dir='ltr'>lentis</span> <span class='ocrx_word' id='word_1_110' title='bbox 384 1177 699 1252; x_wconf 75' lang='lat' dir='ltr'>ostendit3sedomnium</span> <span class='ocrx_word' id='word_1_111' title='bbox 711 1178 1089 1252; x_wconf 85' lang='lat' dir='ltr'>qaaepraeoipiunturignarus</span> <span class='ocrx_word' id='word_1_112' title='bbox 1143 1177 1261 1252; x_wconf 86' lang='lat' dir='ltr'>propriae</span> <span class='ocrx_word' id='word_1_113' title='bbox 1283 1176 1439 1246; x_wconf 79' lang='lat' dir='ltr'>uoluntatis,</span> <span class='ocrx_word' id='word_1_114' title='bbox 1465 1191 1525 1248; x_wconf 83' lang='lat' dir='ltr'>quae</span> <span class='ocrx_word' id='word_1_115' title='bbox 1548 1177 1715 1234; x_wconf 89' lang='lat' dir='ltr'>volantatem</span> <span class='ocrx_word' id='word_1_116' title='bbox 1740 1177 1781 1235; x_wconf 87' lang='lat' dir='ltr'>sui</span> <span class='ocrx_word' id='word_1_117' title='bbox 1800 1179 1940 1237; x_wconf 82' lang='lat' dir='ltr'>Creator-is</span> 
     </span>
     <span class='ocr_line' id='line_1_10' title="bbox 295 1265 1940 1343; baseline -0.001 -17"><span class='ocrx_word' id='word_1_118' title='bbox 295 1270 388 1343; x_wconf 81' lang='lat' dir='ltr'>(alios,</span> <span class='ocrx_word' id='word_1_119' title='bbox 400 1269 523 1342; x_wconf 87' lang='lat' dir='ltr'>gnarus),</span> <span class='ocrx_word' id='word_1_120' title='bbox 536 1267 562 1322; x_wconf 94' lang='lat' dir='ltr'>in</span> <span class='ocrx_word' id='word_1_121' title='bbox 571 1275 685 1323; x_wconf 89' lang='lat' dir='ltr'>mortem</span> <span class='ocrx_word' id='word_1_122' title='bbox 695 1265 741 1322; x_wconf 91' lang='lat' dir='ltr'>lilii</span> <span class='ocrx_word' id='word_1_123' title='bbox 751 1266 958 1338; x_wconf 87' lang='lat' dir='ltr'>piacrodelitate</span> <span class='ocrx_word' id='word_1_124' title='bbox 969 1265 1087 1321; x_wconf 81' lang='lat' dir='ltr'>festinat.</span> <span class='ocrx_word' id='word_1_125' title='bbox 1144 1267 1306 1340; x_wconf 86' lang='lat' dir='ltr'>relinquens,</span> <span class='ocrx_word' id='word_1_126' title='bbox 1322 1266 1360 1324; x_wconf 90' lang='lat' dir='ltr'>ibi</span> <span class='ocrx_word' id='word_1_127' title='bbox 1377 1265 1484 1322; x_wconf 90' lang='lat' dir='ltr'>subdita</span> <span class='ocrx_word' id='word_1_128' title='bbox 1507 1273 1549 1324; x_wconf 90' lang='lat' dir='ltr'>est</span> <span class='ocrx_word' id='word_1_129' title='bbox 1570 1267 1703 1336; x_wconf 83' lang='lat' dir='ltr'>servituti,</span> <span class='ocrx_word' id='word_1_130' title='bbox 1720 1267 1766 1322; x_wconf 93' lang='lat' dir='ltr'>ubi</span> <span class='ocrx_word' id='word_1_131' title='bbox 1786 1268 1871 1326; x_wconf 85' lang='lat' dir='ltr'>voluit</span> <span class='ocrx_word' id='word_1_132' title='bbox 1886 1269 1940 1326; x_wconf 92' lang='lat' dir='ltr'>do-</span> 
     </span>
     <span class='ocr_line' id='line_1_11' title="bbox 294 1353 1941 1432; baseline -0.001 -17"><span class='ocrx_word' id='word_1_133' title='bbox 294 1359 357 1416; x_wconf 90' lang='lat' dir='ltr'>ldeo</span> <span class='ocrx_word' id='word_1_134' title='bbox 371 1364 517 1413; x_wconf 87' lang='lat' dir='ltr'>snmmaeet</span> <span class='ocrx_word' id='word_1_135' title='bbox 527 1354 861 1412; x_wconf 85' lang='lat' dir='ltr'>adnrirabilisobcdiontiae</span> <span class='ocrx_word' id='word_1_136' title='bbox 872 1356 957 1413; x_wconf 86' lang='lat' dir='ltr'>virtus</span> <span class='ocrx_word' id='word_1_137' title='bbox 967 1355 1090 1410; x_wconf 84' lang='lat' dir='ltr'>inAbra·</span> <span class='ocrx_word' id='word_1_138' title='bbox 1144 1357 1251 1414; x_wconf 89' lang='lat' dir='ltr'>minari.</span> <span class='ocrx_word' id='word_1_139' title='bbox 1267 1355 1383 1414; x_wconf 82' lang='lat' dir='ltr'>Difficile</span> <span class='ocrx_word' id='word_1_140' title='bbox 1396 1364 1437 1413; x_wconf 89' lang='lat' dir='ltr'>est</span> <span class='ocrx_word' id='word_1_141' title='bbox 1451 1371 1517 1432; x_wconf 83' lang='lat' dir='ltr'>ergo</span> <span class='ocrx_word' id='word_1_142' title='bbox 1533 1370 1611 1411; x_wconf 90' lang='lat' dir='ltr'>suam</span> <span class='ocrx_word' id='word_1_143' title='bbox 1634 1353 1791 1428; x_wconf 86' lang='lat' dir='ltr'>relinquere</span> <span class='ocrx_word' id='word_1_144' title='bbox 1814 1358 1941 1416; x_wconf 82' lang='lat' dir='ltr'>uolunta-</span> 
     </span>
     <span class='ocr_line' id='line_1_12' title="bbox 295 1435 1942 1520; baseline -0.001 -18"><span class='ocrx_word' id='word_1_145' title='bbox 295 1449 369 1514; x_wconf 89' lang='lat' dir='ltr'>hom,</span> <span class='ocrx_word' id='word_1_146' title='bbox 385 1454 412 1504; x_wconf 93' lang='lat' dir='ltr'>et</span> <span class='ocrx_word' id='word_1_147' title='bbox 425 1444 572 1518; x_wconf 83' lang='lat' dir='ltr'>singularis</span> <span class='ocrx_word' id='word_1_148' title='bbox 589 1435 753 1502; x_wconf 76' lang='lat' dir='ltr'>excellentiae</span> <span class='ocrx_word' id='word_1_149' title='bbox 767 1443 892 1502; x_wconf 91' lang='lat' dir='ltr'>laudibus</span> <span class='ocrx_word' id='word_1_150' title='bbox 905 1444 1088 1518; x_wconf 81' lang='lat' dir='ltr'>predicanda.</span> <span class='ocrx_word' id='word_1_151' title='bbox 1145 1455 1207 1520; x_wconf 73' lang='lat' dir='ltr'>lein,</span> <span class='ocrx_word' id='word_1_152' title='bbox 1232 1453 1259 1503; x_wconf 91' lang='lat' dir='ltr'>et</span> <span class='ocrx_word' id='word_1_153' title='bbox 1279 1444 1390 1501; x_wconf 90' lang='lat' dir='ltr'>alterius</span> <span class='ocrx_word' id='word_1_154' title='bbox 1403 1443 1534 1503; x_wconf 87' lang='lat' dir='ltr'>voluntati</span> <span class='ocrx_word' id='word_1_155' title='bbox 1553 1443 1696 1500; x_wconf 78' lang='lat' dir='ltr'>desereire.</span> <span class='ocrx_word' id='word_1_156' title='bbox 1722 1443 1876 1514; x_wconf 76' lang='lat' dir='ltr'>Quamlibet</span> <span class='ocrx_word' id='word_1_157' title='bbox 1890 1463 1942 1502; x_wconf 90' lang='lat' dir='ltr'>au·</span> 
     </span>
     <span class='ocr_line' id='line_1_13' title="bbox 330 1530 1941 1607; baseline -0.001 -15"><span class='ocrx_word' id='word_1_158' title='bbox 330 1539 357 1593; x_wconf 82' lang='lat'>³.</span> <span class='ocrx_word' id='word_1_159' title='bbox 372 1533 530 1592; x_wconf 86' lang='lat' dir='ltr'>Fortissima</span> <span class='ocrx_word' id='word_1_160' title='bbox 552 1551 595 1590; x_wconf 88' lang='lat' dir='ltr'>res</span> <span class='ocrx_word' id='word_1_161' title='bbox 610 1542 652 1589; x_wconf 90' lang='lat' dir='ltr'>est</span> <span class='ocrx_word' id='word_1_162' title='bbox 675 1533 827 1590; x_wconf 88' lang='lat' dir='ltr'>obedientia</span> <span class='ocrx_word' id='word_1_163' title='bbox 848 1549 921 1602; x_wconf 87' lang='lat' dir='ltr'>vera,</span> <span class='ocrx_word' id='word_1_164' title='bbox 942 1541 970 1590; x_wconf 93' lang='lat' dir='ltr'>et</span> <span class='ocrx_word' id='word_1_165' title='bbox 984 1549 1045 1607; x_wconf 85' lang='lat' dir='ltr'>quae</span> <span class='ocrx_word' id='word_1_166' title='bbox 1061 1532 1090 1588; x_wconf 93' lang='lat' dir='ltr'>in</span> <span class='ocrx_word' id='word_1_167' title='bbox 1145 1545 1199 1592; x_wconf 89' lang='lat' dir='ltr'>tem</span> <span class='ocrx_word' id='word_1_168' title='bbox 1214 1549 1298 1606; x_wconf 88' lang='lat' dir='ltr'>grave</span> <span class='ocrx_word' id='word_1_169' title='bbox 1313 1534 1357 1602; x_wconf 90' lang='lat' dir='ltr'>sit,</span> <span class='ocrx_word' id='word_1_170' title='bbox 1369 1549 1424 1588; x_wconf 90' lang='lat' dir='ltr'>non</span> <span class='ocrx_word' id='word_1_171' title='bbox 1439 1539 1528 1604; x_wconf 86' lang='lat' dir='ltr'>potest</span> <span class='ocrx_word' id='word_1_172' title='bbox 1542 1541 1631 1587; x_wconf 86' lang='lat' dir='ltr'>tamen</span> <span class='ocrx_word' id='word_1_173' title='bbox 1646 1530 1764 1603; x_wconf 90' lang='lat' dir='ltr'>primum</span> <span class='ocrx_word' id='word_1_174' title='bbox 1778 1533 1941 1591; x_wconf 78' lang='lat' dir='ltr'>obedientia·</span> 
     </span>
     <span class='ocr_line' id='line_1_14' title="bbox 286 1620 1942 1704; baseline -0.001 -25"><span class='ocrx_word' id='word_1_175' title='bbox 286 1625 414 1704; x_wconf 68' lang='lat' dir='ltr'>⁸animum</span> <span class='ocrx_word' id='word_1_176' title='bbox 435 1625 600 1680; x_wconf 88' lang='lat' dir='ltr'>descendere</span> <span class='ocrx_word' id='word_1_177' title='bbox 614 1637 668 1678; x_wconf 91' lang='lat' dir='ltr'>non</span> <span class='ocrx_word' id='word_1_178' title='bbox 691 1631 788 1696; x_wconf 88' lang='lat' dir='ltr'>potest,</span> <span class='ocrx_word' id='word_1_179' title='bbox 805 1622 995 1679; x_wconf 89' lang='lat' dir='ltr'>nisiamundi</span> <span class='ocrx_word' id='word_1_180' title='bbox 1009 1623 1090 1692; x_wconf 80' lang='lat' dir='ltr'>haias</span> <span class='ocrx_word' id='word_1_181' title='bbox 1144 1626 1289 1682; x_wconf 88' lang='lat' dir='ltr'>ascendere</span> <span class='ocrx_word' id='word_1_182' title='bbox 1323 1621 1449 1696; x_wconf 80' lang='lat' dir='ltr'>gradum,</span> <span class='ocrx_word' id='word_1_183' title='bbox 1482 1620 1528 1692; x_wconf 93' lang='lat' dir='ltr'>qni</span> <span class='ocrx_word' id='word_1_184' title='bbox 1559 1620 1726 1678; x_wconf 81' lang='lat' dir='ltr'>voluntatem</span> <span class='ocrx_word' id='word_1_185' title='bbox 1758 1623 1942 1695; x_wconf 73' lang='lat' dir='ltr'>precipientis</span> 
     </span>
     <span class='ocr_line' id='line_1_15' title="bbox 295 1709 1942 1786; baseline -0.001 -17"><span class='ocrx_word' id='word_1_186' title='bbox 295 1714 438 1786; x_wconf 71' lang='lat' dir='ltr'>aspergine</span> <span class='ocrx_word' id='word_1_187' title='bbox 462 1729 530 1784; x_wconf 91' lang='lat' dir='ltr'>pure</span> <span class='ocrx_word' id='word_1_188' title='bbox 550 1727 697 1786; x_wconf 88' lang='lat' dir='ltr'>presseque</span> <span class='ocrx_word' id='word_1_189' title='bbox 719 1711 866 1769; x_wconf 90' lang='lat' dir='ltr'>detersam.</span> <span class='ocrx_word' id='word_1_190' title='bbox 882 1712 917 1768; x_wconf 90' lang='lat' dir='ltr'>Ut</span> <span class='ocrx_word' id='word_1_191' title='bbox 940 1720 1028 1767; x_wconf 69' lang='lat' dir='ltr'>auem</span> <span class='ocrx_word' id='word_1_192' title='bbox 1043 1711 1087 1767; x_wconf 89' lang='lat' dir='ltr'>via</span> <span class='ocrx_word' id='word_1_193' title='bbox 1144 1729 1221 1771; x_wconf 88' lang='lat' dir='ltr'>suam</span> <span class='ocrx_word' id='word_1_194' title='bbox 1236 1728 1288 1768; x_wconf 93' lang='lat' dir='ltr'>non</span> <span class='ocrx_word' id='word_1_195' title='bbox 1304 1711 1406 1766; x_wconf 88' lang='lat' dir='ltr'>lecerit.</span> <span class='ocrx_word' id='word_1_196' title='bbox 1431 1710 1461 1765; x_wconf 92' lang='lat' dir='ltr'>ln</span> <span class='ocrx_word' id='word_1_197' title='bbox 1486 1709 1623 1766; x_wconf 88' lang='lat' dir='ltr'>voluntate</span> <span class='ocrx_word' id='word_1_198' title='bbox 1646 1710 1795 1780; x_wconf 85' lang='lat' dir='ltr'>suajustas</span> <span class='ocrx_word' id='word_1_199' title='bbox 1808 1711 1942 1784; x_wconf 70' lang='lat' dir='ltr'>glorietur</span> 
     </span>
     <span class='ocr_line' id='line_1_16' title="bbox 295 1799 1942 1873; baseline 0 -17"><span class='ocrx_word' id='word_1_200' title='bbox 295 1803 353 1870; x_wconf 76' lang='lat' dir='ltr'>eius</span> <span class='ocrx_word' id='word_1_201' title='bbox 385 1800 535 1858; x_wconf 84' lang='lat' dir='ltr'>euidentius</span> <span class='ocrx_word' id='word_1_202' title='bbox 571 1799 716 1866; x_wconf 87' lang='lat' dir='ltr'>elucescat,</span> <span class='ocrx_word' id='word_1_203' title='bbox 749 1802 923 1856; x_wconf 89' lang='lat' dir='ltr'>ostendamus</span> <span class='ocrx_word' id='word_1_204' title='bbox 957 1807 1086 1871; x_wconf 91' lang='lat' dir='ltr'>qnantum</span> <span class='ocrx_word' id='word_1_205' title='bbox 1143 1819 1201 1860; x_wconf 88' lang='lat' dir='ltr'>sese</span> <span class='ocrx_word' id='word_1_206' title='bbox 1214 1801 1329 1859; x_wconf 84' lang='lat' dir='ltr'>Domino</span> <span class='ocrx_word' id='word_1_207' title='bbox 1353 1799 1485 1856; x_wconf 87' lang='lat' dir='ltr'>confiteri.</span> <span class='ocrx_word' id='word_1_208' title='bbox 1500 1799 1577 1855; x_wconf 89' lang='lat' dir='ltr'>Unde</span> <span class='ocrx_word' id='word_1_209' title='bbox 1596 1799 1768 1871; x_wconf 78' lang='lat' dir='ltr'>Voluntaria,</span> <span class='ocrx_word' id='word_1_210' title='bbox 1784 1799 1882 1873; x_wconf 90' lang='lat' dir='ltr'>inquit,</span> <span class='ocrx_word' id='word_1_211' title='bbox 1897 1817 1942 1857; x_wconf 85' lang='lat' dir='ltr'>ta·</span> 
     </span>
     <span class='ocr_line' id='line_1_17' title="bbox 293 1853 1941 1963; baseline 0.001 -18"><span class='ocrx_word' id='word_1_212' title='bbox 293 1905 448 1962; x_wconf 85' lang='lat' dir='ltr'>possumus,</span> <span class='ocrx_word' id='word_1_213' title='bbox 467 1905 528 1962; x_wconf 82' lang='lat' dir='ltr'>quae</span> <span class='ocrx_word' id='word_1_214' title='bbox 553 1889 587 1944; x_wconf 92' lang='lat' dir='ltr'>sit</span> <span class='ocrx_word' id='word_1_215' title='bbox 611 1887 763 1944; x_wconf 86' lang='lat' dir='ltr'>obedientia</span> <span class='ocrx_word' id='word_1_216' title='bbox 786 1889 911 1959; x_wconf 90' lang='lat' dir='ltr'>specialis</span> <span class='ocrx_word' id='word_1_217' title='bbox 935 1890 968 1943; x_wconf 91' lang='lat' dir='ltr'>ad</span> <span class='ocrx_word' id='word_1_218' title='bbox 992 1890 1089 1955; x_wconf 89' lang='lat' dir='ltr'>Deum,</span> <span class='ocrx_word' id='word_1_219' title='bbox 1108 1853 1128 1926; x_wconf 69' lang='lat' dir='ltr'>B</span> <span class='ocrx_word' id='word_1_220' title='bbox 1145 1892 1271 1962; x_wconf 73' lang='lat' dir='ltr'>criticabo</span> <span class='ocrx_word' id='word_1_221' title='bbox 1287 1889 1436 1958; x_wconf 77' lang='grc' dir='ltr'><strong>ιιιιιΡιαι.</strong></span> <span class='ocrx_word' id='word_1_222' title='bbox 1454 1886 1648 1956; x_wconf 78' lang='lat' dir='ltr'>t111,8).Sola</span> <span class='ocrx_word' id='word_1_223' title='bbox 1668 1903 1735 1963; x_wconf 93' lang='lat' dir='ltr'>ergo</span> <span class='ocrx_word' id='word_1_224' title='bbox 1750 1887 1876 1946; x_wconf 87' lang='lat' dir='ltr'>voluntas</span> <span class='ocrx_word' id='word_1_225' title='bbox 1888 1899 1941 1947; x_wconf 78' lang='lat' dir='ltr'>eal.</span> 
     </span>
     <span class='ocr_line' id='line_1_18' title="bbox 294 1976 1943 2052; baseline 0 -18"><span class='ocrx_word' id='word_1_226' title='bbox 294 1979 407 2052; x_wconf 90' lang='lat' dir='ltr'>propria</span> <span class='ocrx_word' id='word_1_227' title='bbox 421 1980 454 2034; x_wconf 85' lang='lat' dir='ltr'>ad</span> <span class='ocrx_word' id='word_1_228' title='bbox 469 1978 618 2046; x_wconf 87' lang='lat' dir='ltr'>bominem,</span> <span class='ocrx_word' id='word_1_229' title='bbox 635 1976 787 2032; x_wconf 90' lang='lat' dir='ltr'>communis</span> <span class='ocrx_word' id='word_1_230' title='bbox 811 1978 882 2034; x_wconf 87' lang='lat' dir='ltr'>inter</span> <span class='ocrx_word' id='word_1_231' title='bbox 895 1980 983 2035; x_wconf 90' lang='lat' dir='ltr'>Deum</span> <span class='ocrx_word' id='word_1_232' title='bbox 997 1981 1025 2034; x_wconf 88' lang='lat' dir='ltr'>et</span> <span class='ocrx_word' id='word_1_233' title='bbox 1038 1981 1089 2034; x_wconf 90' lang='lat' dir='ltr'>ho·</span> <span class='ocrx_word' id='word_1_234' title='bbox 1144 1995 1204 2052; x_wconf 86' lang='lat' dir='ltr'>quae</span> <span class='ocrx_word' id='word_1_235' title='bbox 1218 1978 1298 2035; x_wconf 91' lang='lat' dir='ltr'>totius</span> <span class='ocrx_word' id='word_1_236' title='bbox 1312 1977 1402 2050; x_wconf 85' lang='lat' dir='ltr'>operis</span> <span class='ocrx_word' id='word_1_237' title='bbox 1415 1984 1494 2032; x_wconf 88' lang='lat' dir='ltr'>ornat</span> <span class='ocrx_word' id='word_1_238' title='bbox 1507 1976 1644 2043; x_wconf 79' lang='lat' dir='ltr'>eflectum,</span> <span class='ocrx_word' id='word_1_239' title='bbox 1660 1977 1719 2033; x_wconf 90' lang='lat' dir='ltr'>sine</span> <span class='ocrx_word' id='word_1_240' title='bbox 1737 1993 1789 2050; x_wconf 91' lang='lat' dir='ltr'>qua</span> <span class='ocrx_word' id='word_1_241' title='bbox 1803 1994 1854 2036; x_wconf 88' lang='lat' dir='ltr'>noc</span> <span class='ocrx_word' id='word_1_242' title='bbox 1867 1979 1943 2035; x_wconf 87' lang='lat' dir='ltr'>bene</span> 
     </span>
     <span class='ocr_line' id='line_1_19' title="bbox 294 2065 1942 2140; baseline 0.002 -20"><span class='ocrx_word' id='word_1_243' title='bbox 294 2068 405 2124; x_wconf 88' lang='lat' dir='ltr'>minem.</span> <span class='ocrx_word' id='word_1_244' title='bbox 418 2066 485 2122; x_wconf 91' lang='lat' dir='ltr'>Sunt</span> <span class='ocrx_word' id='word_1_245' title='bbox 499 2066 623 2138; x_wconf 77' lang='lat' dir='ltr'>qaedam</span> <span class='ocrx_word' id='word_1_246' title='bbox 634 2081 739 2121; x_wconf 87' lang='lat' dir='ltr'>summe</span> <span class='ocrx_word' id='word_1_247' title='bbox 755 2066 835 2132; x_wconf 86' lang='lat' dir='ltr'>mala,</span> <span class='ocrx_word' id='word_1_248' title='bbox 847 2068 968 2137; x_wconf 79' lang='lat' dir='ltr'>quadam</span> <span class='ocrx_word' id='word_1_249' title='bbox 983 2083 1091 2123; x_wconf 91' lang='lat' dir='ltr'>summa</span> <span class='ocrx_word' id='word_1_250' title='bbox 1143 2067 1243 2140; x_wconf 87' lang='lat' dir='ltr'>aliquid</span> <span class='ocrx_word' id='word_1_251' title='bbox 1258 2067 1357 2138; x_wconf 88' lang='lat' dir='ltr'>agitur,</span> <span class='ocrx_word' id='word_1_252' title='bbox 1372 2065 1477 2122; x_wconf 83' lang='lat' dir='ltr'>etiarnsi</span> <span class='ocrx_word' id='word_1_253' title='bbox 1491 2066 1590 2121; x_wconf 88' lang='lat' dir='ltr'>bonurn</span> <span class='ocrx_word' id='word_1_254' title='bbox 1606 2080 1667 2122; x_wconf 89' lang='lat' dir='ltr'>esse</span> <span class='ocrx_word' id='word_1_255' title='bbox 1682 2065 1812 2122; x_wconf 82' lang='lat' dir='ltr'>uideatur.</span> <span class='ocrx_word' id='word_1_256' title='bbox 1836 2067 1876 2124; x_wconf 83' lang='lat' dir='ltr'>lix</span> <span class='ocrx_word' id='word_1_257' title='bbox 1889 2083 1942 2124; x_wconf 86' lang='lat' dir='ltr'>ro·</span> 
     </span>
     <span class='ocr_line' id='line_1_20' title="bbox 293 2153 1940 2232; baseline -0.001 -22"><span class='ocrx_word' id='word_1_258' title='bbox 293 2155 375 2210; x_wconf 91' lang='lat' dir='ltr'>bona.</span> <span class='ocrx_word' id='word_1_259' title='bbox 393 2156 505 2232; x_wconf 85' lang='lat' dir='ltr'>Samma</span> <span class='ocrx_word' id='word_1_260' title='bbox 516 2155 588 2210; x_wconf 87' lang='lat' dir='ltr'>bona</span> <span class='ocrx_word' id='word_1_261' title='bbox 601 2165 673 2220; x_wconf 92' lang='lat' dir='ltr'>sunt,</span> <span class='ocrx_word' id='word_1_262' title='bbox 689 2153 803 2226; x_wconf 84' lang='lat' dir='ltr'>diligere</span> <span class='ocrx_word' id='word_1_263' title='bbox 816 2155 913 2223; x_wconf 82' lang='lat' dir='ltr'>iterim,</span> <span class='ocrx_word' id='word_1_264' title='bbox 924 2171 1015 2212; x_wconf 90' lang='lat' dir='ltr'>amare</span> <span class='ocrx_word' id='word_1_265' title='bbox 1031 2172 1091 2228; x_wconf 82' lang='lat' dir='ltr'>pro</span> <span class='ocrx_word' id='word_1_266' title='bbox 1143 2160 1243 2215; x_wconf 91' lang='lat' dir='ltr'>luntatc</span> <span class='ocrx_word' id='word_1_267' title='bbox 1259 2157 1342 2229; x_wconf 80' lang='lat' dir='ltr'>igitur</span> <span class='ocrx_word' id='word_1_268' title='bbox 1355 2155 1528 2229; x_wconf 88' lang='lat' dir='ltr'>suscipienda</span> <span class='ocrx_word' id='word_1_269' title='bbox 1542 2163 1606 2211; x_wconf 91' lang='lat' dir='ltr'>snnt</span> <span class='ocrx_word' id='word_1_270' title='bbox 1625 2154 1736 2226; x_wconf 86' lang='lat' dir='ltr'>imperia</span> <span class='ocrx_word' id='word_1_271' title='bbox 1753 2155 1940 2226; x_wconf 67' lang='lat' dir='ltr'>praelatorum,</span> 
     </span>
     <span class='ocr_line' id='line_1_21' title="bbox 293 2242 1941 2317; baseline 0.001 -19"><span class='ocrx_word' id='word_1_272' title='bbox 293 2243 408 2315; x_wconf 77' lang='lat' dir='ltr'>simum,</span> <span class='ocrx_word' id='word_1_273' title='bbox 433 2243 572 2298; x_wconf 81' lang='lat' dir='ltr'>veritatem</span> <span class='ocrx_word' id='word_1_274' title='bbox 597 2242 682 2314; x_wconf 91' lang='lat' dir='ltr'>loqui,</span> <span class='ocrx_word' id='word_1_275' title='bbox 710 2258 764 2298; x_wconf 91' lang='lat' dir='ltr'>non</span> <span class='ocrx_word' id='word_1_276' title='bbox 789 2244 889 2299; x_wconf 91' lang='lat' dir='ltr'>lartum</span> <span class='ocrx_word' id='word_1_277' title='bbox 918 2245 1014 2311; x_wconf 83' lang='lat' dir='ltr'>lacere,</span> <span class='ocrx_word' id='word_1_278' title='bbox 1036 2261 1089 2301; x_wconf 90' lang='lat' dir='ltr'>non</span> <span class='ocrx_word' id='word_1_279' title='bbox 1143 2254 1169 2301; x_wconf 93' lang='lat' dir='ltr'>et</span> <span class='ocrx_word' id='word_1_280' title='bbox 1192 2244 1281 2317; x_wconf 91' lang='lat' dir='ltr'>ipsum</span> <span class='ocrx_word' id='word_1_281' title='bbox 1305 2261 1352 2302; x_wconf 90' lang='lat' dir='ltr'>cor</span> <span class='ocrx_word' id='word_1_282' title='bbox 1373 2261 1388 2300; x_wconf 88' lang='lat' dir='ltr'>a</span> <span class='ocrx_word' id='word_1_283' title='bbox 1411 2243 1468 2302; x_wconf 89' lang='lat' dir='ltr'>suis</span> <span class='ocrx_word' id='word_1_284' title='bbox 1493 2243 1653 2300; x_wconf 86' lang='lat' dir='ltr'>voluntariis</span> <span class='ocrx_word' id='word_1_285' title='bbox 1677 2242 1869 2302; x_wconf 84' lang='lat' dir='ltr'>reflexionibus</span> <span class='ocrx_word' id='word_1_286' title='bbox 1886 2245 1941 2299; x_wconf 90' lang='lat' dir='ltr'>ab·</span> 
     </span>
     <span class='ocr_line' id='line_1_22' title="bbox 292 2329 1941 2406; baseline 0.001 -20"><span class='ocrx_word' id='word_1_287' title='bbox 292 2331 390 2388; x_wconf 88' lang='lat' dir='ltr'>laisum</span> <span class='ocrx_word' id='word_1_288' title='bbox 411 2332 594 2387; x_wconf 89' lang='lat' dir='ltr'>testimonium</span> <span class='ocrx_word' id='word_1_289' title='bbox 618 2329 720 2396; x_wconf 90' lang='lat' dir='ltr'>dicere,</span> <span class='ocrx_word' id='word_1_290' title='bbox 736 2346 789 2386; x_wconf 89' lang='lat' dir='ltr'>non</span> <span class='ocrx_word' id='word_1_291' title='bbox 812 2331 976 2398; x_wconf 77' lang='lat' dir='ltr'>adulterare,</span> <span class='ocrx_word' id='word_1_292' title='bbox 993 2341 1019 2388; x_wconf 91' lang='lat' dir='ltr'>et</span> <span class='ocrx_word' id='word_1_293' title='bbox 1037 2331 1090 2388; x_wconf 90' lang='lat' dir='ltr'>alia</span> <span class='ocrx_word' id='word_1_294' title='bbox 1144 2333 1307 2403; x_wconf 88' lang='lat' dir='ltr'>ducendum,</span> <span class='ocrx_word' id='word_1_295' title='bbox 1333 2334 1421 2391; x_wconf 93' lang='lat' dir='ltr'>donec</span> <span class='ocrx_word' id='word_1_296' title='bbox 1442 2333 1552 2406; x_wconf 83' lang='lat' dir='ltr'>propria</span> <span class='ocrx_word' id='word_1_297' title='bbox 1576 2331 1701 2389; x_wconf 78' lang='lat' dir='ltr'>solantes</span> <span class='ocrx_word' id='word_1_298' title='bbox 1722 2340 1835 2390; x_wconf 88' lang='lat' dir='ltr'>mactata</span> <span class='ocrx_word' id='word_1_299' title='bbox 1858 2347 1941 2388; x_wconf 89' lang='lat' dir='ltr'>man·</span> 
     </span>
     <span class='ocr_line' id='line_1_23' title="bbox 293 2418 1943 2494; baseline 0.002 -19"><span class='ocrx_word' id='word_1_300' title='bbox 293 2419 465 2491; x_wconf 72' lang='lat' dir='ltr'>multaque</span> <span class='ocrx_word' id='word_1_301' title='bbox 486 2418 621 2476; x_wconf 88' lang='lat' dir='ltr'>sermonis</span> <span class='ocrx_word' id='word_1_302' title='bbox 645 2419 761 2476; x_wconf 83' lang='lat' dir='ltr'>brevitas</span> <span class='ocrx_word' id='word_1_303' title='bbox 785 2434 931 2476; x_wconf 88' lang='lat' dir='ltr'>numerare</span> <span class='ocrx_word' id='word_1_304' title='bbox 954 2421 1089 2493; x_wconf 90' lang='lat' dir='ltr'>prohibet.</span> <span class='ocrx_word' id='word_1_305' title='bbox 1144 2421 1237 2478; x_wconf 89' lang='lat' dir='ltr'>datum</span> <span class='ocrx_word' id='word_1_306' title='bbox 1253 2421 1345 2494; x_wconf 89' lang='lat' dir='ltr'>diligat</span> <span class='ocrx_word' id='word_1_307' title='bbox 1358 2421 1525 2494; x_wconf 87' lang='lat' dir='ltr'>imperantis.</span> <span class='ocrx_word' id='word_1_308' title='bbox 1543 2422 1598 2476; x_wconf 89' lang='lat' dir='ltr'>lloc</span> <span class='ocrx_word' id='word_1_309' title='bbox 1610 2429 1650 2477; x_wconf 88' lang='lat' dir='ltr'>eet</span> <span class='ocrx_word' id='word_1_310' title='bbox 1663 2436 1730 2492; x_wconf 83' lang='lat' dir='ltr'>ergo</span> <span class='ocrx_word' id='word_1_311' title='bbox 1745 2421 1859 2477; x_wconf 86' lang='lat' dir='ltr'>libenter</span> <span class='ocrx_word' id='word_1_312' title='bbox 1873 2423 1943 2478; x_wconf 87' lang='lat' dir='ltr'>obe·</span> 
     </span>
     <span class='ocr_line' id='line_1_24' title="bbox 290 2507 1940 2582; baseline -0.001 -16"><span class='ocrx_word' id='word_1_313' title='bbox 290 2509 403 2566; x_wconf 85' lang='lat' dir='ltr'>Summa</span> <span class='ocrx_word' id='word_1_314' title='bbox 415 2509 487 2564; x_wconf 90' lang='lat' dir='ltr'>mala</span> <span class='ocrx_word' id='word_1_315' title='bbox 501 2520 565 2564; x_wconf 87' lang='lat' dir='ltr'>sunt</span> <span class='ocrx_word' id='word_1_316' title='bbox 580 2523 677 2564; x_wconf 89' lang='lat' dir='ltr'>eornm</span> <span class='ocrx_word' id='word_1_317' title='bbox 691 2507 840 2575; x_wconf 89' lang='lat' dir='ltr'>contraria,</span> <span class='ocrx_word' id='word_1_318' title='bbox 859 2516 886 2564; x_wconf 90' lang='lat' dir='ltr'>et</span> <span class='ocrx_word' id='word_1_319' title='bbox 905 2508 1005 2565; x_wconf 88' lang='lat' dir='ltr'>similia</span> <span class='ocrx_word' id='word_1_320' title='bbox 1026 2508 1087 2566; x_wconf 91' lang='lat' dir='ltr'>illis.</span> <span class='ocrx_word' id='word_1_321' title='bbox 1143 2509 1213 2579; x_wconf 89' lang='lat' dir='ltr'>dire,</span> <span class='ocrx_word' id='word_1_322' title='bbox 1228 2510 1398 2582; x_wconf 81' lang='lat' dir='ltr'>prelatorum</span> <span class='ocrx_word' id='word_1_323' title='bbox 1419 2509 1583 2566; x_wconf 82' lang='lat' dir='ltr'>voluntatem</span> <span class='ocrx_word' id='word_1_324' title='bbox 1608 2508 1758 2565; x_wconf 82' lang='lat' dir='ltr'>voluntarie</span> <span class='ocrx_word' id='word_1_325' title='bbox 1778 2507 1940 2582; x_wconf 88' lang='lat' dir='ltr'>adimplere.</span> 
     </span>
     <span class='ocr_line' id='line_1_25' title="bbox 289 2595 1940 2672; baseline -0.002 -17"><span class='ocrx_word' id='word_1_326' title='bbox 289 2598 364 2655; x_wconf 85' lang='lat' dir='ltr'>Bona</span> <span class='ocrx_word' id='word_1_327' title='bbox 387 2597 511 2671; x_wconf 76' lang='lat' dir='ltr'>precipit</span> <span class='ocrx_word' id='word_1_328' title='bbox 530 2599 603 2654; x_wconf 88' lang='lat' dir='ltr'>Deus</span> <span class='ocrx_word' id='word_1_329' title='bbox 627 2595 814 2670; x_wconf 73' lang='lat' dir='ltr'>olfaciamus,</span> <span class='ocrx_word' id='word_1_330' title='bbox 832 2613 849 2653; x_wconf 91' lang='lat' dir='ltr'>a</span> <span class='ocrx_word' id='word_1_331' title='bbox 873 2597 950 2652; x_wconf 88' lang='lat' dir='ltr'>malis</span> <span class='ocrx_word' id='word_1_332' title='bbox 968 2598 1046 2667; x_wconf 86' lang='lat' dir='ltr'>jabet</span> <span class='ocrx_word' id='word_1_333' title='bbox 1060 2605 1090 2652; x_wconf 92' lang='lat' dir='ltr'>nt</span> <span class='ocrx_word' id='word_1_334' title='bbox 1179 2601 1205 2654; x_wconf 83' lang='lat'>5.</span> <span class='ocrx_word' id='word_1_335' title='bbox 1222 2598 1361 2654; x_wconf 90' lang='lat' dir='ltr'>Secundus</span> <span class='ocrx_word' id='word_1_336' title='bbox 1377 2597 1476 2672; x_wconf 83' lang='lat' dir='ltr'>gradus</span> <span class='ocrx_word' id='word_1_337' title='bbox 1499 2607 1539 2652; x_wconf 92' lang='lat' dir='ltr'>est</span> <span class='ocrx_word' id='word_1_338' title='bbox 1561 2597 1750 2667; x_wconf 90' lang='lat' dir='ltr'>obtemperare</span> <span class='ocrx_word' id='word_1_339' title='bbox 1769 2595 1940 2669; x_wconf 86' lang='lat' dir='ltr'>simpliciter.</span> 
     </span>
     <span class='ocr_line' id='line_1_26' title="bbox 289 2685 1939 2760; baseline 0 -18"><span class='ocrx_word' id='word_1_340' title='bbox 289 2686 484 2744; x_wconf 85' lang='lat' dir='ltr'>abstineamus.</span> <span class='ocrx_word' id='word_1_341' title='bbox 502 2686 634 2756; x_wconf 79' lang='lat' dir='ltr'>Precepti</span> <span class='ocrx_word' id='word_1_342' title='bbox 654 2685 737 2754; x_wconf 89' lang='lat' dir='ltr'>hujus</span> <span class='ocrx_word' id='word_1_343' title='bbox 758 2693 848 2742; x_wconf 89' lang='lat' dir='ltr'>sancta</span> <span class='ocrx_word' id='word_1_344' title='bbox 862 2695 889 2742; x_wconf 91' lang='lat' dir='ltr'>et</span> <span class='ocrx_word' id='word_1_345' title='bbox 909 2687 1088 2744; x_wconf 90' lang='lat' dir='ltr'>incommuta·</span> <span class='ocrx_word' id='word_1_346' title='bbox 1147 2685 1939 2760; x_wconf 73' lang='lat' dir='ltr'>Quiambalatsimpliciter,ambalatcoafideaterll&#39;roc.</span> 
     </span>
     <span class='ocr_line' id='line_1_27' title="bbox 288 2772 1940 2848; baseline -0.002 -15"><span class='ocrx_word' id='word_1_347' title='bbox 288 2777 351 2833; x_wconf 93' lang='lat' dir='ltr'>bilis</span> <span class='ocrx_word' id='word_1_348' title='bbox 367 2777 512 2832; x_wconf 90' lang='lat' dir='ltr'>auctoritas</span> <span class='ocrx_word' id='word_1_349' title='bbox 528 2790 583 2830; x_wconf 93' lang='lat' dir='ltr'>non</span> <span class='ocrx_word' id='word_1_350' title='bbox 597 2772 670 2830; x_wconf 85' lang='lat' dir='ltr'>valet</span> <span class='ocrx_word' id='word_1_351' title='bbox 682 2773 793 2846; x_wconf 87' lang='lat' dir='ltr'>qu&#39;oquo</span> <span class='ocrx_word' id='word_1_352' title='bbox 812 2776 894 2831; x_wconf 90' lang='lat' dir='ltr'>modo</span> <span class='ocrx_word' id='word_1_353' title='bbox 910 2775 1009 2843; x_wconf 81' lang='lat' dir='ltr'>refelli3</span> <span class='ocrx_word' id='word_1_354' title='bbox 1026 2775 1089 2846; x_wconf 86' lang='lat' dir='ltr'>quta</span> <span class='ocrx_word' id='word_1_355' title='bbox 1142 2791 1172 2844; x_wconf 87' lang='grc' dir='ltr'>ιι,</span> <span class='ocrx_word' id='word_1_356' title='bbox 1190 2777 1228 2848; x_wconf 84' lang='grc'>9).</span> <span class='ocrx_word' id='word_1_357' title='bbox 1253 2776 1284 2830; x_wconf 96' lang='lat' dir='ltr'>ln</span> <span class='ocrx_word' id='word_1_358' title='bbox 1306 2775 1476 2848; x_wconf 86' lang='lat' dir='ltr'>simplicitate</span> <span class='ocrx_word' id='word_1_359' title='bbox 1499 2775 1589 2831; x_wconf 86' lang='lat' dir='ltr'>cordis</span> <span class='ocrx_word' id='word_1_360' title='bbox 1603 2775 1644 2830; x_wconf 92' lang='lat' dir='ltr'>sni</span> <span class='ocrx_word' id='word_1_361' title='bbox 1658 2775 1734 2831; x_wconf 82' lang='lat' dir='ltr'>laetus</span> <span class='ocrx_word' id='word_1_362' title='bbox 1748 2775 1845 2832; x_wconf 92' lang='lat' dir='ltr'>obtulit</span> <span class='ocrx_word' id='word_1_363' title='bbox 1857 2773 1940 2832; x_wconf 85' lang='lat' dir='ltr'>Salo-</span> 
     </span>
     <span class='ocr_line' id='line_1_28' title="bbox 288 2861 1941 2937; baseline -0.001 -17"><span class='ocrx_word' id='word_1_364' title='bbox 288 2865 363 2920; x_wconf 93' lang='lat' dir='ltr'>illins</span> <span class='ocrx_word' id='word_1_365' title='bbox 379 2872 419 2920; x_wconf 91' lang='lat' dir='ltr'>est</span> <span class='ocrx_word' id='word_1_366' title='bbox 434 2865 593 2920; x_wconf 85' lang='lat' dir='ltr'>charactere</span> <span class='ocrx_word' id='word_1_367' title='bbox 606 2863 774 2932; x_wconf 88' lang='lat' dir='ltr'>consignata,</span> <span class='ocrx_word' id='word_1_368' title='bbox 791 2863 838 2935; x_wconf 90' lang='lat' dir='ltr'>qui</span> <span class='ocrx_word' id='word_1_369' title='bbox 850 2863 938 2918; x_wconf 91' lang='lat' dir='ltr'>dicit:</span> <span class='ocrx_word' id='word_1_370' title='bbox 961 2867 1014 2936; x_wconf 84' lang='lat' dir='ltr'>lipo</span> <span class='ocrx_word' id='word_1_371' title='bbox 1033 2866 1088 2922; x_wconf 86' lang='lat' dir='ltr'>Do·</span> <span class='ocrx_word' id='word_1_372' title='bbox 1142 2879 1206 2919; x_wconf 92' lang='lat' dir='ltr'>mon</span> <span class='ocrx_word' id='word_1_373' title='bbox 1230 2865 1372 2936; x_wconf 75' lang='lat' dir='ltr'>arriverse3</span> <span class='ocrx_word' id='word_1_374' title='bbox 1395 2873 1421 2918; x_wconf 90' lang='lat' dir='ltr'>et</span> <span class='ocrx_word' id='word_1_375' title='bbox 1444 2863 1471 2917; x_wconf 94' lang='lat' dir='ltr'>in</span> <span class='ocrx_word' id='word_1_376' title='bbox 1500 2861 1671 2936; x_wconf 87' lang='lat' dir='ltr'>simplicitate</span> <span class='ocrx_word' id='word_1_377' title='bbox 1699 2863 1790 2921; x_wconf 89' lang='lat' dir='ltr'>cordis</span> <span class='ocrx_word' id='word_1_378' title='bbox 1817 2878 1941 2937; x_wconf 80' lang='lat' dir='ltr'>quaerere</span> 
     </span>
     <span class='ocr_line' id='line_1_29' title="bbox 287 2951 1939 3028; baseline -0.003 -20"><span class='ocrx_word' id='word_1_379' title='bbox 287 2955 395 3021; x_wconf 82' lang='lat' dir='ltr'>micas,</span> <span class='ocrx_word' id='word_1_380' title='bbox 407 2958 435 3009; x_wconf 87' lang='lat' dir='ltr'>et</span> <span class='ocrx_word' id='word_1_381' title='bbox 448 2967 506 3008; x_wconf 82' lang='lat' dir='ltr'>aon</span> <span class='ocrx_word' id='word_1_382' title='bbox 520 2951 764 3024; x_wconf 71' lang='lat' dir='ltr'>mutorfflolaclt.</span> <span class='ocrx_word' id='word_1_383' title='bbox 779 2966 820 3019; x_wconf 91' lang='grc' dir='ltr'><strong>ιιι,</strong></span> <span class='ocrx_word' id='word_1_384' title='bbox 831 2952 871 3024; x_wconf 86' lang='grc'>6).</span> <span class='ocrx_word' id='word_1_385' title='bbox 882 2953 911 3008; x_wconf 89' lang='lat' dir='ltr'>Si</span> <span class='ocrx_word' id='word_1_386' title='bbox 926 2967 990 3028; x_wconf 91' lang='lat' dir='ltr'>ergo</span> <span class='ocrx_word' id='word_1_387' title='bbox 1004 2953 1086 3011; x_wconf 93' lang='lat' dir='ltr'>homo</span> <span class='ocrx_word' id='word_1_388' title='bbox 1141 2953 1287 3008; x_wconf 87' lang='lat' dir='ltr'>Dominam</span> <span class='ocrx_word' id='word_1_389' title='bbox 1310 2952 1449 3023; x_wconf 85' lang='lat' dir='ltr'>Scriptura</span> <span class='ocrx_word' id='word_1_390' title='bbox 1468 2957 1658 3022; x_wconf 79' lang='lat' dir='ltr'>premonstrat</span> <span class='ocrx_word' id='word_1_391' title='bbox 1680 2952 1758 3023; x_wconf 85' lang='lat' dir='ltr'>(Sap.</span> <span class='ocrx_word' id='word_1_392' title='bbox 1779 2967 1799 3019; x_wconf 89' lang='grc' dir='ltr'>ι,</span> <span class='ocrx_word' id='word_1_393' title='bbox 1817 2955 1854 3018; x_wconf 79' lang='lat' dir='ltr'>ll.</span> <span class='ocrx_word' id='word_1_394' title='bbox 1866 2951 1939 3006; x_wconf 88' lang='lat' dir='ltr'>llnl-</span> 
     </span>
     <span class='ocr_line' id='line_1_30' title="bbox 288 3036 1941 3119; baseline -0.002 -24"><span class='ocrx_word' id='word_1_395' title='bbox 288 3041 343 3108; x_wconf 94' lang='lat' dir='ltr'>ille,</span> <span class='ocrx_word' id='word_1_396' title='bbox 358 3055 439 3111; x_wconf 91' lang='lat' dir='ltr'>quem</span> <span class='ocrx_word' id='word_1_397' title='bbox 453 3038 584 3110; x_wconf 89' lang='lat' dir='ltr'>imposuit</span> <span class='ocrx_word' id='word_1_398' title='bbox 598 3039 673 3096; x_wconf 89' lang='lat' dir='ltr'>Deus</span> <span class='ocrx_word' id='word_1_399' title='bbox 687 3053 771 3110; x_wconf 87' lang='lat' dir='ltr'>snper</span> <span class='ocrx_word' id='word_1_400' title='bbox 785 3039 873 3111; x_wconf 89' lang='lat' dir='ltr'>capita</span> <span class='ocrx_word' id='word_1_401' title='bbox 888 3049 992 3106; x_wconf 89' lang='lat' dir='ltr'>nostra,</span> <span class='ocrx_word' id='word_1_402' title='bbox 1008 3039 1087 3096; x_wconf 91' lang='lat' dir='ltr'>aliter</span> <span class='ocrx_word' id='word_1_403' title='bbox 1142 3049 1184 3097; x_wconf 90' lang='lat' dir='ltr'>tos</span> <span class='ocrx_word' id='word_1_404' title='bbox 1198 3041 1322 3119; x_wconf 78' lang='lat' dir='ltr'>videmus</span> <span class='ocrx_word' id='word_1_405' title='bbox 1337 3049 1398 3112; x_wconf 92' lang='lat' dir='ltr'>post</span> <span class='ocrx_word' id='word_1_406' title='bbox 1420 3039 1603 3112; x_wconf 86' lang='lat' dir='ltr'>praecipientis</span> <span class='ocrx_word' id='word_1_407' title='bbox 1626 3037 1770 3112; x_wconf 87' lang='lat' dir='ltr'>imperium</span> <span class='ocrx_word' id='word_1_408' title='bbox 1787 3036 1886 3094; x_wconf 75' lang='lat' dir='ltr'>mulus</span> <span class='ocrx_word' id='word_1_409' title='bbox 1900 3036 1941 3092; x_wconf 91' lang='lat' dir='ltr'>la-</span> 
     </span>
     <span class='ocr_line' id='line_1_31' title="bbox 287 3126 1940 3207; baseline -0.002 -23"><span class='ocrx_word' id='word_1_410' title='bbox 287 3127 387 3184; x_wconf 89' lang='lat' dir='ltr'>seatire</span> <span class='ocrx_word' id='word_1_411' title='bbox 410 3126 538 3193; x_wconf 89' lang='lat' dir='ltr'>voluerit,</span> <span class='ocrx_word' id='word_1_412' title='bbox 555 3141 659 3198; x_wconf 92' lang='lat' dir='ltr'>ponens</span> <span class='ocrx_word' id='word_1_413' title='bbox 682 3129 810 3184; x_wconf 87' lang='lat' dir='ltr'>tenebras</span> <span class='ocrx_word' id='word_1_414' title='bbox 835 3127 933 3194; x_wconf 87' lang='lat' dir='ltr'>lucem,</span> <span class='ocrx_word' id='word_1_415' title='bbox 950 3135 976 3184; x_wconf 88' lang='lat' dir='ltr'>et</span> <span class='ocrx_word' id='word_1_416' title='bbox 997 3128 1086 3186; x_wconf 90' lang='lat' dir='ltr'>lucem</span> <span class='ocrx_word' id='word_1_417' title='bbox 1103 3129 1125 3207; x_wconf 67' lang='grc' dir='ltr'><strong><em>Β</em></strong></span> <span class='ocrx_word' id='word_1_418' title='bbox 1140 3145 1200 3186; x_wconf 89' lang='lat' dir='ltr'>cere</span> <span class='ocrx_word' id='word_1_419' title='bbox 1223 3129 1408 3203; x_wconf 77' lang='lat' dir='ltr'>quaestiones:</span> <span class='ocrx_word' id='word_1_420' title='bbox 1434 3127 1497 3195; x_wconf 89' lang='lat' dir='ltr'>Cur,</span> <span class='ocrx_word' id='word_1_421' title='bbox 1523 3143 1618 3201; x_wconf 91' lang='lat' dir='ltr'>quare,</span> <span class='ocrx_word' id='word_1_422' title='bbox 1634 3128 1822 3200; x_wconf 88' lang='lat' dir='ltr'>quamobrem,</span> <span class='ocrx_word' id='word_1_423' title='bbox 1837 3127 1940 3198; x_wconf 82' lang='lat' dir='ltr'>saepius</span> 
     </span>
     <span class='ocr_line' id='line_1_32' title="bbox 288 3215 1937 3292; baseline -0.002 -18"><span class='ocrx_word' id='word_1_424' title='bbox 288 3216 422 3283; x_wconf 85' lang='lat' dir='ltr'>tenebras,</span> <span class='ocrx_word' id='word_1_425' title='bbox 446 3221 476 3270; x_wconf 92' lang='lat' dir='ltr'>nt</span> <span class='ocrx_word' id='word_1_426' title='bbox 504 3215 644 3288; x_wconf 74' lang='lat' dir='ltr'>precipiat</span> <span class='ocrx_word' id='word_1_427' title='bbox 664 3216 797 3288; x_wconf 74' lang='lat' dir='ltr'>praedicta</span> <span class='ocrx_word' id='word_1_428' title='bbox 823 3217 895 3272; x_wconf 88' lang='lat' dir='ltr'>bona</span> <span class='ocrx_word' id='word_1_429' title='bbox 923 3216 1086 3289; x_wconf 89' lang='lat' dir='ltr'>relinquere,</span> <span class='ocrx_word' id='word_1_430' title='bbox 1140 3217 1446 3292; x_wconf 80' lang='lat' dir='ltr'>interrogare3crcbras</span> <span class='ocrx_word' id='word_1_431' title='bbox 1456 3215 1625 3290; x_wconf 90' lang='lat' dir='ltr'>ingeminare</span> <span class='ocrx_word' id='word_1_432' title='bbox 1636 3216 1777 3288; x_wconf 84' lang='lat' dir='ltr'>querelas;</span> <span class='ocrx_word' id='word_1_433' title='bbox 1793 3229 1937 3286; x_wconf 74' lang='lat' dir='ltr'>quaerere:</span> 
     </span>
     <span class='ocr_line' id='line_1_33' title="bbox 286 3303 1939 3381; baseline -0.001 -22"><span class='ocrx_word' id='word_1_434' title='bbox 286 3306 329 3362; x_wconf 88' lang='lat' dir='ltr'>vel</span> <span class='ocrx_word' id='word_1_435' title='bbox 352 3305 431 3360; x_wconf 90' lang='lat' dir='ltr'>malis</span> <span class='ocrx_word' id='word_1_436' title='bbox 454 3303 572 3374; x_wconf 73' lang='lat' dir='ltr'>praelatis</span> <span class='ocrx_word' id='word_1_437' title='bbox 595 3305 751 3374; x_wconf 86' lang='lat' dir='ltr'>adbaerere;</span> <span class='ocrx_word' id='word_1_438' title='bbox 768 3305 897 3360; x_wconf 85' lang='lat' dir='ltr'>audacter</span> <span class='ocrx_word' id='word_1_439' title='bbox 916 3303 1086 3362; x_wconf 81' lang='lat' dir='ltr'>refutandum</span> <span class='ocrx_word' id='word_1_440' title='bbox 1140 3306 1230 3377; x_wconf 86' lang='lat' dir='ltr'>Quare</span> <span class='ocrx_word' id='word_1_441' title='bbox 1246 3309 1297 3364; x_wconf 92' lang='lat' dir='ltr'>hoc</span> <span class='ocrx_word' id='word_1_442' title='bbox 1311 3307 1455 3381; x_wconf 79' lang='lat' dir='ltr'>precipiat</span> <span class='ocrx_word' id='word_1_443' title='bbox 1469 3306 1539 3362; x_wconf 82' lang='lat' dir='ltr'>aride</span> <span class='ocrx_word' id='word_1_444' title='bbox 1553 3307 1605 3362; x_wconf 92' lang='lat' dir='ltr'>hoc</span> <span class='ocrx_word' id='word_1_445' title='bbox 1621 3303 1783 3378; x_wconf 73' lang='lat' dir='ltr'>venitianis</span> <span class='ocrx_word' id='word_1_446' title='bbox 1796 3305 1849 3362; x_wconf 91' lang='lat' dir='ltr'>hoc</span> <span class='ocrx_word' id='word_1_447' title='bbox 1862 3305 1939 3358; x_wconf 81' lang='lat' dir='ltr'>atiu-</span> 
     </span>
     <span class='ocr_line' id='line_1_34' title="bbox 285 3391 1938 3464; baseline -0.004 -12"><span class='ocrx_word' id='word_1_448' title='bbox 285 3401 327 3452; x_wconf 85' lang='lat' dir='ltr'>est</span> <span class='ocrx_word' id='word_1_449' title='bbox 351 3391 532 3464; x_wconf 80' lang='lat' dir='ltr'>praecipientis</span> <span class='ocrx_word' id='word_1_450' title='bbox 555 3393 710 3464; x_wconf 93' lang='lat' dir='ltr'>imperium,</span> <span class='ocrx_word' id='word_1_451' title='bbox 731 3401 758 3448; x_wconf 91' lang='lat' dir='ltr'>et</span> <span class='ocrx_word' id='word_1_452' title='bbox 781 3392 867 3449; x_wconf 89' lang='lat' dir='ltr'>libera</span> <span class='ocrx_word' id='word_1_453' title='bbox 894 3409 963 3450; x_wconf 80' lang='lat' dir='ltr'>voce</span> <span class='ocrx_word' id='word_1_454' title='bbox 990 3393 1086 3452; x_wconf 82' lang='lat' dir='ltr'>dicen·</span> <span class='ocrx_word' id='word_1_455' title='bbox 1140 3395 1387 3452; x_wconf 79' lang='lat' dir='ltr'>venitconsilinmi</span> <span class='ocrx_word' id='word_1_456' title='bbox 1402 3396 1469 3452; x_wconf 91' lang='lat' dir='ltr'>lnde</span> <span class='ocrx_word' id='word_1_457' title='bbox 1483 3393 1670 3464; x_wconf 89' lang='lat' dir='ltr'>murmuratio,</span> <span class='ocrx_word' id='word_1_458' title='bbox 1684 3393 1746 3450; x_wconf 85' lang='lat' dir='ltr'>inda</span> <span class='ocrx_word' id='word_1_459' title='bbox 1760 3392 1842 3449; x_wconf 85' lang='lat' dir='ltr'>verba</span> <span class='ocrx_word' id='word_1_460' title='bbox 1859 3405 1938 3446; x_wconf 91' lang='lat' dir='ltr'>mur·</span> 
     </span>
     <span class='ocr_line' id='line_1_35' title="bbox 285 3480 1939 3556; baseline -0.002 -17"><span class='ocrx_word' id='word_1_461' title='bbox 285 3483 349 3539; x_wconf 90' lang='lat' dir='ltr'>dum</span> <span class='ocrx_word' id='word_1_462' title='bbox 367 3501 373 3536; x_wconf 85' lang='grc' dir='ltr'>ι</span> <span class='ocrx_word' id='word_1_463' title='bbox 393 3480 506 3540; x_wconf 85' lang='lat' dir='ltr'>Obedirc</span> <span class='ocrx_word' id='word_1_464' title='bbox 526 3485 636 3554; x_wconf 86' lang='lat' dir='ltr'>oportet</span> <span class='ocrx_word' id='word_1_465' title='bbox 650 3485 740 3555; x_wconf 77' lang='lat' dir='ltr'>asapia</span> <span class='ocrx_word' id='word_1_466' title='bbox 757 3484 812 3540; x_wconf 86' lang='lat' dir='ltr'>Dec</span> <span class='ocrx_word' id='word_1_467' title='bbox 826 3499 913 3555; x_wconf 84' lang='lat' dir='ltr'>qaam</span> <span class='ocrx_word' id='word_1_468' title='bbox 928 3484 1087 3542; x_wconf 78' lang='lat' dir='ltr'>bominibus</span> <span class='ocrx_word' id='word_1_469' title='bbox 1141 3486 1320 3542; x_wconf 88' lang='lat' dir='ltr'>murationem</span> <span class='ocrx_word' id='word_1_470' title='bbox 1341 3492 1368 3540; x_wconf 88' lang='lat' dir='ltr'>et</span> <span class='ocrx_word' id='word_1_471' title='bbox 1390 3483 1606 3556; x_wconf 70' lang='lat' dir='ltr'>indignationem</span> <span class='ocrx_word' id='word_1_472' title='bbox 1626 3481 1760 3548; x_wconf 88' lang='lat' dir='ltr'>sonantia,</span> <span class='ocrx_word' id='word_1_473' title='bbox 1772 3487 1800 3538; x_wconf 87' lang='lat' dir='ltr'>et</span> <span class='ocrx_word' id='word_1_474' title='bbox 1814 3482 1939 3536; x_wconf 90' lang='lat' dir='ltr'>redolen-</span> 
     </span>
     <span class='ocr_line' id='line_1_36' title="bbox 287 3570 1939 3645; baseline -0.002 -16"><span class='ocrx_word' id='word_1_475' title='bbox 287 3575 359 3643; x_wconf 77' lang='grc' dir='ltr'><strong>(ιιι.</strong></span> <span class='ocrx_word' id='word_1_476' title='bbox 374 3588 401 3642; x_wconf 86' lang='lat' dir='ltr'>v,</span> <span class='ocrx_word' id='word_1_477' title='bbox 417 3573 470 3645; x_wconf 75' lang='lat'>29).</span> <span class='ocrx_word' id='word_1_478' title='bbox 486 3571 551 3628; x_wconf 86' lang='lat' dir='ltr'>liaec</span> <span class='ocrx_word' id='word_1_479' title='bbox 574 3581 614 3626; x_wconf 85' lang='lat' dir='ltr'>est</span> <span class='ocrx_word' id='word_1_480' title='bbox 627 3571 754 3643; x_wconf 85' lang='lat' dir='ltr'>specialis</span> <span class='ocrx_word' id='word_1_481' title='bbox 773 3572 927 3628; x_wconf 91' lang='lat' dir='ltr'>ohedientia</span> <span class='ocrx_word' id='word_1_482' title='bbox 941 3574 975 3629; x_wconf 89' lang='lat' dir='ltr'>ad</span> <span class='ocrx_word' id='word_1_483' title='bbox 990 3573 1086 3644; x_wconf 86' lang='lat' dir='ltr'>Deum,</span> <span class='ocrx_word' id='word_1_484' title='bbox 1141 3573 1175 3629; x_wconf 90' lang='lat' dir='ltr'>tia</span> <span class='ocrx_word' id='word_1_485' title='bbox 1187 3573 1406 3630; x_wconf 87' lang='lat' dir='ltr'>amaritudinem.</span> <span class='ocrx_word' id='word_1_486' title='bbox 1423 3573 1489 3628; x_wconf 91' lang='lat' dir='ltr'>lnde</span> <span class='ocrx_word' id='word_1_487' title='bbox 1503 3571 1630 3644; x_wconf 84' lang='lat' dir='ltr'>frequens</span> <span class='ocrx_word' id='word_1_488' title='bbox 1641 3570 1789 3641; x_wconf 75' lang='lat' dir='ltr'>excusatio,</span> <span class='ocrx_word' id='word_1_489' title='bbox 1801 3570 1939 3626; x_wconf 85' lang='lat' dir='ltr'>simulatio</span> 
     </span>
     <span class='ocr_line' id='line_1_37' title="bbox 286 3659 1937 3734; baseline -0.002 -17"><span class='ocrx_word' id='word_1_490' title='bbox 286 3677 346 3732; x_wconf 83' lang='lat' dir='ltr'>qoae</span> <span class='ocrx_word' id='word_1_491' title='bbox 368 3675 543 3733; x_wconf 87' lang='lat' dir='ltr'>nequaquam</span> <span class='ocrx_word' id='word_1_492' title='bbox 562 3667 603 3715; x_wconf 94' lang='lat' dir='ltr'>est</span> <span class='ocrx_word' id='word_1_493' title='bbox 622 3659 739 3716; x_wconf 86' lang='lat' dir='ltr'>hominis</span> <span class='ocrx_word' id='word_1_494' title='bbox 763 3661 874 3717; x_wconf 87' lang='lat' dir='ltr'>arbitrio</span> <span class='ocrx_word' id='word_1_495' title='bbox 898 3663 1085 3734; x_wconf 87' lang='lat' dir='ltr'>temperanda,</span> <span class='ocrx_word' id='word_1_496' title='bbox 1140 3661 1372 3734; x_wconf 87' lang='lat' dir='ltr'>impossibilitatis,</span> <span class='ocrx_word' id='word_1_497' title='bbox 1387 3661 1526 3718; x_wconf 83' lang='lat' dir='ltr'>advocatio</span> <span class='ocrx_word' id='word_1_498' title='bbox 1540 3661 1698 3716; x_wconf 90' lang='lat' dir='ltr'>amicornm.</span> <span class='ocrx_word' id='word_1_499' title='bbox 1713 3659 1775 3715; x_wconf 90' lang='lat' dir='ltr'>Non</span> <span class='ocrx_word' id='word_1_500' title='bbox 1790 3659 1829 3715; x_wconf 84' lang='lat' dir='ltr'>sic</span> <span class='ocrx_word' id='word_1_501' title='bbox 1847 3659 1937 3714; x_wconf 77' lang='lat' dir='ltr'>Abre-</span> 
     </span>
     <span class='ocr_line' id='line_1_38' title="bbox 286 3747 1938 3827; baseline -0.001 -22"><span class='ocrx_word' id='word_1_502' title='bbox 286 3750 335 3805; x_wconf 87' lang='lat' dir='ltr'>sed</span> <span class='ocrx_word' id='word_1_503' title='bbox 349 3749 508 3804; x_wconf 88' lang='lat' dir='ltr'>immutabili</span> <span class='ocrx_word' id='word_1_504' title='bbox 533 3748 721 3804; x_wconf 79' lang='lat' dir='ltr'>conservanda</span> <span class='ocrx_word' id='word_1_505' title='bbox 740 3750 892 3821; x_wconf 78' lang='lat' dir='ltr'>proposito.</span> <span class='ocrx_word' id='word_1_506' title='bbox 912 3751 1019 3807; x_wconf 86' lang='lat' dir='ltr'>Certam</span> <span class='ocrx_word' id='word_1_507' title='bbox 1033 3753 1086 3827; x_wconf 80' lang='lat' dir='ltr'>igi·</span> <span class='ocrx_word' id='word_1_508' title='bbox 1141 3752 1214 3805; x_wconf 90' lang='lat' dir='ltr'>ham.</span> <span class='ocrx_word' id='word_1_509' title='bbox 1230 3750 1300 3804; x_wconf 79' lang='lat' dir='ltr'>Audi</span> <span class='ocrx_word' id='word_1_510' title='bbox 1315 3749 1379 3822; x_wconf 93' lang='lat' dir='ltr'>quid</span> <span class='ocrx_word' id='word_1_511' title='bbox 1393 3750 1525 3805; x_wconf 87' lang='lat' dir='ltr'>Dominus</span> <span class='ocrx_word' id='word_1_512' title='bbox 1548 3749 1583 3803; x_wconf 89' lang='lat' dir='ltr'>de</span> <span class='ocrx_word' id='word_1_513' title='bbox 1603 3747 1717 3819; x_wconf 86' lang='lat' dir='ltr'>simplici</span> <span class='ocrx_word' id='word_1_514' title='bbox 1732 3748 1832 3820; x_wconf 92' lang='lat' dir='ltr'>populo</span> <span class='ocrx_word' id='word_1_515' title='bbox 1846 3755 1938 3819; x_wconf 87' lang='lat' dir='ltr'>prote·</span> 
     </span>
     <span class='ocr_line' id='line_1_39' title="bbox 286 3835 1936 3913; baseline -0.001 -21"><span class='ocrx_word' id='word_1_516' title='bbox 286 3845 331 3893; x_wconf 89' lang='lat' dir='ltr'>tur</span> <span class='ocrx_word' id='word_1_517' title='bbox 345 3837 469 3908; x_wconf 86' lang='lat' dir='ltr'>regulam</span> <span class='ocrx_word' id='word_1_518' title='bbox 489 3844 561 3903; x_wconf 90' lang='lat' dir='ltr'>tene,</span> <span class='ocrx_word' id='word_1_519' title='bbox 577 3843 607 3892; x_wconf 93' lang='lat' dir='ltr'>ut</span> <span class='ocrx_word' id='word_1_520' title='bbox 621 3852 673 3893; x_wconf 90' lang='lat' dir='ltr'>nec</span> <span class='ocrx_word' id='word_1_521' title='bbox 686 3837 804 3910; x_wconf 88' lang='lat' dir='ltr'>imperio</span> <span class='ocrx_word' id='word_1_522' title='bbox 822 3841 997 3910; x_wconf 86' lang='lat' dir='ltr'>praelatomm</span> <span class='ocrx_word' id='word_1_523' title='bbox 1010 3857 1086 3913; x_wconf 85' lang='lat' dir='ltr'>prae·</span> <span class='ocrx_word' id='word_1_524' title='bbox 1139 3847 1234 3894; x_wconf 88' lang='lat' dir='ltr'>stetur.</span> <span class='ocrx_word' id='word_1_525' title='bbox 1251 3839 1284 3894; x_wconf 89' lang='grc' dir='ltr'>ιιι</span> <span class='ocrx_word' id='word_1_526' title='bbox 1298 3837 1413 3906; x_wconf 83' lang='lat' dir='ltr'>audita,</span> <span class='ocrx_word' id='word_1_527' title='bbox 1424 3836 1521 3910; x_wconf 89' lang='lat' dir='ltr'>inquit,</span> <span class='ocrx_word' id='word_1_528' title='bbox 1537 3839 1616 3894; x_wconf 82' lang='lat' dir='ltr'>caris</span> <span class='ocrx_word' id='word_1_529' title='bbox 1629 3835 1749 3894; x_wconf 81' lang='lat' dir='ltr'>obedivit</span> <span class='ocrx_word' id='word_1_530' title='bbox 1762 3837 1834 3893; x_wconf 82' lang='lat' dir='ltr'>malti</span> <span class='ocrx_word' id='word_1_531' title='bbox 1848 3837 1936 3907; x_wconf 85' lang='lat' dir='ltr'>(Psat.</span> 
     </span>
     <span class='ocr_line' id='line_1_40' title="bbox 287 3924 1939 3998; baseline -0.001 -16"><span class='ocrx_word' id='word_1_532' title='bbox 287 3927 359 3984; x_wconf 87' lang='lat' dir='ltr'>dicta</span> <span class='ocrx_word' id='word_1_533' title='bbox 373 3928 445 3982; x_wconf 90' lang='lat' dir='ltr'>bona</span> <span class='ocrx_word' id='word_1_534' title='bbox 460 3926 609 3998; x_wconf 87' lang='lat' dir='ltr'>relinquas,</span> <span class='ocrx_word' id='word_1_535' title='bbox 624 3927 667 3985; x_wconf 83' lang='lat' dir='ltr'>rel</span> <span class='ocrx_word' id='word_1_536' title='bbox 687 3925 769 3984; x_wconf 88' lang='lat' dir='ltr'>iacias</span> <span class='ocrx_word' id='word_1_537' title='bbox 792 3929 874 3984; x_wconf 89' lang='lat' dir='ltr'>male.</span> <span class='ocrx_word' id='word_1_538' title='bbox 898 3929 971 3984; x_wconf 89' lang='lat' dir='ltr'>later</span> <span class='ocrx_word' id='word_1_539' title='bbox 984 3945 1087 3986; x_wconf 88' lang='lat' dir='ltr'>summa</span> <span class='ocrx_word' id='word_1_540' title='bbox 1140 3943 1211 3993; x_wconf 83' lang='lat' dir='ltr'>xvir,</span> <span class='ocrx_word' id='word_1_541' title='bbox 1235 3926 1281 3998; x_wconf 80' lang='lat' dir='ltr'>tt)</span> <span class='ocrx_word' id='word_1_542' title='bbox 1298 3943 1305 3980; x_wconf 83' lang='grc' dir='ltr'>ι</span> <span class='ocrx_word' id='word_1_543' title='bbox 1327 3933 1356 3981; x_wconf 90' lang='lat' dir='ltr'>ut</span> <span class='ocrx_word' id='word_1_544' title='bbox 1379 3924 1506 3982; x_wconf 83' lang='lat' dir='ltr'>videlicet</span> <span class='ocrx_word' id='word_1_545' title='bbox 1524 3925 1690 3992; x_wconf 88' lang='lat' dir='ltr'>ostenderet,</span> <span class='ocrx_word' id='word_1_546' title='bbox 1715 3941 1769 3980; x_wconf 92' lang='lat' dir='ltr'>uno</span> <span class='ocrx_word' id='word_1_547' title='bbox 1787 3925 1939 3997; x_wconf 87' lang='lat' dir='ltr'>eodemque</span> 
     </span>
     <span class='ocr_line' id='line_1_41' title="bbox 286 4013 1939 4090; baseline -0.003 -17"><span class='ocrx_word' id='word_1_548' title='bbox 286 4031 353 4073; x_wconf 85' lang='lat' dir='ltr'>uero</span> <span class='ocrx_word' id='word_1_549' title='bbox 377 4015 448 4071; x_wconf 86' lang='lat' dir='ltr'>mala</span> <span class='ocrx_word' id='word_1_550' title='bbox 469 4023 496 4072; x_wconf 92' lang='lat' dir='ltr'>et</span> <span class='ocrx_word' id='word_1_551' title='bbox 520 4031 626 4072; x_wconf 89' lang='lat' dir='ltr'>summa</span> <span class='ocrx_word' id='word_1_552' title='bbox 648 4017 733 4085; x_wconf 90' lang='lat' dir='ltr'>bona,</span> <span class='ocrx_word' id='word_1_553' title='bbox 755 4018 879 4090; x_wconf 74' lang='lat' dir='ltr'>quedam</span> <span class='ocrx_word' id='word_1_554' title='bbox 901 4018 992 4074; x_wconf 90' lang='lat' dir='ltr'>media</span> <span class='ocrx_word' id='word_1_555' title='bbox 1014 4026 1086 4089; x_wconf 90' lang='lat' dir='ltr'>sunt,</span> <span class='ocrx_word' id='word_1_556' title='bbox 1140 4021 1279 4072; x_wconf 88' lang='lat' dir='ltr'>momento</span> <span class='ocrx_word' id='word_1_557' title='bbox 1302 4013 1468 4086; x_wconf 84' lang='lat' dir='ltr'>processisse</span> <span class='ocrx_word' id='word_1_558' title='bbox 1495 4021 1521 4069; x_wconf 90' lang='lat' dir='ltr'>et</span> <span class='ocrx_word' id='word_1_559' title='bbox 1549 4013 1706 4086; x_wconf 85' lang='lat' dir='ltr'>imperantis</span> <span class='ocrx_word' id='word_1_560' title='bbox 1733 4013 1889 4087; x_wconf 88' lang='lat' dir='ltr'>imperinm,</span> <span class='ocrx_word' id='word_1_561' title='bbox 1912 4023 1939 4068; x_wconf 88' lang='lat' dir='ltr'>et</span> 
     </span>
     <span class='ocr_line' id='line_1_42' title="bbox 288 4103 1939 4180; baseline -0.002 -18"><span class='ocrx_word' id='word_1_562' title='bbox 288 4121 349 4178; x_wconf 78' lang='lat' dir='ltr'>quae</span> <span class='ocrx_word' id='word_1_563' title='bbox 370 4105 403 4161; x_wconf 89' lang='lat' dir='ltr'>ad</span> <span class='ocrx_word' id='word_1_564' title='bbox 419 4104 575 4161; x_wconf 88' lang='lat' dir='ltr'>altemtrnm</span> <span class='ocrx_word' id='word_1_565' title='bbox 593 4121 623 4161; x_wconf 87' lang='lat' dir='ltr'>sc</span> <span class='ocrx_word' id='word_1_566' title='bbox 647 4107 786 4172; x_wconf 89' lang='lat' dir='ltr'>babentia,</span> <span class='ocrx_word' id='word_1_567' title='bbox 814 4106 878 4162; x_wconf 93' lang='lat' dir='ltr'>boui</span> <span class='ocrx_word' id='word_1_568' title='bbox 903 4109 1020 4180; x_wconf 89' lang='lat' dir='ltr'>malique</span> <span class='ocrx_word' id='word_1_569' title='bbox 1033 4124 1086 4164; x_wconf 94' lang='lat' dir='ltr'>no·</span> <span class='ocrx_word' id='word_1_570' title='bbox 1140 4104 1300 4176; x_wconf 88' lang='lat' dir='ltr'>obsequium</span> <span class='ocrx_word' id='word_1_571' title='bbox 1310 4103 1492 4176; x_wconf 88' lang='lat' dir='ltr'>obsequentis.</span> <span class='ocrx_word' id='word_1_572' title='bbox 1503 4104 1597 4161; x_wconf 81' lang='lat' dir='ltr'>llola&#39;te</span> <span class='ocrx_word' id='word_1_573' title='bbox 1605 4105 1857 4170; x_wconf 62' lang='lat' dir='ltr'>erraremeascoa</span> <span class='ocrx_word' id='word_1_574' title='bbox 1871 4103 1939 4158; x_wconf 86' lang='lat' dir='ltr'>irri-</span> 
     </span>
     <span class='ocr_line' id='line_1_43' title="bbox 286 4191 1939 4270; baseline -0.002 -20"><span class='ocrx_word' id='word_1_575' title='bbox 286 4210 353 4251; x_wconf 91' lang='lat' dir='ltr'>men</span> <span class='ocrx_word' id='word_1_576' title='bbox 366 4200 516 4250; x_wconf 87' lang='lat' dir='ltr'>assumunt.</span> <span class='ocrx_word' id='word_1_577' title='bbox 530 4193 617 4249; x_wconf 87' lang='lat' dir='ltr'>lledia</span> <span class='ocrx_word' id='word_1_578' title='bbox 631 4202 696 4249; x_wconf 91' lang='lat' dir='ltr'>sunt</span> <span class='ocrx_word' id='word_1_579' title='bbox 709 4194 861 4267; x_wconf 88' lang='lat' dir='ltr'>ambulare,</span> <span class='ocrx_word' id='word_1_580' title='bbox 878 4197 984 4262; x_wconf 89' lang='lat' dir='ltr'>sedere,</span> <span class='ocrx_word' id='word_1_581' title='bbox 1001 4195 1085 4270; x_wconf 93' lang='lat' dir='ltr'>loqui,</span> <span class='ocrx_word' id='word_1_582' title='bbox 1139 4194 1223 4250; x_wconf 81' lang='lat' dir='ltr'>datar</span> <span class='ocrx_word' id='word_1_583' title='bbox 1237 4193 1344 4265; x_wconf 85' lang='lat' dir='ltr'>(Galat.</span> <span class='ocrx_word' id='word_1_584' title='bbox 1362 4207 1400 4261; x_wconf 88' lang='grc' dir='ltr'><strong>ιιι,</strong></span> <span class='ocrx_word' id='word_1_585' title='bbox 1415 4193 1453 4262; x_wconf 83' lang='lat'>7).</span> <span class='ocrx_word' id='word_1_586' title='bbox 1468 4193 1621 4249; x_wconf 87' lang='lat' dir='ltr'>lllurmaras</span> <span class='ocrx_word' id='word_1_587' title='bbox 1644 4200 1739 4249; x_wconf 87' lang='lat' dir='ltr'>contra</span> <span class='ocrx_word' id='word_1_588' title='bbox 1755 4191 1897 4264; x_wconf 81' lang='lat' dir='ltr'>prelatum</span> <span class='ocrx_word' id='word_1_589' title='bbox 1912 4191 1939 4246; x_wconf 93' lang='lat' dir='ltr'>in</span> 
     </span>
     <span class='ocr_line' id='line_1_44' title="bbox 288 4279 1939 4356; baseline -0.001 -18"><span class='ocrx_word' id='word_1_590' title='bbox 288 4291 387 4348; x_wconf 87' lang='lat' dir='ltr'>tacere,</span> <span class='ocrx_word' id='word_1_591' title='bbox 403 4283 557 4354; x_wconf 88' lang='lat' dir='ltr'>comedere,</span> <span class='ocrx_word' id='word_1_592' title='bbox 571 4283 712 4354; x_wconf 85' lang='lat' dir='ltr'>jejunare,</span> <span class='ocrx_word' id='word_1_593' title='bbox 729 4283 856 4356; x_wconf 84' lang='lat' dir='ltr'>vigilare,</span> <span class='ocrx_word' id='word_1_594' title='bbox 876 4283 1006 4352; x_wconf 89' lang='lat' dir='ltr'>dormire,</span> <span class='ocrx_word' id='word_1_595' title='bbox 1022 4293 1049 4340; x_wconf 88' lang='lat' dir='ltr'>et</span> <span class='ocrx_word' id='word_1_596' title='bbox 1064 4283 1088 4340; x_wconf 84' lang='lat' dir='ltr'>si</span> <span class='ocrx_word' id='word_1_597' title='bbox 1143 4280 1315 4338; x_wconf 86' lang='lat' dir='ltr'>tabernaculo</span> <span class='ocrx_word' id='word_1_598' title='bbox 1337 4281 1461 4353; x_wconf 91' lang='lat' dir='ltr'>corporis</span> <span class='ocrx_word' id='word_1_599' title='bbox 1486 4283 1545 4338; x_wconf 82' lang='lat' dir='ltr'>tuit</span> <span class='ocrx_word' id='word_1_600' title='bbox 1567 4280 1653 4337; x_wconf 80' lang='lat' dir='ltr'>eleuat</span> <span class='ocrx_word' id='word_1_601' title='bbox 1678 4295 1787 4336; x_wconf 89' lang='lat' dir='ltr'>manum</span> <span class='ocrx_word' id='word_1_602' title='bbox 1811 4295 1890 4336; x_wconf 85' lang='lat' dir='ltr'>snam</span> <span class='ocrx_word' id='word_1_603' title='bbox 1904 4279 1939 4335; x_wconf 89' lang='lat' dir='ltr'>ad</span> 
     </span>
     <span class='ocr_line' id='line_1_45' title="bbox 288 4368 1940 4484; baseline -0.001 -56"><span class='ocrx_word' id='word_1_604' title='bbox 288 4388 343 4446; x_wconf 91' lang='lat' dir='ltr'>qua</span> <span class='ocrx_word' id='word_1_605' title='bbox 371 4381 433 4428; x_wconf 91' lang='lat' dir='ltr'>sunt</span> <span class='ocrx_word' id='word_1_606' title='bbox 459 4371 585 4428; x_wconf 90' lang='lat' dir='ltr'>similia:</span> <span class='ocrx_word' id='word_1_607' title='bbox 609 4387 669 4445; x_wconf 84' lang='lat' dir='ltr'>qnae</span> <span class='ocrx_word' id='word_1_608' title='bbox 697 4373 720 4426; x_wconf 86' lang='lat' dir='ltr'>si</span> <span class='ocrx_word' id='word_1_609' title='bbox 743 4373 860 4444; x_wconf 86' lang='lat' dir='ltr'>pastoris</span> <span class='ocrx_word' id='word_1_610' title='bbox 881 4373 987 4430; x_wconf 91' lang='lat' dir='ltr'>licentia</span> <span class='ocrx_word' id='word_1_611' title='bbox 1012 4371 1086 4444; x_wconf 92' lang='lat' dir='ltr'>liant,</span> <span class='ocrx_word' id='word_1_612' title='bbox 1104 4409 1127 4484; x_wconf 70' lang='lat' dir='ltr'>n</span> <span class='ocrx_word' id='word_1_613' title='bbox 1144 4370 1368 4442; x_wconf 85' lang='lat' dir='ltr'>prosternendum</span> <span class='ocrx_word' id='word_1_614' title='bbox 1392 4377 1418 4426; x_wconf 89' lang='lat' dir='ltr'>te</span> <span class='ocrx_word' id='word_1_615' title='bbox 1439 4369 1549 4426; x_wconf 83' lang='lat' dir='ltr'>dextera</span> <span class='ocrx_word' id='word_1_616' title='bbox 1562 4369 1623 4427; x_wconf 88' lang='lat' dir='ltr'>Dei.</span> <span class='ocrx_word' id='word_1_617' title='bbox 1646 4369 1744 4426; x_wconf 89' lang='lat' dir='ltr'>lncede</span> <span class='ocrx_word' id='word_1_618' title='bbox 1766 4368 1849 4443; x_wconf 89' lang='lat' dir='ltr'>igitur</span> <span class='ocrx_word' id='word_1_619' title='bbox 1871 4369 1940 4426; x_wconf 86' lang='lat' dir='ltr'>aim·</span> 
     </span>
     <span class='ocr_line' id='line_1_46' title="bbox 288 4457 1940 4537; baseline -0.002 -20"><span class='ocrx_word' id='word_1_620' title='bbox 288 4477 422 4518; x_wconf 89' lang='lat' dir='ltr'>summam</span> <span class='ocrx_word' id='word_1_621' title='bbox 453 4467 610 4531; x_wconf 84' lang='lat' dir='ltr'>exspectant</span> <span class='ocrx_word' id='word_1_622' title='bbox 633 4459 848 4518; x_wconf 90' lang='lat' dir='ltr'>retributionem.</span> <span class='ocrx_word' id='word_1_623' title='bbox 877 4463 906 4518; x_wconf 92' lang='lat' dir='ltr'>ln</span> <span class='ocrx_word' id='word_1_624' title='bbox 934 4463 977 4517; x_wconf 92' lang='lat' dir='ltr'>his</span> <span class='ocrx_word' id='word_1_625' title='bbox 1005 4463 1088 4537; x_wconf 91' lang='lat' dir='ltr'>igitur</span> <span class='ocrx_word' id='word_1_626' title='bbox 1142 4459 1248 4532; x_wconf 83' lang='lat' dir='ltr'>pliciter</span> <span class='ocrx_word' id='word_1_627' title='bbox 1270 4459 1298 4514; x_wconf 93' lang='lat' dir='ltr'>in</span> <span class='ocrx_word' id='word_1_628' title='bbox 1319 4457 1454 4515; x_wconf 87' lang='lat' dir='ltr'>mandatis</span> <span class='ocrx_word' id='word_1_629' title='bbox 1477 4459 1648 4524; x_wconf 78' lang='lat' dir='ltr'>obedientia,</span> <span class='ocrx_word' id='word_1_630' title='bbox 1678 4458 1781 4514; x_wconf 88' lang='lat' dir='ltr'>addens</span> <span class='ocrx_word' id='word_1_631' title='bbox 1809 4458 1940 4515; x_wconf 81' lang='lat' dir='ltr'>voluntati</span> 
     </span>
     <span class='ocr_line' id='line_1_47' title="bbox 289 4545 1941 4619; baseline -0.004 -11"><span class='ocrx_word' id='word_1_632' title='bbox 289 4551 388 4608; x_wconf 88' lang='lat' dir='ltr'>mediis</span> <span class='ocrx_word' id='word_1_633' title='bbox 410 4549 510 4606; x_wconf 88' lang='lat' dir='ltr'>subditi</span> <span class='ocrx_word' id='word_1_634' title='bbox 528 4565 589 4604; x_wconf 87' lang='lat' dir='ltr'>esse</span> <span class='ocrx_word' id='word_1_635' title='bbox 611 4560 634 4602; x_wconf 86' lang='lat' dir='ltr'>nt</span> <span class='ocrx_word' id='word_1_636' title='bbox 654 4549 815 4606; x_wconf 87' lang='lat' dir='ltr'>obedientes</span> <span class='ocrx_word' id='word_1_637' title='bbox 834 4551 962 4607; x_wconf 89' lang='lat' dir='ltr'>debemus</span> <span class='ocrx_word' id='word_1_638' title='bbox 985 4551 1020 4606; x_wconf 91' lang='lat' dir='ltr'>ad</span> <span class='ocrx_word' id='word_1_639' title='bbox 1034 4568 1086 4608; x_wconf 90' lang='lat' dir='ltr'>nu·</span> <span class='ocrx_word' id='word_1_640' title='bbox 1141 4547 1349 4619; x_wconf 91' lang='lat' dir='ltr'>simplicitatem,</span> <span class='ocrx_word' id='word_1_641' title='bbox 1374 4547 1518 4603; x_wconf 91' lang='lat' dir='ltr'>intentioni</span> <span class='ocrx_word' id='word_1_642' title='bbox 1540 4546 1773 4603; x_wconf 88' lang='lat' dir='ltr'>illuminationem.</span> <span class='ocrx_word' id='word_1_643' title='bbox 1797 4545 1941 4602; x_wconf 83' lang='lat' dir='ltr'>Fortitudo</span> 
     </span>
     <span class='ocr_line' id='line_1_48' title="bbox 289 4635 1940 4711; baseline -0.002 -16"><span class='ocrx_word' id='word_1_644' title='bbox 289 4647 348 4695; x_wconf 91' lang='lat' dir='ltr'>tum</span> <span class='ocrx_word' id='word_1_645' title='bbox 381 4637 603 4710; x_wconf 75' lang='lat' dir='ltr'>prepositorum,</span> <span class='ocrx_word' id='word_1_646' title='bbox 633 4636 697 4690; x_wconf 83' lang='lat' dir='ltr'>nibil</span> <span class='ocrx_word' id='word_1_647' title='bbox 737 4637 948 4711; x_wconf 87' lang='lat' dir='ltr'>interrogantes,</span> <span class='ocrx_word' id='word_1_648' title='bbox 977 4649 1088 4711; x_wconf 90' lang='lat' dir='ltr'>propter</span> <span class='ocrx_word' id='word_1_649' title='bbox 1141 4637 1213 4692; x_wconf 92' lang='lat' dir='ltr'>enim</span> <span class='ocrx_word' id='word_1_650' title='bbox 1227 4635 1360 4707; x_wconf 87' lang='lat' dir='ltr'>simplicis</span> <span class='ocrx_word' id='word_1_651' title='bbox 1375 4635 1417 4692; x_wconf 87' lang='lat' dir='ltr'>via</span> <span class='ocrx_word' id='word_1_652' title='bbox 1431 4635 1542 4692; x_wconf 85' lang='lat' dir='ltr'>Domini</span> <span class='ocrx_word' id='word_1_653' title='bbox 1556 4636 1647 4708; x_wconf 82' lang='lat' dir='ltr'>(Prae.</span> <span class='ocrx_word' id='word_1_654' title='bbox 1663 4649 1693 4704; x_wconf 86' lang='lat' dir='ltr'>x,</span> <span class='ocrx_word' id='word_1_655' title='bbox 1710 4635 1767 4705; x_wconf 74' lang='grc' dir='ltr'><strong>ιι),</strong></span> <span class='ocrx_word' id='word_1_656' title='bbox 1784 4650 1847 4708; x_wconf 85' lang='lat' dir='ltr'>qaae</span> <span class='ocrx_word' id='word_1_657' title='bbox 1870 4635 1940 4692; x_wconf 85' lang='lat' dir='ltr'>obc-</span> 
     </span>
     <span class='ocr_line' id='line_1_49' title="bbox 290 4723 1940 4799; baseline -0.004 -13"><span class='ocrx_word' id='word_1_658' title='bbox 290 4727 482 4786; x_wconf 84' lang='lat' dir='ltr'>conscientiam</span> <span class='ocrx_word' id='word_1_659' title='bbox 505 4726 532 4797; x_wconf 90' lang='lat' dir='ltr'>(l</span> <span class='ocrx_word' id='word_1_660' title='bbox 554 4729 615 4784; x_wconf 85' lang='lat' dir='ltr'>cor.</span> <span class='ocrx_word' id='word_1_661' title='bbox 641 4743 666 4792; x_wconf 87' lang='lat' dir='ltr'>x,</span> <span class='ocrx_word' id='word_1_662' title='bbox 694 4729 755 4798; x_wconf 78' lang='lat'>25);</span> <span class='ocrx_word' id='word_1_663' title='bbox 781 4727 844 4799; x_wconf 90' lang='lat' dir='ltr'>qaia</span> <span class='ocrx_word' id='word_1_664' title='bbox 872 4726 900 4783; x_wconf 92' lang='lat' dir='ltr'>in</span> <span class='ocrx_word' id='word_1_665' title='bbox 924 4729 965 4784; x_wconf 87' lang='lat' dir='ltr'>his</span> <span class='ocrx_word' id='word_1_666' title='bbox 984 4729 1087 4784; x_wconf 86' lang='lat' dir='ltr'>nullunr</span> <span class='ocrx_word' id='word_1_667' title='bbox 1142 4725 1241 4782; x_wconf 90' lang='lat' dir='ltr'>dientia</span> <span class='ocrx_word' id='word_1_668' title='bbox 1261 4733 1312 4782; x_wconf 91' lang='lat' dir='ltr'>est.</span> <span class='ocrx_word' id='word_1_669' title='bbox 1338 4724 1532 4781; x_wconf 81' lang='lat' dir='ltr'>Fortitudinem</span> <span class='ocrx_word' id='word_1_670' title='bbox 1556 4723 1640 4799; x_wconf 91' lang='lat' dir='ltr'>igitur</span> <span class='ocrx_word' id='word_1_671' title='bbox 1661 4724 1777 4780; x_wconf 91' lang='lat' dir='ltr'>induunt</span> <span class='ocrx_word' id='word_1_672' title='bbox 1799 4724 1848 4796; x_wconf 91' lang='lat' dir='ltr'>qui</span> <span class='ocrx_word' id='word_1_673' title='bbox 1869 4725 1940 4780; x_wconf 88' lang='lat' dir='ltr'>obe·</span> 
     </span>
     <span class='ocr_line' id='line_1_50' title="bbox 291 4812 1695 4889; baseline -0.003 -17"><span class='ocrx_word' id='word_1_674' title='bbox 291 4815 405 4888; x_wconf 77' lang='lat' dir='ltr'>prefixit</span> <span class='ocrx_word' id='word_1_675' title='bbox 420 4831 489 4889; x_wconf 89' lang='lat' dir='ltr'>opus</span> <span class='ocrx_word' id='word_1_676' title='bbox 504 4815 587 4882; x_wconf 88' lang='lat' dir='ltr'>Deus,</span> <span class='ocrx_word' id='word_1_677' title='bbox 604 4815 652 4871; x_wconf 92' lang='lat' dir='ltr'>sed</span> <span class='ocrx_word' id='word_1_678' title='bbox 676 4816 851 4888; x_wconf 85' lang='lat' dir='ltr'>praelntorum</span> <span class='ocrx_word' id='word_1_679' title='bbox 874 4816 1017 4889; x_wconf 91' lang='lat' dir='ltr'>dereliquit</span> <span class='ocrx_word' id='word_1_680' title='bbox 1037 4817 1087 4872; x_wconf 87' lang='lat' dir='ltr'>inr-</span> <span class='ocrx_word' id='word_1_681' title='bbox 1143 4814 1247 4870; x_wconf 87' lang='lat' dir='ltr'>dientes</span> <span class='ocrx_word' id='word_1_682' title='bbox 1260 4821 1332 4884; x_wconf 88' lang='lat' dir='ltr'>sunt,</span> <span class='ocrx_word' id='word_1_683' title='bbox 1348 4824 1374 4869; x_wconf 91' lang='lat' dir='ltr'>et</span> <span class='ocrx_word' id='word_1_684' title='bbox 1389 4812 1547 4884; x_wconf 91' lang='lat' dir='ltr'>simpliciter</span> <span class='ocrx_word' id='word_1_685' title='bbox 1560 4813 1695 4870; x_wconf 88' lang='lat' dir='ltr'>incedunt.</span> 
     </span>
     <span class='ocr_line' id='line_1_51' title="bbox 291 4900 1939 4979; baseline 0 -21"><span class='ocrx_word' id='word_1_686' title='bbox 291 4905 368 4978; x_wconf 82' lang='lat' dir='ltr'>perio</span> <span class='ocrx_word' id='word_1_687' title='bbox 391 4904 570 4976; x_wconf 90' lang='lat' dir='ltr'>disponenda.</span> <span class='ocrx_word' id='word_1_688' title='bbox 586 4903 649 4960; x_wconf 90' lang='lat' dir='ltr'>Non</span> <span class='ocrx_word' id='word_1_689' title='bbox 670 4910 759 4960; x_wconf 88' lang='lat' dir='ltr'>autem</span> <span class='ocrx_word' id='word_1_690' title='bbox 782 4915 807 4962; x_wconf 93' lang='lat' dir='ltr'>tc</span> <span class='ocrx_word' id='word_1_691' title='bbox 826 4914 933 4962; x_wconf 90' lang='lat' dir='ltr'>moveat</span> <span class='ocrx_word' id='word_1_692' title='bbox 956 4906 1088 4979; x_wconf 91' lang='lat' dir='ltr'>magister</span> <span class='ocrx_word' id='word_1_693' title='bbox 1179 4907 1205 4958; x_wconf 83' lang='grc'>6.</span> <span class='ocrx_word' id='word_1_694' title='bbox 1222 4903 1328 4959; x_wconf 84' lang='lat' dir='ltr'>Tertius</span> <span class='ocrx_word' id='word_1_695' title='bbox 1341 4901 1442 4974; x_wconf 80' lang='lat' dir='ltr'>gradus</span> <span class='ocrx_word' id='word_1_696' title='bbox 1465 4911 1506 4957; x_wconf 89' lang='lat' dir='ltr'>est</span> <span class='ocrx_word' id='word_1_697' title='bbox 1529 4901 1648 4958; x_wconf 89' lang='lat' dir='ltr'>hilariter</span> <span class='ocrx_word' id='word_1_698' title='bbox 1669 4900 1791 4960; x_wconf 89' lang='lat' dir='ltr'>obedire.</span> <span class='ocrx_word' id='word_1_699' title='bbox 1814 4901 1939 4958; x_wconf 78' lang='lat' dir='ltr'>litteren</span> 
     </span>
     <span class='ocr_line' id='line_1_52' title="bbox 291 4991 1940 5066; baseline -0.001 -18"><span class='ocrx_word' id='word_1_700' title='bbox 291 4991 443 5065; x_wconf 87' lang='lat' dir='ltr'>imperitus,</span> <span class='ocrx_word' id='word_1_701' title='bbox 466 4992 608 5050; x_wconf 87' lang='lat' dir='ltr'>indiscreta</span> <span class='ocrx_word' id='word_1_702' title='bbox 628 4997 762 5064; x_wconf 86' lang='lat' dir='ltr'>potestas;</span> <span class='ocrx_word' id='word_1_703' title='bbox 787 4993 832 5048; x_wconf 89' lang='lat' dir='ltr'>sed</span> <span class='ocrx_word' id='word_1_704' title='bbox 861 5001 997 5048; x_wconf 86' lang='lat' dir='ltr'>memento</span> <span class='ocrx_word' id='word_1_705' title='bbox 1021 4993 1086 5064; x_wconf 91' lang='lat' dir='ltr'>qaia</span> <span class='ocrx_word' id='word_1_706' title='bbox 1143 4995 1220 5050; x_wconf 82' lang='lat' dir='ltr'>caira</span> <span class='ocrx_word' id='word_1_707' title='bbox 1235 4992 1363 5050; x_wconf 84' lang='lat' dir='ltr'>dotorem</span> <span class='ocrx_word' id='word_1_708' title='bbox 1377 4991 1472 5066; x_wconf 75' lang='lat' dir='ltr'>diligit</span> <span class='ocrx_word' id='word_1_709' title='bbox 1485 4994 1570 5049; x_wconf 79' lang='lat' dir='ltr'>Daras.</span> <span class='ocrx_word' id='word_1_710' title='bbox 1585 4993 1646 5049; x_wconf 84' lang='lat' dir='ltr'>Nota</span> <span class='ocrx_word' id='word_1_711' title='bbox 1660 5006 1696 5048; x_wconf 76' lang='lat' dir='ltr'>cc</span> <span class='ocrx_word' id='word_1_712' title='bbox 1711 4991 1940 5064; x_wconf 62' lang='lat' dir='ltr'>emanataqua</span> 
     </span>
     <span class='ocr_line' id='line_1_53' title="bbox 292 5081 1939 5155; baseline -0.002 -16"><span class='ocrx_word' id='word_1_713' title='bbox 292 5099 345 5139; x_wconf 94' lang='lat' dir='ltr'>non</span> <span class='ocrx_word' id='word_1_714' title='bbox 361 5091 401 5137; x_wconf 88' lang='lat' dir='ltr'>est</span> <span class='ocrx_word' id='word_1_715' title='bbox 412 5089 530 5152; x_wconf 86' lang='lat' dir='ltr'>potestas</span> <span class='ocrx_word' id='word_1_716' title='bbox 548 5082 600 5137; x_wconf 92' lang='lat' dir='ltr'>nisi</span> <span class='ocrx_word' id='word_1_717' title='bbox 613 5098 629 5136; x_wconf 86' lang='grc' dir='ltr'>ιι</span> <span class='ocrx_word' id='word_1_718' title='bbox 643 5081 716 5149; x_wconf 89' lang='lat' dir='ltr'>Deo;</span> <span class='ocrx_word' id='word_1_719' title='bbox 732 5088 759 5136; x_wconf 87' lang='lat' dir='ltr'>ct</span> <span class='ocrx_word' id='word_1_720' title='bbox 773 5081 820 5152; x_wconf 92' lang='lat' dir='ltr'>qui</span> <span class='ocrx_word' id='word_1_721' title='bbox 836 5081 936 5136; x_wconf 91' lang='lat' dir='ltr'>resistit</span> <span class='ocrx_word' id='word_1_722' title='bbox 951 5081 1085 5152; x_wconf 87' lang='lat' dir='ltr'>potestati,</span> <span class='ocrx_word' id='word_1_723' title='bbox 1141 5083 1296 5152; x_wconf 76' lang='lat' dir='ltr'>Apostolus,</span> <span class='ocrx_word' id='word_1_724' title='bbox 1312 5085 1363 5138; x_wconf 84' lang='lat' dir='ltr'>acl</span> <span class='ocrx_word' id='word_1_725' title='bbox 1378 5097 1414 5136; x_wconf 72' lang='lat' dir='ltr'>ccc</span> <span class='ocrx_word' id='word_1_726' title='bbox 1428 5083 1597 5140; x_wconf 78' lang='lat' dir='ltr'>necessitate</span> <span class='ocrx_word' id='word_1_727' title='bbox 1610 5082 1651 5154; x_wconf 84' lang='lat' dir='ltr'>(ll</span> <span class='ocrx_word' id='word_1_728' title='bbox 1664 5083 1725 5140; x_wconf 82' lang='lat' dir='ltr'>Cor.</span> <span class='ocrx_word' id='word_1_729' title='bbox 1745 5096 1785 5151; x_wconf 82' lang='lat' dir='ltr'>rx,</span> <span class='ocrx_word' id='word_1_730' title='bbox 1801 5081 1841 5155; x_wconf 73' lang='grc' dir='ltr'>ι).</span> <span class='ocrx_word' id='word_1_731' title='bbox 1859 5081 1939 5136; x_wconf 73' lang='lat' dir='ltr'>Sere·</span> 
     </span>
     <span class='ocr_line' id='line_1_54' title="bbox 290 5169 1939 5240; baseline -0.002 -11"><span class='ocrx_word' id='word_1_732' title='bbox 290 5171 391 5229; x_wconf 86' lang='lat' dir='ltr'>resistit</span> <span class='ocrx_word' id='word_1_733' title='bbox 409 5171 457 5228; x_wconf 88' lang='lat' dir='ltr'>Dei</span> <span class='ocrx_word' id='word_1_734' title='bbox 482 5169 642 5229; x_wconf 87' lang='lat' dir='ltr'>ordinationi</span> <span class='ocrx_word' id='word_1_735' title='bbox 656 5171 748 5238; x_wconf 81' lang='lat' dir='ltr'>(licat.</span> <span class='ocrx_word' id='word_1_736' title='bbox 774 5185 833 5237; x_wconf 86' lang='lat' dir='ltr'>xrrr,</span> <span class='ocrx_word' id='word_1_737' title='bbox 859 5175 884 5239; x_wconf 89' lang='lat' dir='ltr'>l,</span> <span class='ocrx_word' id='word_1_738' title='bbox 906 5173 945 5240; x_wconf 72' lang='lat' dir='ltr'>il.</span> <span class='ocrx_word' id='word_1_739' title='bbox 968 5173 1031 5227; x_wconf 85' lang='lat' dir='ltr'>llaec</span> <span class='ocrx_word' id='word_1_740' title='bbox 1045 5179 1086 5226; x_wconf 88' lang='lat' dir='ltr'>est</span> <span class='ocrx_word' id='word_1_741' title='bbox 1143 5171 1212 5226; x_wconf 88' lang='lat' dir='ltr'>nitas</span> <span class='ocrx_word' id='word_1_742' title='bbox 1228 5171 1255 5225; x_wconf 92' lang='lat' dir='ltr'>in</span> <span class='ocrx_word' id='word_1_743' title='bbox 1269 5170 1354 5238; x_wconf 84' lang='lat' dir='ltr'>vultu,</span> <span class='ocrx_word' id='word_1_744' title='bbox 1369 5169 1484 5227; x_wconf 87' lang='lat' dir='ltr'>dulcedo</span> <span class='ocrx_word' id='word_1_745' title='bbox 1492 5169 1518 5226; x_wconf 93' lang='lat' dir='ltr'>in</span> <span class='ocrx_word' id='word_1_746' title='bbox 1536 5170 1719 5240; x_wconf 89' lang='lat' dir='ltr'>sermonibus,</span> <span class='ocrx_word' id='word_1_747' title='bbox 1734 5171 1849 5226; x_wconf 90' lang='lat' dir='ltr'>multum</span> <span class='ocrx_word' id='word_1_748' title='bbox 1862 5169 1939 5226; x_wconf 89' lang='lat' dir='ltr'>colo·</span> 
     </span>
     <span class='ocr_line' id='line_1_55' title="bbox 290 5256 1939 5336; baseline -0.002 -20"><span class='ocrx_word' id='word_1_749' title='bbox 290 5262 401 5334; x_wconf 85' lang='lat' dir='ltr'>propria</span> <span class='ocrx_word' id='word_1_750' title='bbox 416 5260 531 5317; x_wconf 87' lang='lat' dir='ltr'>bominis</span> <span class='ocrx_word' id='word_1_751' title='bbox 546 5259 709 5324; x_wconf 88' lang='lat' dir='ltr'>obedientia,</span> <span class='ocrx_word' id='word_1_752' title='bbox 730 5271 808 5330; x_wconf 84' lang='lat' dir='ltr'>quatu</span> <span class='ocrx_word' id='word_1_753' title='bbox 828 5259 930 5315; x_wconf 91' lang='lat' dir='ltr'>bomini</span> <span class='ocrx_word' id='word_1_754' title='bbox 942 5258 1084 5329; x_wconf 88' lang='lat' dir='ltr'>debemus,</span> <span class='ocrx_word' id='word_1_755' title='bbox 1142 5268 1202 5316; x_wconf 91' lang='lat' dir='ltr'>rant</span> <span class='ocrx_word' id='word_1_756' title='bbox 1222 5259 1403 5315; x_wconf 86' lang='lat' dir='ltr'>obedientiam</span> <span class='ocrx_word' id='word_1_757' title='bbox 1426 5259 1611 5332; x_wconf 88' lang='lat' dir='ltr'>obsequentis.</span> <span class='ocrx_word' id='word_1_758' title='bbox 1634 5259 1712 5316; x_wconf 89' lang='lat' dir='ltr'>Unde</span> <span class='ocrx_word' id='word_1_759' title='bbox 1730 5267 1758 5316; x_wconf 90' lang='lat' dir='ltr'>et</span> <span class='ocrx_word' id='word_1_760' title='bbox 1770 5258 1880 5336; x_wconf 88' lang='lat' dir='ltr'>gentilis</span> <span class='ocrx_word' id='word_1_761' title='bbox 1894 5256 1939 5314; x_wconf 89' lang='lat' dir='ltr'>ille</span> 
     </span>
     <span class='ocr_line' id='line_1_56' title="bbox 289 5347 1939 5422; baseline -0.002 -16"><span class='ocrx_word' id='word_1_762' title='bbox 289 5349 335 5422; x_wconf 94' lang='lat' dir='ltr'>qui</span> <span class='ocrx_word' id='word_1_763' title='bbox 355 5349 458 5406; x_wconf 87' lang='lat' dir='ltr'>bomini</span> <span class='ocrx_word' id='word_1_764' title='bbox 473 5347 572 5405; x_wconf 85' lang='lat' dir='ltr'>subditi</span> <span class='ocrx_word' id='word_1_765' title='bbox 587 5363 689 5403; x_wconf 85' lang='lat' dir='ltr'>smnus.</span> <span class='ocrx_word' id='word_1_766' title='bbox 704 5347 863 5404; x_wconf 81' lang='lat' dir='ltr'>communis</span> <span class='ocrx_word' id='word_1_767' title='bbox 880 5359 921 5404; x_wconf 90' lang='lat' dir='ltr'>est</span> <span class='ocrx_word' id='word_1_768' title='bbox 939 5347 1021 5406; x_wconf 90' lang='lat' dir='ltr'>etiam</span> <span class='ocrx_word' id='word_1_769' title='bbox 1035 5348 1085 5404; x_wconf 88' lang='lat' dir='ltr'>ista</span> <span class='ocrx_word' id='word_1_770' title='bbox 1140 5360 1219 5420; x_wconf 89' lang='lat' dir='ltr'>poeta</span> <span class='ocrx_word' id='word_1_771' title='bbox 1234 5348 1273 5406; x_wconf 89' lang='lat' dir='ltr'>sic</span> <span class='ocrx_word' id='word_1_772' title='bbox 1287 5347 1324 5405; x_wconf 90' lang='lat' dir='ltr'>ait</span> <span class='ocrx_word' id='word_1_773' title='bbox 1340 5363 1347 5405; x_wconf 82' lang='grc' dir='ltr'>ι</span> <span class='ocrx_word' id='word_1_774' title='bbox 1365 5368 1378 5400; x_wconf 75' lang='grc' dir='ltr'>ι</span> <span class='ocrx_word' id='word_1_775' title='bbox 1394 5347 1480 5419; x_wconf 88' lang='lat' dir='ltr'>Super</span> <span class='ocrx_word' id='word_1_776' title='bbox 1502 5349 1594 5405; x_wconf 76' lang='lat' dir='ltr'>cannia</span> <span class='ocrx_word' id='word_1_777' title='bbox 1612 5349 1704 5407; x_wconf 88' lang='lat' dir='ltr'>vultus</span> <span class='ocrx_word' id='word_1_778' title='bbox 1718 5363 1859 5406; x_wconf 79' lang='lat' dir='ltr'>accessere</span> <span class='ocrx_word' id='word_1_779' title='bbox 1873 5349 1939 5404; x_wconf 91' lang='lat' dir='ltr'>boni</span> 
     </span>
     <span class='ocr_line' id='line_1_57' title="bbox 288 5434 1938 5510; baseline 0 -18"><span class='ocrx_word' id='word_1_780' title='bbox 288 5437 360 5496; x_wconf 84' lang='lat' dir='ltr'>inter</span> <span class='ocrx_word' id='word_1_781' title='bbox 374 5439 460 5495; x_wconf 87' lang='lat' dir='ltr'>Deum</span> <span class='ocrx_word' id='word_1_782' title='bbox 484 5448 510 5493; x_wconf 90' lang='lat' dir='ltr'>et</span> <span class='ocrx_word' id='word_1_783' title='bbox 524 5435 681 5506; x_wconf 89' lang='lat' dir='ltr'>hominem;</span> <span class='ocrx_word' id='word_1_784' title='bbox 698 5435 760 5507; x_wconf 90' lang='lat' dir='ltr'>qnia</span> <span class='ocrx_word' id='word_1_785' title='bbox 779 5434 909 5508; x_wconf 91' lang='lat' dir='ltr'>quidquid</span> <span class='ocrx_word' id='word_1_786' title='bbox 924 5435 1085 5494; x_wconf 82' lang='lat' dir='ltr'>obedientiae</span> <span class='ocrx_word' id='word_1_787' title='bbox 1141 5435 1232 5507; x_wconf 84' lang='lat' dir='ltr'>(Otto.</span> <span class='ocrx_word' id='word_1_788' title='bbox 1249 5437 1359 5493; x_wconf 86' lang='lat' dir='ltr'>dietam.</span> <span class='ocrx_word' id='word_1_789' title='bbox 1373 5437 1418 5494; x_wconf 92' lang='lat' dir='ltr'>lib.</span> <span class='ocrx_word' id='word_1_790' title='bbox 1435 5437 1508 5510; x_wconf 84' lang='lat' dir='ltr'>vrrs).</span> <span class='ocrx_word' id='word_1_791' title='bbox 1523 5459 1534 5488; x_wconf 78' lang='lat' dir='ltr'>s</span> <span class='ocrx_word' id='word_1_792' title='bbox 1551 5437 1618 5508; x_wconf 88' lang='lat' dir='ltr'>Quis</span> <span class='ocrx_word' id='word_1_793' title='bbox 1631 5437 1702 5494; x_wconf 88' lang='lat' dir='ltr'>eninr</span> <span class='ocrx_word' id='word_1_794' title='bbox 1717 5437 1794 5494; x_wconf 89' lang='lat' dir='ltr'>locus</span> <span class='ocrx_word' id='word_1_795' title='bbox 1807 5437 1938 5494; x_wconf 88' lang='lat' dir='ltr'>obedian-</span> 
     </span>
     <span class='ocr_line' id='line_1_58' title="bbox 287 5523 1938 5598; baseline -0.002 -15"><span class='ocrx_word' id='word_1_796' title='bbox 287 5527 409 5598; x_wconf 82' lang='lat' dir='ltr'>praelalis</span> <span class='ocrx_word' id='word_1_797' title='bbox 427 5526 581 5592; x_wconf 87' lang='lat' dir='ltr'>exhibetur,</span> <span class='ocrx_word' id='word_1_798' title='bbox 598 5525 623 5581; x_wconf 91' lang='lat' dir='ltr'>ei</span> <span class='ocrx_word' id='word_1_799' title='bbox 644 5524 787 5581; x_wconf 86' lang='lat' dir='ltr'>exhibetur</span> <span class='ocrx_word' id='word_1_800' title='bbox 800 5525 846 5596; x_wconf 93' lang='lat' dir='ltr'>qni</span> <span class='ocrx_word' id='word_1_801' title='bbox 865 5525 952 5582; x_wconf 90' lang='lat' dir='ltr'>dicit:</span> <span class='ocrx_word' id='word_1_802' title='bbox 975 5525 1027 5593; x_wconf 84' lang='lat' dir='ltr'>Qai</span> <span class='ocrx_word' id='word_1_803' title='bbox 1038 5539 1084 5580; x_wconf 85' lang='lat' dir='ltr'>vos</span> <span class='ocrx_word' id='word_1_804' title='bbox 1140 5525 1194 5591; x_wconf 81' lang='lat' dir='ltr'>tie,</span> <span class='ocrx_word' id='word_1_805' title='bbox 1205 5523 1252 5579; x_wconf 94' lang='lat' dir='ltr'>ubi</span> <span class='ocrx_word' id='word_1_806' title='bbox 1266 5525 1380 5581; x_wconf 86' lang='lat' dir='ltr'>tristitiae</span> <span class='ocrx_word' id='word_1_807' title='bbox 1402 5525 1519 5581; x_wconf 79' lang='lat' dir='ltr'>couritur</span> <span class='ocrx_word' id='word_1_808' title='bbox 1541 5524 1694 5598; x_wconf 75' lang='lat' dir='ltr'>egritudo?</span> <span class='ocrx_word' id='word_1_809' title='bbox 1707 5523 1864 5583; x_wconf 77' lang='lat' dir='ltr'>Ostendant</span> <span class='ocrx_word' id='word_1_810' title='bbox 1878 5523 1938 5597; x_wconf 87' lang='lat' dir='ltr'>ple-</span> 
     </span>
     <span class='ocr_line' id='line_1_59' title="bbox 288 5611 1939 5688; baseline -0.004 -14"><span class='ocrx_word' id='word_1_811' title='bbox 288 5617 379 5685; x_wconf 83' lang='lat' dir='ltr'>aadil,</span> <span class='ocrx_word' id='word_1_812' title='bbox 391 5635 436 5676; x_wconf 87' lang='lat' dir='ltr'>me</span> <span class='ocrx_word' id='word_1_813' title='bbox 451 5617 534 5674; x_wconf 79' lang='lat' dir='ltr'>aedil</span> <span class='ocrx_word' id='word_1_814' title='bbox 547 5613 624 5686; x_wconf 83' lang='lat' dir='ltr'>(Lac.</span> <span class='ocrx_word' id='word_1_815' title='bbox 636 5631 663 5682; x_wconf 84' lang='lat' dir='ltr'>a,</span> <span class='ocrx_word' id='word_1_816' title='bbox 676 5617 732 5685; x_wconf 84' lang='lat' dir='ltr'>lli).</span> <span class='ocrx_word' id='word_1_817' title='bbox 745 5615 811 5671; x_wconf 86' lang='lat' dir='ltr'>Cum</span> <span class='ocrx_word' id='word_1_818' title='bbox 826 5629 925 5688; x_wconf 85' lang='lat' dir='ltr'>magna</span> <span class='ocrx_word' id='word_1_819' title='bbox 934 5614 1016 5688; x_wconf 88' lang='lat' dir='ltr'>igitur</span> <span class='ocrx_word' id='word_1_820' title='bbox 1025 5629 1086 5669; x_wconf 91' lang='lat' dir='ltr'>cau·</span> <span class='ocrx_word' id='word_1_821' title='bbox 1141 5629 1257 5686; x_wconf 85' lang='lat' dir='ltr'>rumque</span> <span class='ocrx_word' id='word_1_822' title='bbox 1267 5613 1431 5672; x_wconf 85' lang='lat' dir='ltr'>voluntatem</span> <span class='ocrx_word' id='word_1_823' title='bbox 1442 5613 1525 5670; x_wconf 78' lang='lat' dir='ltr'>aninri</span> <span class='ocrx_word' id='word_1_824' title='bbox 1541 5615 1620 5688; x_wconf 87' lang='lat' dir='ltr'>signa</span> <span class='ocrx_word' id='word_1_825' title='bbox 1633 5613 1778 5684; x_wconf 80' lang='lat' dir='ltr'>exteriora,</span> <span class='ocrx_word' id='word_1_826' title='bbox 1790 5623 1817 5672; x_wconf 91' lang='lat' dir='ltr'>et</span> <span class='ocrx_word' id='word_1_827' title='bbox 1831 5611 1939 5670; x_wconf 86' lang='lat' dir='ltr'>dillicile</span> 
     </span>
     <span class='ocr_line' id='line_1_60' title="bbox 288 5702 1938 5776; baseline -0.004 -10"><span class='ocrx_word' id='word_1_828' title='bbox 288 5707 342 5766; x_wconf 85' lang='lat' dir='ltr'>tela</span> <span class='ocrx_word' id='word_1_829' title='bbox 355 5707 407 5764; x_wconf 90' lang='lat' dir='ltr'>lroc</span> <span class='ocrx_word' id='word_1_830' title='bbox 421 5705 528 5762; x_wconf 88' lang='lat' dir='ltr'>tramite</span> <span class='ocrx_word' id='word_1_831' title='bbox 543 5703 657 5761; x_wconf 83' lang='lat' dir='ltr'>dicimus</span> <span class='ocrx_word' id='word_1_832' title='bbox 673 5703 863 5776; x_wconf 75' lang='lat' dir='ltr'>incedendum,</span> <span class='ocrx_word' id='word_1_833' title='bbox 885 5704 945 5775; x_wconf 86' lang='lat' dir='ltr'>quia</span> <span class='ocrx_word' id='word_1_834' title='bbox 966 5704 1084 5759; x_wconf 87' lang='lat' dir='ltr'>etmulti</span> <span class='ocrx_word' id='word_1_835' title='bbox 1139 5710 1181 5758; x_wconf 89' lang='lat' dir='ltr'>est</span> <span class='ocrx_word' id='word_1_836' title='bbox 1196 5710 1225 5757; x_wconf 93' lang='lat' dir='ltr'>ut</span> <span class='ocrx_word' id='word_1_837' title='bbox 1239 5703 1344 5758; x_wconf 88' lang='lat' dir='ltr'>vultum</span> <span class='ocrx_word' id='word_1_838' title='bbox 1361 5718 1414 5759; x_wconf 91' lang='lat' dir='ltr'>non</span> <span class='ocrx_word' id='word_1_839' title='bbox 1429 5709 1544 5771; x_wconf 90' lang='lat' dir='ltr'>mutent,</span> <span class='ocrx_word' id='word_1_840' title='bbox 1565 5703 1613 5776; x_wconf 90' lang='lat' dir='ltr'>qai</span> <span class='ocrx_word' id='word_1_841' title='bbox 1635 5711 1738 5761; x_wconf 89' lang='lat' dir='ltr'>mutent</span> <span class='ocrx_word' id='word_1_842' title='bbox 1760 5702 1938 5760; x_wconf 81' lang='lat' dir='ltr'>uoluntatem.</span> 
     </span>
    </p>
   </div>
   <div class='ocr_carea' id='block_1_3' title="bbox 0 0 2062 6342">
    <p class='ocr_par' dir='ltr' id='par_1_3' title="bbox 0 0 2062 6342">
     <span class='ocr_line' id='line_1_61' title="bbox 0 0 2062 6342; baseline 0 0"><span class='ocrx_word' id='word_1_843' title='bbox 0 0 2062 6342; x_wconf 95' lang='lat' dir='ltr'> </span> 
     </span>
    </p>
   </div>
  </div>
 </body>
</html>
