4116 6348
114 400 169 458 tlt

736 393 906 458 sandonus
930 397 973 456 tta
992 395 1152 456 bttttttsts.

1715 394 1769 457 ttt

115 541 175 582 rum
192 524 286 580 laudet
300 538 372 580 eum.
393 519 470 590 Quod
488 521 515 576 in
529 536 595 576 aure
609 521 710 578 audivit
731 521 759 576 in
777 520 917 588 cubiculis,
935 543 958 620 Α
977 530 1047 578 cent.
1058 521 1110 577 Sed
1123 522 1250 593 quoniam
1262 521 1406 576 virtutibus
1421 523 1579 580 insidiantur
1597 524 1674 592 vitia,
1692 522 1769 579 etita

117 615 248 684 praedicet
260 615 314 684 iarn
332 627 415 684 super
437 613 517 677 tecta,
540 620 567 665 et
584 609 623 666 sic
636 610 728 666 ailluet
741 610 853 668 deliciis.
870 610 918 666 At-

115 704 199 760 fluere
222 703 293 760 enim
316 703 491 766 dictumest,
514 700 599 756 verbo
628 701 756 758 doctrinae
783 701 916 768 insistere,

117 791 244 862 exemplo
259 791 320 848 vitae
337 790 436 854 lucere,
451 802 521 856 epus
544 787 681 857 spirituale
699 788 829 844 instanter
843 805 919 845 exer·

116 896 189 936 cere.

152 972 179 1022 6.
199 968 252 1024 Sed
268 983 378 1022 rreccsse
403 972 444 1020 est
470 972 498 1021 ut
519 965 546 1018 in
570 965 610 1020 liis
624 965 748 1020 omnibns
764 983 815 1022 non
832 981 917 1029 arram,

115 1058 165 1113 sed
180 1059 297 1113 auctoris
319 1056 362 1110 sui
382 1068 486 1125 quaerat
509 1055 633 1124 gloriam.
659 1056 720 1126 lpse
738 1065 780 1109 eat
793 1055 865 1110 enim
878 1054 918 1109 di·

116 1148 203 1202 lectus
218 1146 288 1214 ejus,
306 1144 341 1198 de
353 1159 408 1214 que
426 1143 611 1212 scriptumest
628 1164 633 1200 :
653 1146 707 1214 b'po
731 1143 917 1210 dilaniantem

117 1239 146 1293 ct
161 1234 285 1289 dilectas
299 1247 379 1288 neces
392 1231 466 1287 mibi
480 1232 604 1300 (dantia.
619 1247 647 1298 ιι,
658 1234 714 1304 t6);
726 1233 856 1305 etdequo
871 1235 918 1288 l‘a-

119 1334 160 1379 ter
177 1340 183 1376 :
199 1324 249 1378 llic
274 1323 317 1378 est
341 1319 420 1389 filins
442 1336 523 1378 merca
545 1320 682 1386 dilectns;
706 1323 797 1394 ipsum
824 1322 919 1378 credite

120 1413 197 1480 (Lac.
214 1424 257 1480 tx,
272 1409 329 1478 ab).
346 1408 436 1478 Super
450 1422 532 1478 quem
546 1407 715 1465 innitendum
734 1415 784 1477 est,
798 1418 828 1462 ut
839 1407 918 1464 vide-

118 1500 183 1556 licet
206 1496 280 1554 illius
304 1494 398 1570 gratie
422 1493 522 1552 auxilio
545 1496 693 1552 ascribatur
715 1511 784 1568 opus
808 1496 878 1566 ejus,
903 1511 919 1548 a

117 1601 174 1660 quo
189 1585 291 1655 omnia,
308 1598 355 1654 per
370 1599 450 1655 quem
465 1581 567 1654 omnia,
580 1593 607 1640 et
620 1583 653 1638 ad
668 1599 749 1655 quem
767 1583 858 1638 omnia
870 1598 916 1638 re-

972 621 1049 682 Juxta
1064 619 1126 666 sunt
1139 611 1236 682 posita,
1256 619 1285 666 ut
1304 611 1349 681 qni
1363 611 1397 665 ab
1412 611 1466 666 illis
1479 612 1637 679 deviaverit,
1653 601 1768 669 istorum

973 704 1082 773 laqueos
1096 698 1226 764 incurrat,
1242 709 1347 770 oportet
1366 708 1395 755 ut
1414 699 1447 754 sit
1469 701 1628 772 poenitentia
1641 701 1699 757 sine
1715 718 1767 768 pn·

972 790 1050 854 dore,
1066 805 1100 843 ne
1115 787 1215 844 scilieet
1229 787 1371 844 erubescat
1392 787 1514 842 confiteri
1534 789 1676 843 commissa
1699 805 1768 858 pec-

973 885 1045 948 cata3
1066 885 1160 934 caveat
1172 875 1275 946 justitia
1290 875 1498 942 simulationem,
1514 873 1634 930 eliminet
1649 875 1769 945 praelatio

972 965 1127 1022 elationem.
1149 965 1200 1022 Ubi
1224 965 1296 1021 enim
1316 963 1472 1036 magnitudo
1493 963 1639 1034 gratiam-n
1661 971 1711 1030 cst,
1734 963 1769 1017 ibi

974 1053 1053 1108 etiam
1069 1054 1227 1125 magnitudo
1247 1052 1411 1108 discriminis
1425 1064 1475 1108 est.

1218 1221 1334 1279 senno
1354 1223 1427 1278 xcu
1446 1221 1530 1294 (rte).

974 1369 1011 1423 De
1028 1367 1134 1439 triplici
1149 1367 1412 1434 introductionem
1427 1366 1550 1434 bortum,
1561 1367 1593 1420 in
1607 1364 1767 1428 cellariam,

1239 1443 1266 1495 ct
1281 1441 1314 1494 in
1328 1437 1500 1495 cubiculum.

1009 1593 1035 1643 t.
1058 1590 1122 1645 Veni
1131 1591 1163 1644 in
1178 1589 1292 1645 bortum
1302 1607 1407 1661 menne,
1416 1606 1494 1646 soror
1503 1605 1566 1646 meo
1574 1587 1768 1662 aponacfflnn-

117 1676 254 1732 feruutur.
268 1673 323 1729 Gur
337 1678 428 1728 nutem
449 1686 532 1740 super
553 1686 615 1726 eum
638 1669 716 1727 inniti
735 1671 840 1738 debeat,
857 1670 915 1741 ipso
974 1679 1023 1736 tic,
1039 1694 1066 1746 v,
1083 1677 1119 1747 t).
1134 1677 1205 1734 Alibi
1219 1677 1327 1743 dicitur,
1339 1677 1502 1735 introduxit
1512 1696 1557 1735 me
1571 1693 1622 1736 rex
1636 1681 1668 1735 in
1682 1677 1768 1734 ceila,

116 1765 233 1821 dilectus
245 1761 292 1836 qui
315 1761 394 1818 docet
418 1758 554 1816 bominem
580 1759 729 1827 scientiam,
745 1759 850 1830 plenius
865 1774 915 1815 nos
971 1769 1048 1823 rtem
1067 1782 1151 1822 enum
1169 1767 1293 1836 (dantia.
1311 1782 1330 1831 r,
1346 1767 1392 1836 3);
1407 1765 1470 1820 alibi
1484 1766 1591 1833 dicitur,
1607 1768 1639 1822 in
1653 1765 1768 1823 cabien-

117 1854 224 1910 doeeat.
248 1851 295 1906 Ait
318 1850 362 1905 ille
385 1847 525 1920 discipulis
548 1862 617 1921 quos
640 1848 796 1917 hujusmodi
815 1847 917 1904 deliciis
934 1820 956 1898 Β
974 1859 1032 1912 inm
1047 1871 1135 1912 sarem
1149 1853 1272 1924 (dantia.
1285 1868 1326 1918 m,
1336 1853 1447 1922 tt.Haec
1461 1853 1557 1924 triplex
1569 1853 1731 1911 introductio
1740 1852 1769 1908 tn

117 1942 262 2014 implebat:
274 1941 328 2012 Epo
342 1955 405 1994 cerm
420 1938 497 2006 citis,
506 1953 552 1994 voa
560 1937 707 2009 palmites.
720 1937 798 1993 Sient
810 1937 917 2009 palmea

117 2023 179 2088 non
192 2032 283 2102 potest
297 2030 392 2100 facere
405 2028 546 2097 sructura,
561 2027 619 2082 nisi
636 2027 779 2082 manserit
800 2027 831 2082 in
845 2027 916 2092 cita·

118 2121 160 2174 sic
171 2123 200 2174 et
209 2134 255 2174 cos
265 2116 324 2172 niei
333 2116 366 2172 in
375 2129 421 2170 me
428 2115 613 2170 manseritis:
628 2120 654 2168 et
666 2114 774 2184 iterum,
785 2115 851 2171 Sine
860 2131 917 2182 ene,

120 2205 220 2278 inquit,
236 2203 311 2260 nihil
328 2204 446 2276 potestis
467 2205 564 2274 secere
579 2203 669 2271 (loen.
685 2217 732 2271 xv,
749 2205 775 2271 d,
790 2204 829 2274 iit.
843 2205 882 2258 dc
895 2204 919 2258 si

123 2305 216 2366 aperte
230 2295 332 2350 diceret
350 2309 358 2346 z
373 2292 403 2348 Si
417 2290 521 2348 deliciis
537 2289 618 2347 vultis
640 2289 759 2356 ailluerr,
776 2289 918 2347 innitimini

120 2381 206 2456 super
219 2398 273 2437 me.
289 2382 342 2438 Sed
358 2381 414 2450 iam
429 2379 577 2450 videamus,
595 2380 732 2452 quomodo
747 2380 786 2435 illi
807 2381 919 2436 attinent

120 2481 147 2530 et
162 2472 321 2530 innitantur.
338 2470 434 2526 Veniat
456 2468 484 2523 iu
510 2469 627 2524 medinm
647 2485 716 2524 unus
730 2484 779 2538 pro
793 2470 920 2526 omnibus

121 2563 169 2618 illc
177 2557 484 2633 praedicatoregreqius.
497 2557 558 2622 Eia,
572 2557 725 2613 beatissime
736 2560 827 2626 Paule,
838 2559 919 2613 aliiue

120 2649 227 2707 deliciis
252 2649 315 2706 tois.
340 2648 419 2703 Certe
442 2663 503 2702 cum
527 2643 709 2718 Evangelium
724 2646 919 2701 ebterusatenr

122 2755 171 2811 per
195 2738 336 2795 circuituro
358 2735 392 2791 ad
415 2734 551 2807 illyricam
576 2734 768 2808 praedicassem
785 2750 846 2791 cmn
863 2735 921 2790 sino

122 2836 235 2902 sumptu
250 2828 339 2898 ipsum
352 2825 529 2898 Evangelium
553 2824 705 2896 posuisses;
723 2838 784 2880 cum
798 2823 920 2881 coelestes

123 2923 270 2977 thesauros
280 2917 395 2989 fideique
408 2922 604 2971 sacramentum
623 2914 727 2971 Graecis
739 2929 771 2970 ac
785 2913 920 2980 Barbaria,

122 3010 292 3083 sapientibus
313 3015 340 3064 et
363 3004 568 3077 insipientibus,
592 3011 621 3058 ut
644 3005 764 3076 prudens
779 3019 811 3059 ac
833 3003 921 3060 tidelis

971 1943 1068 2000 animae
1089 1941 1212 1998 rationali
1233 1957 1250 1996 a
1270 1942 1377 2012 Sponsa
1398 1956 1458 2008 suo,
1482 1942 1572 1998 Verbo
1588 1942 1690 1998 scilicet
1708 1939 1767 2006 Dei,

972 2032 1121 2088 meandum
1142 2030 1276 2100 triplicem
1295 2045 1403 2085 sensum
1427 2028 1639 2099 seripturarum,
1656 2028 1768 2084 histori-

972 2137 1043 2192 cum,
1070 2119 1209 2186 moralem,
1227 2118 1379 2196 mysticum.
1402 2119 1432 2173 ln
1453 2119 1531 2174 horto
1552 2126 1592 2172 est
1613 2115 1767 2180 historicus,

973 2210 1000 2264 in
1014 2207 1123 2264 certano
1134 2207 1252 2272 moralis,
1262 2207 1288 2262 in
1303 2206 1428 2263 cubiculo
1444 2206 1582 2278 mysticus.
1593 2207 1623 2261 ln
1638 2206 1726 2270 torte,
1741 2203 1768 2260 id

972 2305 1014 2352 eat
1028 2289 1056 2350 in
1070 2296 1194 2361 historia,
1202 2294 1358 2352 continetur
1366 2295 1464 2370 triplex
1479 2294 1616 2352 Trinitatis
1628 2295 1768 2365 operatio:

973 2385 1074 2442 creatio
1090 2383 1151 2442 eoell
1165 2391 1192 2440 et
1207 2391 1294 2450 tcrrae,
1305 2385 1442 2443 retrovatio
1454 2383 1516 2440 coeli
1530 2390 1556 2438 et
1572 2391 1659 2450 terrae,
1669 2381 1768 2439 coufir-

973 2473 1057 2530 matio
1066 2473 1127 2530 coeli
1138 2479 1165 2529 et
1179 2481 1265 2529 terre.
1279 2473 1355 2528 Pater
1362 2472 1472 2542 creavit,
1482 2471 1566 2526 Filius
1576 2471 1768 2536 reconciliavit,

973 2562 1090 2634 Spiritus
1101 2569 1209 2618 sanctus
1219 2559 1398 2618 confirmavit.
1408 2560 1439 2615 Et
1449 2558 1524 2615 aliud
1532 2565 1640 2630 tempus
1647 2567 1688 2614 cst
1698 2575 1769 2616 crea-

976 2651 1067 2718 tionis,
1086 2649 1158 2705 atiud
1179 2648 1416 2714 reconciliationis,
1438 2648 1510 2702 aliod
1534 2647 1769 2704 confirmationis:

964 2727 1044 2796 'sicut
1058 2745 1085 2794 et
1098 2739 1125 2792 in
1140 2738 1220 2794 berto
1234 2739 1305 2794 aliud
1321 2746 1362 2793 est
1378 2747 1483 2809 tempus
1501 2735 1683 2809 plantationis,
1698 2736 1771 2792 aliud

976 2825 1772 2900 lructuscolligendi‚aliudvescendi.Creaticetreconcilia·

976 2916 1013 2971 tio
1024 2922 1088 2972 sunt
1097 2913 1251 2985 praesentis3
1263 2912 1444 2984 confirmatio,
1455 2911 1536 2968 loturi
1547 2912 1649 2968 secoli
1660 2914 1689 2968 ln
1698 2912 1772 2983 prin·

975 3003 1045 3074 cipio
1061 3003 1189 3076 temporis
1210 3003 1309 3058 creavit
1330 3004 1414 3070 l'ater,
1432 3001 1458 3056 in
1475 3001 1646 3072 plenitudine
1665 3011 1772 3070 tempo·

120 3101 306 3169 dispensator,
330 3109 488 3166 erogasses3
511 3108 572 3148 cum
596 3090 831 3148 mortificationem
857 3091 921 3162 lesu
953 3091 1213 3173 eriereconciliavit
1227 3090 1320 3160 Filius,
1344 3099 1407 3162 post
1428 3105 1508 3146 omne
1531 3105 1652 3160 praesens
1667 3096 1773 3160 tempos

120 3189 152 3243 in
166 3195 216 3243 tuo
229 3183 335 3240 mortali
350 3198 465 3254 corpore
479 3180 705 3250 circumtulisses;
722 3187 747 3235 et
762 3181 832 3236 inter
846 3181 920 3237 mul·
978 3179 1147 3236 confirmabit
1163 3179 1279 3251 Spiritus
1300 3188 1423 3235 sanctus.
1439 3179 1479 3234 De
1495 3179 1572 3234 Patre
1585 3178 1652 3234 dixit
1666 3177 1748 3233 Filius
1766 3195 1772 3231 :

122 3286 166 3332 tas
187 3273 357 3330 admirandas
379 3271 492 3327 virtutes
515 3278 584 3341 tuas,
609 3283 676 3341 quas
701 3277 730 3324 tu
756 3268 866 3339 potuisti
880 3267 923 3322 la·
978 3267 1772 3341 Poterntettansqcemodooperntnr5etdesesubjunxit:

120 3378 196 3432 cere,
220 3377 270 3418 nos
293 3361 337 3416 vix
361 3375 507 3432 possumus
527 3374 663 3426 enarrare,
679 3358 759 3413 etiarn
781 3357 849 3413 illud
862 3373 924 3413 cum
980 3362 1017 3415 ar
1031 3376 1079 3431 epo
1093 3374 1192 3430 operor
1205 3357 1298 3426 [loon.
1308 3372 1337 3426 v,
1353 3356 1408 3427 tt).
1420 3355 1705 3427 SimiliteretSpiritns
1715 3372 1775 3410 san-

121 3453 200 3511 omni
215 3450 383 3518 auctoritate,
407 3448 465 3504 sine
488 3446 562 3504 omni
583 3446 747 3520 arrogantia,
768 3462 830 3500 cum
851 3461 925 3500 esses
979 3458 1040 3505 ctus
1055 3447 1083 3502 in
1096 3445 1330 3502 consummatione
1355 3445 1445 3499 saeculi
1460 3460 1523 3500 vere
1543 3443 1641 3514 poterit
1654 3443 1745 3500 dicere
1766 3462 1773 3498 :

120 3540 318 3612 Apostolorum
343 3547 390 3592 too
408 3535 512 3606 judicio
534 3533 673 3598 minimus,
695 3544 784 3588 temen
798 3549 882 3588 ausus
896 3549 926 3587 es

120 3631 234 3688 dicere:
249 3625 408 3684 Graticllei
416 3626 448 3681 in
458 3639 603 3682 menecea
617 3638 675 3679 nen
688 3624 755 3692 seit,
772 3621 820 3679 ced
835 3622 925 3678 abnn-

122 3717 243 3775 dantinr
258 3714 387 3772 omnibns
409 3712 470 3768 illia
492 3711 626 3769 laborovi.
652 3711 769 3781 Magnae,
794 3723 831 3776 et,
846 3716 875 3765 ut
890 3709 925 3765 ita

121 3809 224 3874 dicam,
240 3803 376 3861 deliciosae
390 3797 510 3856 deliciael
529 3800 582 3855 Sed
597 3813 630 3854 ne
645 3797 705 3854 illas
724 3797 842 3868 amittas,
857 3797 926 3852 inni-

123 3901 185 3948 tere
198 3883 281 3964 super
297 3889 426 3946 dilectum
449 3894 534 3944 tuum.
561 3887 623 3946 Non
638 3889 735 3944 autern
755 3903 811 3958 epo,
828 3885 925 3957 inquit,

123 3982 173 4040 aed
187 3981 283 4053 pretio
295 3980 345 4034 Dei
358 3992 470 4034 enecone
484 3975 511 4048 (l
524 3975 585 4036 Cor.
602 3991 650 4041 xv,
667 3977 723 4046 ld).
742 3975 858 4032 Rursum
883 3971 927 4027 ai-

124 4068 196 4139 tlue;
212 4065 350 4140 quoniam,
366 4072 395 4121 ut
408 4081 500 4122 verum
513 4065 606 4130 fatear,
618 4063 754 4120 delectant
767 4062 846 4118 valde
863 4059 928 4118 tales

62 4173 70 4184 ·
123 4156 243 4214 deliciae.
262 4155 362 4213 Omnia
375 4170 500 4227 possunt,
516 4153 564 4211 ait.
579 4152 679 4209 lterum
694 4151 819 4207 innitere.
836 4152 871 4207 ln
884 4165 925 4215 eo,

124 4249 223 4320 inquit,
248 4245 297 4316 qni
318 4260 364 4302 rne
388 4245 535 4315 confortet
557 4240 694 4314 (Philipp.
721 4255 760 4308 tv,
786 4241 839 4308 ta).
861 4239 942 4294 item·

125 4335 193 4390 dicit
206 4332 362 4405 Apostolus,
381 4332 433 4400 oni
447 4331 598 4404 plorictcr,
608 4331 640 4386 in
654 4331 773 4406 bomine
786 4329 927 4400 portetur

126 4424 165 4494 (ll
181 4422 245 4478 Gor.
259 4436 289 4488 x,
307 4422 351 4490 tt)
369 4437 375 4474 :
393 4421 445 4476 boc
459 4431 507 4487 est,
531 4420 576 4491 qui
599 4420 705 4474 deliciis
727 4418 819 4484 attluit,
843 4375 964 4489 supern

125 4510 256 4568 dilectum
269 4525 348 4564 suum
363 4508 500 4565 intricatur.

161 4603 191 4656 7.
209 4599 271 4656 llaec
294 4600 329 4654 de
353 4598 439 4654 tribus
461 4573 653 4654 emissibnibus
677 4600 704 4654 in
727 4595 923 4672 significatione

127 4691 211 4748 trium
228 4686 478 4760 sexagenorum
502 4688 654 4753 hominum,
670 4701 739 4760 quos
761 4685 790 4743 iu
808 4687 857 4742 bac
869 4686 924 4746 vite

126 4776 248 4836 continet
262 4785 356 4832 sancta
373 4775 501 4848 Ecclesia,
516 4793 585 4850 quas
607 4776 687 4833 etiam
706 4775 777 4848 apud
792 4773 921 4830 Ezechie·

126 4869 178 4923 lem
192 4863 336 4937 designant
349 4865 420 4932 Noe,
436 4864 542 4934 Daniel,
558 4873 586 4922 et
596 4865 648 4920 iob
667 4863 779 4936 (deecit.
795 4877 853 4930 xrv,
870 4863 922 4932 li),

127 4956 274 5026 adjuvante
302 4952 420 5009 Domino
448 4953 579 5022 diximum
608 4953 731 5026 quamvis
759 4953 785 5008 in
813 4951 925 5026 singulis

126 5042 282 5114 quibusque
297 5039 421 5113 perlectis
436 5043 540 5113 possint
561 5057 615 5100 non
638 5042 859 5100 inconvenienter
878 5055 924 5096 as·

126 5132 242 5206 signari.
260 5132 292 5187 Et
305 5129 334 5186 in
356 5131 399 5187 bis
421 5146 529 5204 queque
552 5129 638 5203 prime
657 5131 768 5187 emissio
782 5128 924 5202 estpoeni-

127 5220 225 5289 tcntia3
255 5218 382 5286 secunda,
411 5219 529 5289 justitia;
557 5220 644 5288 tertia,
671 5219 804 5277 doctrina.
836 5218 925 5275 Primo

127 5311 201 5368 enim
229 5309 385 5381 poenitendo
410 5316 616 5378 convertantur,
643 5309 765 5366 secundo
788 5309 856 5366 benc
881 5307 923 5364 vi-

128 5399 217 5456 vendo
236 5396 369 5468 justitiam
393 5403 529 5466 exercent;
556 5397 647 5470 tertio,
668 5398 692 5454 si
715 5399 785 5454 berre
801 5396 924 5469 proiece-

130 5489 195 5560 rint,
215 5487 302 5559 ipsam
324 5485 467 5556 justitiam,
490 5503 570 5559 quam
594 5487 649 5542 vita
663 5495 763 5555 tenent,
779 5487 863 5542 verbo
877 5484 926 5540 do·

164 5670 242 5743 (lib)
257 5669 369 5725 Constat
381 5685 415 5725 ex
429 5685 511 5727 serm.
527 5675 563 5726 tis
577 5682 602 5727 et
617 5675 650 5728 63
665 5687 698 5728 ex
715 5671 819 5730 Partis,

217 5770 339 5824 Parnoi..
360 5768 531 5826 CLXXXlll.

979 3537 1059 3592 Pater
1077 3545 1104 3592 et
1123 3533 1209 3590 Filius
1226 3551 1310 3606 usque
1330 3533 1411 3589 modo
1430 3544 1594 3604 operantur;
1618 3542 1645 3590 et
1669 3548 1702 3590 ex
1724 3533 1776 3590 hoc

977 3625 1032 3694 jem
1048 3638 1148 3694 operor
1169 3638 1222 3694 ego
1237 3643 1245 3680 ι
1261 3639 1322 3678 cum
1346 3622 1448 3678 scilicet
1465 3621 1523 3691 jam
1547 3621 1641 3678 iecerit
1662 3636 1775 3692 corpora

980 3722 1072 3769 nostra
1092 3711 1254 3783 spiritualia,
1271 3725 1424 3784 corpusque
1447 3709 1594 3766 adhaeserit
1612 3710 1729 3783 spiritui,
1749 3719 1776 3765 et

980 3801 1091 3872 spiritus
1105 3802 1180 3872 Dec,
1200 3802 1251 3857 hoc
1265 3800 1355 3874 ipsum
1368 3815 1467 3870 eorpus
1481 3801 1577 3854 eodem
1595 3798 1695 3871 Spiritu
1711 3815 1776 3854 san-

981 3900 1024 3946 cto
1053 3891 1092 3946 sic
1117 3886 1301 3957 confirmante,
1322 3899 1352 3943 ut
1372 3887 1428 3958 jam
1450 3887 1578 3960 deinceps
1602 3889 1703 3959 absque
1722 3887 1777 3942 ullo

983 3977 1113 4049 temporis
1127 3975 1331 4036 intervenientis
1348 3983 1486 4032 momento
1499 3974 1630 4047 fiatqued
1649 3975 1777 4051 scriptum

982 4076 1033 4134 est,
1054 4067 1108 4137 Qni
1123 4067 1250 4126 ediceret
1262 4069 1327 4133 Deo,
1342 4082 1418 4123 arnna
1432 4067 1552 4138 spiritns
1566 4068 1609 4124 cat
1621 4063 1648 4137 (l
1660 4066 1721 4121 Cor.
1736 4081 1776 4132 vr,

982 4157 1039 4228 tt).
1064 4156 1102 4212 De
1125 4155 1258 4212 creatione
1281 4156 1390 4212 iustruit
1408 4169 1459 4211 nos
1473 4159 1550 4226 vetus
1563 4152 1776 4220 Testamentum,

982 4254 1009 4302 et
1022 4244 1154 4317 promittit
1169 4243 1425 4300 reconciliationem.
1448 4240 1708 4299 Reconciliationem
1727 4257 1772 4297 ex-

981 4335 1056 4391 bibet
1078 4349 1177 4392 norum
1204 4333 1416 4400 Testamentum,
1437 4338 1465 4388 et
1488 4328 1601 4403 spondet
1630 4328 1774 4387 confirma-

979 4423 1089 4480 tionem.

1015 4515 1042 4567 2.
1058 4511 1180 4568 Sceuma
1193 4509 1355 4566 introductio
1368 4516 1408 4564 est
1424 4508 1451 4563 in
1465 4507 1612 4566 cellarium.
1624 4507 1681 4564 lloc
1694 4507 1774 4565 cella-

978 4600 1047 4657 rium
1057 4599 1175 4657 continet
1185 4599 1315 4657 moralem
1330 4597 1482 4664 scientiam,
1491 4595 1668 4653 ethnbettres
1677 4595 1773 4652 distin-

976 4699 1032 4748 ctas
1042 4689 1204 4745 mansiones.
1212 4689 1301 4744 Prima
1309 4687 1406 4743 dieitur
1414 4685 1574 4744 aromatica:
1588 4684 1706 4741 emunda
1722 4685 1773 4741 iru-

977 4779 1094 4835 ctuaria:
1105 4779 1193 4845 tertia,
1204 4775 1390 4834 cellarinaria.
1401 4777 1430 4830 ln
1440 4775 1529 4846 prima
1542 4772 1656 4846 suntqui
1664 4774 1771 4830 lienese

978 4868 1077 4924 babent
1090 4883 1150 4926 cum
1167 4865 1301 4939 praelatiss
1317 4865 1345 4921 in
1364 4864 1492 4932 secunda,
1509 4864 1557 4936 qui
1575 4879 1637 4920 cnm
1658 4862 1771 4934 aequali-

977 4959 1044 5028 bos3
1059 4957 1086 5012 in
1101 4957 1187 5024 tertia,
1202 4954 1248 5028 qui
1261 4970 1321 5012 curn
1332 4951 1456 5012 subditis.
1467 4953 1515 5009 Est
1527 4967 1592 5026 ergo
1608 4951 1692 5023 prima
1704 4952 1771 5008 cella

976 5045 1128 5117 disciplinae
1138 5063 1146 5114 ;
1158 5044 1286 5110 secunde,
1296 5051 1411 5115 naturae3
1422 5044 1510 5115 tertie,
1522 5042 1625 5118 gratiae.
1635 5040 1687 5110 Qui
1698 5041 1768 5097 enim

978 5133 1104 5205 perlectae
1118 5133 1330 5193 conversationis
1354 5131 1446 5188 nititur
1467 5130 1605 5190 cumulum
1626 5131 1768 5201 attingere,

978 5223 1007 5279 tit
1022 5224 1138 5293 primum
1153 5223 1309 5295 discipulae,
1326 5230 1354 5278 et
1368 5221 1518 5296 ingreditor
1535 5220 1631 5276 cellam
1649 5217 1770 5287 discipti-

978 5303 1029 5384 nae',
1046 5313 1072 5366 in
1087 5329 1139 5384 qua
1153 5327 1244 5370 mores
1257 5313 1345 5382 ejusa
1365 5309 1495 5383 magistro
1514 5308 1595 5364 variis
1618 5307 1770 5374 virtutibus,

979 5403 1051 5457 velut
1065 5417 1079 5456 a
1095 5400 1278 5472 pigmentariis
1292 5407 1411 5470 aromata
1421 5398 1536 5456 diversis
1546 5395 1689 5468 speciebus
1699 5411 1772 5452 com-

980 5496 1128 5561 ponuntur.
1146 5490 1220 5548 Unde
1234 5501 1261 5545 et
1275 5490 1326 5545 ista
1339 5490 1405 5545 cella
1425 5488 1523 5558 dicitur
1541 5485 1696 5554 aorrnatice,
1709 5484 1774 5556 quia

982 5579 1047 5635 tales
1062 5579 1161 5652 quique
1174 5581 1238 5636 dum
1253 5578 1324 5636 ultro
1342 5581 1539 5651 amplectuntur
1561 5575 1709 5648 disciplinae
1734 5576 1774 5628 tn-

982 5667 1085 5736 borenr,
1102 5669 1233 5740 optimum
1245 5667 1303 5723 aliis
1317 5669 1444 5740 exemplo
1458 5681 1506 5723 auo
1520 5664 1664 5720 effundunt
1687 5665 1777 5720 imita·

1655 5767 1689 5816 23
