4086 6344
760 507 931 572 subuculis
948 508 985 570 lll
1003 506 1154 570 chlt'nm.
1730 503 1785 566 ild

129 522 185 584 945

127 647 201 706 euim
216 645 304 705 :mdo
316 643 551 704 muudumcmdo
560 641 796 713 sorumfflctmr,
806 635 931 709 strides
946 649 970 730 Α
986 631 1106 708 iniquiri.
1121 633 1158 690 Et
1170 632 1233 706 quia
1250 630 1363 690 idonens
1385 629 1547 708 investigare
1560 637 1589 690 et
1602 634 1783 707 comprehen-

125 735 219 811 itaquo
236 735 327 792 lucem
341 749 395 792 noo
414 731 570 806 sxshneuit,
586 729 634 788 sed
649 727 776 788 custodit.
791 725 930 800 Quidquid
985 723 1053 780 dere
1086 733 1142 780 tam
1173 718 1274 778 multus
1305 721 1403 778 animae
1435 720 1549 778 allectus
1578 722 1781 796 proiectusque,

125 841 191 882 sane
204 832 245 882 est
259 824 325 880 illud
348 823 420 896 quod
436 820 508 879 videt
525 819 650 894 angelos,
672 819 726 876 boc
753 816 819 873 mihi
834 818 931 874 umbra
988 811 1102 870 abab
1116 810 1215 883 quihus
1229 811 1289 866 haec
1302 810 1337 865 de
1351 809 1497 880 prasentia
1511 811 1604 882 sponsi
1621 819 1675 868 taur
1688 811 1782 868 multi-

125 913 189 970 fldei
201 922 302 982 seruat,
322 911 397 967 lideti
411 910 473 966 sinu
487 913 651 982 repositum,
666 907 830 976 intempore
853 921 931 963 rere-
984 900 1082 958 formis
1096 901 1183 974 grstia
1205 897 1398 972 dispensatur?
1423 900 1526 954 Tamen
1550 898 1574 954 si
1598 899 1728 958 intremus
1747 901 1782 958 ad

124 1001 249 1060 laudum.
268 1004 365 1058 Annon
380 999 491 1072 expedit
504 1007 597 1056 tenere
612 997 654 1054 uel
677 996 841 1063 involutum,
857 994 930 1066 quod
983 1005 1045 1056 nos,
1074 998 1102 1048 et
1125 989 1240 1060 Spiritus
1262 999 1371 1046 sauctus
1393 988 1419 1043 in
1453 986 1554 1042 lumine
1579 1003 1628 1043 suo
1653 989 1782 1054 dignetur

124 1091 227 1147 nudum
242 1105 296 1146 nou
310 1091 387 1158 aspis
402 1090 417 1144 i
432 1087 557 1161 Denique
572 1093 599 1142 et
615 1084 929 1142 idaterDomiuisirehut
984 1078 1128 1136 ostendere
1151 1077 1240 1142 uobis,
1263 1076 1334 1147 quod
1358 1092 1441 1148 opere
1464 1091 1515 1132 suo
1542 1091 1596 1132 nou
1620 1075 1781 1147 dedignatur

124 1179 153 1236 iu
169 1179 265 1250 umbra
280 1176 351 1246 iidei,
367 1177 520 1232 cuidietum
535 1185 576 1232 est
591 1191 599 1232 :
619 1177 655 1232 st
666 1177 747 1234 heuto
761 1191 825 1248 qum
833 1173 927 1232 credi-
983 1168 1092 1224 assidue
1105 1167 1228 1224 actitare
1239 1166 1266 1222 iu
1290 1165 1380 1225 nohis.
1406 1175 1472 1236 puto
1491 1179 1544 1220 nou
1559 1165 1669 1220 omnino
1685 1181 1738 1222 sion
1753 1167 1780 1222 in

124 1267 208 1334 distr,
228 1267 327 1322 llnbuit
340 1272 368 1319 et
381 1267 415 1322 de
441 1265 543 1320 Christi
562 1279 677 1332 corpora
703 1263 836 1326 umbram,
866 1277 928 1332 qum
982 1256 1107 1312 bissina
1131 1254 1269 1312 intellectu
1294 1269 1477 1310 remansuros.
1501 1253 1615 1310 Confido
1638 1255 1709 1306 enirn
1726 1269 1780 1310 non

124 1355 240 1412 audivit:
257 1356 395 1412 Etvlrtus
409 1355 549 1412 Altissimr'
562 1353 738 1412 obumbrabit
752 1351 803 1408 didi
816 1351 896 1422 (luc.
907 1366 925 1418 r,
982 1345 1124 1414 accepisse
1148 1359 1197 1400 uos
1220 1344 1345 1412 spiritum
1369 1342 1569 1412 hujusmundi,
1586 1343 1634 1397 sod
1649 1341 1778 1413 Spiritum

124 1446 170 1510 35,
195 1445 252 1511 lii).
267 1444 323 1500 Nec
347 1444 421 1497 enim
449 1443 510 1498 ritis
536 1441 642 1510 umbre,
675 1455 739 1512 que
765 1442 799 1494 de
826 1439 926 1495 virtute
981 1432 1029 1504 qui
1043 1450 1075 1490 ex
1090 1435 1149 1490 Deo
1163 1439 1214 1497 est,
1231 1443 1262 1488 ut
1275 1433 1394 1490 sciamus
1406 1446 1498 1504 quaea
1521 1431 1578 1488 Deo
1601 1430 1701 1488 donnts
1715 1439 1778 1488 suut

123 1530 254 1588 Altissimi
282 1530 424 1586 lormstur.
440 1531 473 1586 lit
487 1544 552 1585 rere
565 1539 654 1585 sutus
669 1528 696 1584 iu
720 1543 802 1584 cerne
813 1526 924 1594 Christi,

123 1635 184 1693 quse
199 1619 297 1691 virgini
320 1617 500 1683 obumbravit,
517 1625 546 1674 ut
566 1616 641 1689 quod
669 1614 839 1684 impossibile
867 1619 925 1669 eret

122 1706 228 1764 mortuis
244 1706 361 1774 inminse,
377 1706 486 1776 objectu
500 1712 590 1760 tanmu
605 1703 739 1761 involucri
754 1700 853 1760 ritifici
866 1715 925 1758 eor·

123 1795 199 1868 poris
217 1795 301 1852 ferret
317 1796 487 1866 presentiam
506 1794 667 1864 majestatis,
688 1800 716 1849 et
734 1792 824 1849 lucem
838 1790 922 1846 susti-

120 1883 437 1941 neretinuceessioitem.
461 1883 555 1939 Virtus
575 1883 666 1953 plane,
698 1882 727 1938 in
750 1897 804 1953 qus
832 1894 923 1935 omnis
996 1928 1001 1937 .

119 1971 256 2028 eontmris
270 1971 401 2027 fortitudo
415 1971 550 2026 debellata
565 1978 625 2041 sst;
642 1979 670 2026 et
691 1969 778 2024 virtus
791 1977 819 2024 et
829 1967 924 2023 umbra
939 1971 961 2048 fl

120 2059 219 2134 fugans
230 2061 379 2124 demones,
396 2065 486 2114 tutans
507 2057 657 2126 homiuss;
682 2065 728 2112 sut
748 2064 823 2113 certo
836 2054 922 2112 virtus

120 2157 260 2222 vegetans,
277 2147 372 2203 umbra
387 2145 563 2218 refrigerans.

156 2241 201 2294 io.
220 2235 346 2295 Vivimus
365 2236 479 2307 proinde
493 2237 520 2291 in
548 2235 646 2290 umbra
661 2233 770 2305 Christi,
796 2233 845 2306 qui
871 2247 922 2303 per

118 2323 201 2382 fidem
216 2327 395 2390 ambulemus,
411 2331 439 2378 et
453 2335 537 2380 mune
549 2323 637 2395 ipsius
649 2323 786 2393 pascimur
799 2329 831 2378 ut
844 2322 921 2379 vivs·

118 2429 192 2472 mus.
209 2411 279 2470 Caro
293 2413 364 2468 eninr
380 2411 478 2468 Christi
506 2428 570 2470 vers
589 2419 631 2467 est
662 2411 739 2468 cibus
758 2412 852 2480 (locu.
881 2424 919 2480 rr,

118 2503 177 2573 bd).
196 2503 230 2558 Et
250 2501 314 2558 side
342 2517 377 2558 ue
391 2512 517 2574 proptera
538 2499 619 2557 etiam
647 2515 722 2557 nunc
747 2497 918 2555 describatur

116 2589 242 2648 hocloco
254 2605 399 2662 apparens,
417 2598 545 2663 tauquam
568 2587 595 2646 in
618 2589 752 2645 schemate
777 2585 916 2658 pastorali,

116 2678 164 2734 ubi
180 2679 253 2735 illum
268 2693 379 2750 sponse,
394 2680 472 2754 qnasi
485 2694 568 2734 unum
597 2675 752 2748 quempiam
777 2676 811 2730 de
824 2683 918 2747 pesto-

116 2767 194 2824 ribus
220 2766 329 2824 uidetur
359 2767 471 2838 alloqui,
494 2767 613 2824 dicens:
646 2765 751 2822 ludios
771 2764 845 2822 mihi
870 2764 918 2821 uds

114 2871 225 2930 poscor,
239 2855 289 2913 uhi
297 2854 380 2914 sudas
394 2857 427 2913 in
440 2855 570 2914 meridia.
584 2855 678 2912 Bonus
692 2854 797 2919 Pastor,
807 2852 917 2925 quinni-

113 2959 188 3000 mam
200 2959 277 3001 suam
291 2946 338 3001 dat
351 2959 403 3017 pro
418 2944 515 3002 ovibus
530 2945 689 3014 suis(loun.
704 2958 735 3012 x,
759 2941 805 3013 ll)
823 2959 830 3000 :
859 2957 918 2997 anr-

112 3047 185 3092 ruam
200 3047 250 3105 pro
264 3033 326 3097 illis.
341 3049 451 3089 caruem
465 3034 540 3099 iltis;
556 3032 629 3089 illam
645 3031 673 3087 iu
697 3029 822 3103 pretium,
838 3030 918 3087 istum

113 3121 143 3179 in
156 3119 257 3178 cibum
274 3121 329 3177 lies
340 3119 427 3177 mirol
458 3121 518 3194 ipse
538 3128 641 3190 pastor,
655 3119 714 3191 ipse
738 3133 838 3191 pascua
865 3126 915 3188 est,

114 3209 174 3283 ipsc
192 3209 356 3280 redemptio.
372 3209 474 3265 Vemm
503 3225 594 3267 sermo
620 3209 648 3264 in
676 3209 791 3280 longum
816 3206 915 3278 pergit,

113 3298 243 3372 quoniam
264 3299 340 3354 loeus
359 3299 464 3367 amplus
478 3309 529 3366 est,
552 3305 579 3355 at
593 3297 706 3372 grundis
719 3296 872 3364 continens,
888 3305 917 3352 et
931 3269 954 3348 ll
970 3253 1048 3310 ⁰¹b¹¹⁸
1063 3263 1091 3309 ⁰¹
1104 3253 1212 3311 naim
1225 3254 1293 3313 d⁰l⁰

115 3401 172 3441 non
187 3386 365 3456 explicabitur
378 3386 491 3458 paucia3
506 3393 588 3459 atque
602 3388 661 3441 haec
673 3385 834 3442 necessitate
843 3384 916 3440 vide·

113 3474 235 3532 turmihi
261 3477 317 3546 jam
344 3476 512 3544 rumpendus
531 3473 624 3546 potius
651 3489 734 3546 quam
764 3473 913 3531 liniendus.
971 3518 977 3532 .

111 3561 227 3632 Oportet
239 3569 340 3628 auteur,
355 3573 395 3628 ut,
411 3563 540 3634 quoniam
551 3562 665 3618 materia
681 3561 790 3633 pendet,
810 3575 913 3616 memo-

111 3650 153 3706 ria
166 3650 281 3724 vigilem
298 3659 431 3723 quatenus
458 3650 505 3706 ubi
521 3658 663 3721 pausatum
685 3648 746 3721 erit,
771 3648 835 3704 inde
851 3664 915 3704 mox

980 1521 1060 1578 nobis
1074 1522 1102 1592 (1
1115 1523 1177 1578 cor.
1189 1535 1221 1586 rr,
1238 1524 1295 1592 ta).

1014 1665 1041 1717 2.
1067 1662 1141 1732 Ergo
1165 1661 1188 1716 si
1212 1662 1255 1718 cui
1279 1671 1399 1720 nostrum
1429 1678 1491 1720 cum
1520 1668 1615 1719 sancto
1641 1661 1779 1728 Propheta

977 1751 1114 1806 adherere
1127 1749 1185 1806 Deo
1201 1749 1303 1807 boumn
1327 1761 1369 1807 est
1393 1751 1480 1824 (Psal.
1507 1767 1596 1817 suxis,
1612 1753 1667 1822 28),
1694 1760 1731 1820 et,
1748 1757 1778 1807 ut

977 1838 1074 1911 loquar
1090 1837 1270 1904 manifestius,
1286 1841 1306 1892 si
1323 1840 1384 1911 quis
1399 1841 1427 1895 in
1442 1841 1520 1895 nohis
1535 1849 1576 1896 est
1590 1840 1625 1896 itu
1649 1839 1777 1896 desiderii

977 1942 1029 1993 vrr,
1045 1936 1076 1983 ut
1088 1927 1180 1994 cupiat
1205 1925 1315 1982 dissolvi
1338 1937 1365 1982 ct
1388 1942 1448 1984 cum
1472 1927 1579 1983 Christo
1601 1945 1671 1994 esse,
1686 1929 1776 2000 cupiat

977 2022 1067 2071 autem
1082 2017 1265 2083 vehementer,
1281 2014 1407 2072 ardenter
1430 2013 1512 2081 sitiat,
1527 2016 1634 2072 assidue
1656 2015 1773 2072 medite-

977 2111 1036 2172 tur3
1060 2103 1085 2159 is
1108 2103 1228 2173 prolecto
1251 2119 1306 2160 non
1320 2118 1411 2160 secus
1431 2119 1513 2176 quam
1532 2102 1560 2156 in
1581 2101 1668 2158 forma
1681 2105 1773 2173 sponsi

977 2191 1104 2263 su=cipiet
1134 2194 1248 2247 verbum
1280 2191 1308 2248 iu
1339 2201 1462 2264 tempore
1493 2189 1673 2258 visitationis,
1707 2193 1775 2248 hora

977 2281 1102 2338 videlicet
1115 2297 1169 2352 qna
1189 2297 1218 2336 se
1239 2280 1352 2354 astringi
1378 2281 1450 2336 intus
1474 2279 1634 2352 qtribusdum
1658 2280 1774 2336 brachiis

975 2368 1126 2440 sapientia,
1151 2377 1235 2442 atque
1258 2369 1321 2426 inde
1344 2368 1395 2424 sibi
1420 2367 1528 2424 iniuudi
1548 2367 1665 2426 senserit
1687 2369 1773 2426 suncti

974 2457 1134 2514 suauitatem
1148 2457 1260 2514 amoris.
1275 2457 1413 2524 Siquidem
1427 2457 1594 2516 desiderium
1609 2457 1700 2514 cordis
1714 2459 1773 2528 ejtrs

973 2545 1105 2602 tribuetur
1129 2547 1166 2613 ei,
1189 2547 1241 2604 etsi
1265 2545 1354 2603 adbuc
1382 2545 1567 2620 peregrinanti
1592 2545 1620 2602 in
1647 2562 1770 2617 corpore,

972 2649 1006 2692 ex
1035 2643 1110 2704 parte
1140 2642 1239 2706 tamen,
1267 2635 1349 2710 idque
1380 2635 1416 2691 ad
1449 2646 1564 2706 tempus,
1602 2641 1631 2692 et
1662 2644 1771 2708 tempus

913 2765 919 2778 .
972 2723 1118 2781 modicum.
1133 2724 1203 2780 Nam
1225 2739 1287 2780 cum
1310 2722 1421 2796 vigiliis,
1437 2733 1465 2778 et
1483 2721 1728 2790 obsecrationibus,
1744 2731 1771 2780 et

971 2811 1056 2868 multo
1079 2812 1171 2869 labore
1192 2811 1269 2884 (tut)
1293 2821 1321 2868 et
1342 2812 1429 2870 imbre
1444 2809 1625 2883 lacrymarum
1640 2813 1773 2892 quesitus

896 2942 901 2952 .
971 2897 1100 2968 adiuerit,
1128 2900 1217 2958 subito
1244 2901 1310 2957 dum
1337 2899 1423 2956 teneri
1451 2909 1559 2968 putatur
1585 2899 1717 2968 elabitur;
1743 2907 1770 2957 ct

971 3004 1080 3044 rursum
1102 2987 1260 3062 lacrymanti
1282 2997 1308 3045 et
1331 2987 1477 3051 insectanti
1501 3003 1663 3058 occurrens,
1692 3003 1768 3044 com·

970 3077 1104 3146 prehendi
1119 3077 1229 3147 patitur,
1252 3076 1301 3133 sed
1315 3075 1427 3132 minime
1450 3076 1570 3144 retineri,
1596 3077 1662 3132 dum
1680 3077 1776 3154 subito,

971 3164 1071 3220 iterum
1084 3166 1191 3237 quasia
1208 3163 1332 3224 manibus
1354 3165 1454 3224 euolat.
1478 3165 1540 3222 Etsi
1563 3163 1690 3222 institerit
1703 3181 1769 3238 pre·

1297 3254 1432 3320 manime,
1457 3253 1546 3310 denuo
1570 3261 1727 3320 revertetur,
1742 3264 1770 3311 et

1299 3343 1358 3412 ejus
1385 3358 1440 3399 uon
1462 3341 1597 3398 fraudabit
1620 3357 1693 3410 esm;
1719 3342 1767 3400 sed

970 3447 1080 3486 mrsum
1110 3447 1175 3488 mox
1206 3430 1364 3503 disparebit,
1397 3438 1425 3486 et
1457 3445 1511 3486 nou
1542 3428 1689 3497 videbitur,
1716 3432 1767 3489 nisi

969 3344 1111 3398 voluntate
1139 3342 1270 3398 lubiorum

970 3527 1066 3575 iterum
1087 3524 1143 3576 toto
1165 3519 1302 3577 desiderio
1334 3519 1500 3591 requiretur.
1529 3519 1568 3574 lta
1594 3533 1660 3592 ergo
1685 3525 1712 3576 et
1739 3519 1767 3575 in

967 3607 1020 3663 hoc
1044 3622 1158 3680 corpore
1182 3617 1269 3680 potest
1293 3623 1352 3664 esse
1376 3607 1411 3665 de
1434 3607 1578 3678 praesentia
1602 3607 1694 3679 spousi
1709 3607 1765 3664 ire·

966 3711 1054 3770 quens
1067 3695 1170 3765 laetitia,
1187 3697 1236 3754 sed
1250 3713 1304 3753 nou
1319 3696 1412 3769 eopia,
1428 3697 1493 3766 quia
1506 3695 1557 3752 etsi
1571 3694 1690 3753 visitatio
1714 3697 1763 3752 lm-

111 3745 263 3840 '⁰⁵¹¹¹¹¹³‘¹¹‘.
279 3751 314 3796 '⁰²
329 3745 521 3812 ⁹⁹¹²‘⁸⁰‘⁶‘¹¹'’
553 3745 634 3838 ΡΨ
649 3739 793 3838 .⁰⁰¹¹¹‘¹¹¹¹⁸
825 3736 910 3837 “bil
967 3781 1062 3853 trouu,
1095 3785 1143 3840 uo
1175 3785 1304 3841 morunt
1336 3785 1502 3842 ernestone.
1530 3785 1566 3841 st
1593 3784 1646 3842 noe
1673 3785 1765 3844 unuin

109 3827 187 3884 lesus
200 3828 324 3884 Cbrtstus
338 3843 455 3897 sponsus
468 3827 657 3900 Ecclesrm,qut
670 3835 712 3884 est
725 3842 809 3899 super
819 3840 913 3885 omma
966 3888 1074 3930 nme
1086 3881 1127 3928 es,
1141 3874 1195 3961 Rau
1211 3874 1348 3940 dimum,
1362 3875 1451 3930 don„
1464 3873 1546 3929 semel
1561 3873 1651 3944 9035„
1664 3889 1762 3948 como.

110 3915 184 3970 Μ’
203 3915 367 3972 mmm
380 3932 409 3970 ¹¹¹
423 3916 533 3972 'mh'
551 3917 650 3973 ΑΜ·
966 3975 1021 4016 reae
1035 3961 1140 4017 sarcina
1153 3959 1243 4030 molis,
1261 3962 1351 4018 asrtlet
1365 3971 1393 4018 et
1407 3961 1466 4033 ipsa
1479 3961 1568 4017 levata
1580 3962 1675 4034 pennis
1689 3962 1763 4020 desi·

966 4049 1104 4106 deciorum
1128 4065 1252 4116 suorum,
1278 4049 1364 4107 libero
1384 4050 1437 4108 iter
1459 4065 1575 4122 carpens
1589 4066 1639 4123 per
1651 4065 1764 4121 campos

965 4138 1212 4211 contemplationis,
1223 4149 1249 4196 et
1263 4147 1352 4196 mente
1366 4152 1483 4211 sequeus
1495 4138 1623 4211 expedita
1634 4137 1764 4196 dilectum

964 4241 1125 4300 quocunque
1139 4227 1212 4284 ierit.

378 4091 499 4150 salitio
513 4091 644 4150 XXXlll.

111 4197 243 4268 Qualiter
257 4197 384 4257 christus
393 4201 553 4272 suscipitur
564 4202 598 4257 ud
612 4200 711 4256 auimo
725 4203 828 4257 runcis
846 4205 911 4258 turt-

146 4286 232 4344 quum
241 4286 370 4341 sponsus,
384 4275 412 4328 ed
427 4271 569 4327 abacista
581 4272 699 4341 intimus
711 4275 848 4344 despuant
856 4287 912 4328 mc·

144 4345 232 4424 ΦΨ·
252 4343 332 4398 mm
346 4342 380 4399 ‘¹⁶
406 4342 575 4414 d‘ssmm
604 4344 912 4415 “mmmm
1000 4372 1027 4426 3.
1044 4369 1100 4425 Nec
1114 4370 1260 4426 tameurel
1274 4368 1302 4424 iu
1316 4367 1432 4426 transitu
1455 4375 1555 4440 presto
1569 4369 1762 4428 critsieomui

150 4415 301 4468 ‘'mm''
962 4457 1071 4526 animae,
1096 4457 1148 4514 uisi
1170 4457 1210 4514 illi
1232 4459 1375 4528 duntaxat,
1393 4474 1475 4528 quam
1487 4459 1585 4530 ingens
1599 4457 1717 4528 devotio,
1734 4465 1763 4516 et

145 4534 617 4608 t.1ndtrumthiudtpurcus‚utt
637 4538 721 4595 cubas
743 4553 776 4594 tn
790 4538 910 4599 oundte
962 4545 1126 4602 desiderium
1150 4549 1308 4618 uehemens,
1331 4555 1358 4604 ct
1379 4547 1527 4620 predulcis
1548 4545 1660 4603 allectus
1674 4563 1760 4620 spon-

104 4623 241 4716 lcm'l’
257 4623 301 4697 d).
317 4623 366 4681 llic
387 4639 490 4693 sumus,
518 4623 582 4681 binc
617 4625 817 4698 progredimur.
855 4628 908 4684 Sed
962 4649 1021 4689 sum
1045 4633 1151 4706 prohat,
1175 4641 1204 4690 et
1225 4635 1346 4708 dignam,
1367 4634 1401 4690 ad
1424 4652 1506 4708 quom
1528 4635 1613 4710 grstia
1635 4635 1760 4692 visitandi

103 4721 250 4784 antequam
277 4715 383 4771 tractari
410 4712 520 4786 inciput
543 4712 616 4770 visio
643 4716 694 4770 ists
716 4722 744 4771 et
770 4717 906 4789 allocutio,
962 4737 1132 4779 secessurum
1146 4723 1267 4779 Verbum
1281 4724 1410 4780 decorem
1424 4723 1649 4794 induat,iormam
1665 4723 1759 4795 spousi

103 4799 340 4871 recapitulandum
355 4802 471 4858 breuiter
484 4802 601 4859 arbitror
619 4802 652 4858 de
681 4803 741 4886 aliis
755 4804 908 4861 visionibus
961 4810 1106 4881 accipiens.
1121 4810 1173 4880 Qui
1186 4811 1258 4869 euim
1281 4812 1400 4870 noudum
1423 4813 1560 4869 invenitur
1580 4812 1617 4868 itt
1632 4811 1756 4887 allectus,

103 4903 167 4960 qum
180 4898 382 4960 precesserunt,
399 4894 536 4962 quomodo
562 4890 640 4948 nobis
654 4893 741 4962 aptari
754 4893 906 4965 spirituali·
961 4899 1011 4956 ard
1020 4907 1198 4971 compunctus
1213 4901 1302 4974 magis
1315 4908 1422 4957 actuum
1437 4900 1621 4958 recordatione
1634 4917 1756 4967 suorum,

103 4983 148 5034 ter
176 4977 279 5047 possint
306 4994 356 5049 pro
378 4979 449 5035 rotis
475 4990 504 5036 et
525 4980 629 5036 meritis
668 4981 849 5054 singulorum,
878 4992 908 5041 ut
961 4987 1075 5060 loquens
1089 4988 1117 5044 in
1132 4988 1312 5045 amaritudine
1326 4990 1423 5046 enimse
1437 5005 1494 5046 suae
1507 4990 1572 5046 dicit
1596 4991 1758 5049 lieo:llols'

102 5067 281 5139 apprehensis
296 5067 362 5138 illis,
378 5067 402 5124 si
417 5075 506 5123 tameo
526 5069 577 5125 hoc
591 5069 683 5125 datum
698 5069 786 5138 luerit,
804 5070 906 5128 facilior
959 5091 1005 5133 mc
1017 5077 1206 5135 condemnare
1219 5079 1289 5148 (Ich.
1304 5095 1333 5144 x,
1357 5079 1395 5150 2);
1421 5088 1466 5135 aut
1491 5079 1560 5135 iorte
1573 5079 1653 5136 ctiam
1668 5080 1758 5137 adhuc

101 5160 131 5210 at
147 5155 271 5226 inhujus
300 5155 473 5214 discussione
487 5158 594 5214 eluceat
618 5158 777 5216 intellectus.
807 5160 905 5216 venun
960 5164 1111 5236 periculose
1136 5175 1253 5224 tentatur
1275 5184 1291 5222 a
1314 5169 1423 5240 propria
1445 5168 1662 5240 concupiscentia
1689 5171 1755 5224 abs-

101 5241 133 5298 id
147 5241 347 5301 difficillimum.
363 5246 430 5302 Nam
445 5245 497 5302 etsi
524 5245 571 5302 ille
598 5248 691 5314 verba,
715 5247 815 5321 quibus
839 5248 906 5321 ipsse
960 5263 1061 5311 tractus
1074 5263 1100 5310 et
1113 5255 1220 5312 illectus
1236 5273 1244 5312 z
1260 5257 1304 5314 bie
1318 5257 1379 5314 talis
1402 5273 1455 5314 non
1478 5273 1607 5329 sponsum
1627 5255 1755 5328 requirit,

102 5330 225 5390 visiones
249 5349 299 5390 seu
336 5333 527 5391 similitudines
565 5336 766 5404 describuntur,
807 5353 905 5394 souare
958 5342 1007 5398 sed
1030 5343 1182 5405 medicum:
1208 5361 1240 5402 ao
1263 5361 1312 5418 per
1334 5348 1387 5402 hoc
1408 5362 1461 5401 uon
1481 5347 1574 5402 osculo
1588 5345 1697 5418 quidem
1713 5345 1757 5400 vul

102 5435 222 5495 corpora
236 5429 316 5494 etqua
330 5435 460 5494 corpores
473 5425 636 5495 rideantur3
652 5424 799 5497 spiritualia
814 5434 905 5484 tamen
959 5432 1110 5500 amplexus,
1134 5434 1181 5490 sed
1207 5443 1310 5491 tautum
1334 5435 1452 5490 remedia
1466 5433 1624 5490 uulneribus
1638 5434 1757 5504 sucipit

103 5523 167 5566 suut
181 5509 338 5582 quaeuobis
353 5509 538 5570 ministrantur
552 5512 580 5568 in
608 5515 659 5580 his,
674 5529 707 5572 ac
735 5530 784 5586 per
798 5517 849 5572 hoc
876 5515 904 5574 in
959 5521 1024 5585 suis,
1047 5520 1074 5575 in
1098 5521 1159 5578 oleo
1184 5523 1277 5596 urique
1299 5533 1326 5579 et
1343 5523 1500 5597 unguentis.
1516 5523 1615 5579 Annon
1629 5538 1755 5590 sepenu-

102 5599 202 5670 spiritu
226 5613 337 5672 quoque
355 5614 450 5656 causas
477 5608 505 5657 et
533 5603 652 5658 rationes
678 5619 774 5661 aarum
798 5615 906 5677 oportet
959 5623 1035 5664 mero
1049 5611 1090 5666 sic
1103 5611 1244 5680 sentimus,
1267 5620 1296 5668 et
1316 5613 1357 5668 sic
1379 5611 1534 5684 experimur
1557 5627 1624 5668 uren
1636 5627 1678 5678 es,
1693 5627 1753 5678 uos,

958 5697 1005 5770 qui
1033 5700 1134 5756 nostris
1161 5699 1283 5776 quotidie
1315 5701 1405 5759 adhuc
1436 5699 1593 5760 excessibus
1619 5709 1758 5759 tentamur

141 5771 219 5845 (itt)
233 5772 636 5848 badaradosstiuquibusdsm
649 5779 849 5853 msuusmiptis.
959 5787 1150 5858 presentibus,
1179 5791 1337 5848 mordemur
1362 5789 1523 5863 praeteritis?
1547 5789 1569 5846 h
1590 5798 1689 5865 quanta
1712 5805 1756 5847 ms
