3996 6350
249 349 296 408 ¹03
717 341 745 399 S.
765 335 932 398 astutum
951 334 1088 396 tssttts
1105 333 1419 394 cttudtxttttn'sts
1849 340 1908 398 tot

245 489 299 545 que
319 470 461 528 thesauris.
485 466 556 536 Quid
577 465 651 523 enim
677 462 827 521 hnmilitate
850 462 951 530 ditius,
976 459 1040 534 qnid
1058 473 1082 551 p
1098 460 1222 516 arbitror
1233 457 1474 532 comprehendisse
1485 459 1622 534 (Philipp.
1633 464 1733 542 trull).
1745 462 1827 522 Fides
1839 466 1911 538 pui-

245 555 546 634 pretiosinsinvenitur‚
562 571 616 628 qna
631 555 758 612 nimimm
778 568 895 626 regnum
909 551 1040 609 coelorum
1098 548 1161 605 dem
1181 565 1217 605 eae
1238 548 1350 615 auditu,
1372 547 1492 604 auditus
1515 553 1612 604 aulem
1632 566 1685 622 per
1709 551 1825 608 uerbum
1851 554 1910 608 Det

245 649 352 715 emitur,
373 651 400 700 el
413 645 506 702 dimna
528 645 617 720 gratia
636 643 808 717 acquiritur?
823 642 893 698 sicut
910 640 1041 712 scriptum
1097 637 1187 707 (Rom.
1203 653 1230 704 x,
1245 638 1291 709 tt)
1308 653 1314 693 :
1330 635 1379 691 sed
1393 634 1472 706 tides,
1489 651 1543 692 non
1558 637 1679 710 species3
1695 645 1723 694 et
1736 639 1908 722 promissio,

244 744 307 794 est:
324 736 405 793 Beati
419 751 557 808 pauperes
570 737 694 807 spiritu,
709 733 843 808 quouioui
858 734 985 805 ipsorum
998 734 1041 788 est
1096 739 1152 780 non
1171 723 1301 780 exhibitio
1315 722 1399 795 pacis.
1414 725 1449 778 Et
1470 723 1581 796 quidem
1596 740 1647 796 pax
1667 743 1739 784 nuno
1753 734 1797 784 est
1812 728 1909 785 eriam

244 841 360 899 Nimim
388 826 523 882 ⁶oel0r¹lm
543 823 652 894 (Malllb
679 838 707 886 Vs
729 823 772 890 ³);
788 828 816 875 et
838 820 911 890 apud
934 825 1042 891 aposto-
1095 813 1122 868 in
1139 821 1212 869 terra
1235 811 1391 870 bominibus
1409 813 1489 868 bonae
1507 813 1652 871 voluntatis
1669 833 1675 874 :
1693 817 1742 872 sed
1757 816 1830 889 Tquid
1861 825 1907 872 ess

241 913 298 970 lum
317 929 324 970 τ
340 917 414 972 Deus
427 913 552 987 superbis
565 913 686 976 resistit,
706 909 862 968 humilibus
882 915 978 966 aulem
991 894 1041 964 dut
1095 917 1148 973 pax
1161 901 1212 956 ista
1227 901 1261 957 ad
1280 900 1351 956 illius
1375 899 1572 972 plenitudinem
1588 909 1616 959 at
1630 905 1907 976 supereminentiam

243 1007 369 1078 prolium
392 1005 462 1075 (lue.
486 1018 526 1072 tv,
543 1001 582 1074 6).
598 1001 690 1056 Habes
711 997 931 1056 commendatam
945 1013 961 1052 a
982 997 1040 1051 Deo
1095 989 1189 1060 pacis‘.l
1206 989 1283 1046 Unde
1294 997 1322 1046 et
1335 987 1395 1061 ipse
1409 989 1542 1046 Dominus
1556 990 1593 1045 ait
1610 1009 1616 1046 :
1633 993 1735 1050 Pacem
1750 1009 1851 1052 meum
1868 995 1905 1052 do

243 1092 424 1148 humilitatem
447 1091 474 1146 in
499 1089 648 1146 nativitate.
669 1089 698 1144 ln
723 1088 775 1144 bac
798 1087 871 1144 anim
894 1083 1041 1142 exinaniuit
1094 1080 1177 1149 volu,
1193 1096 1289 1153 pacem
1312 1080 1440 1152 relinquo
1464 1077 1546 1136 168
1560 1079 1634 1137 uobis
1649 1080 1742 1153 (locri.
1759 1098 1820 1152 xxv,
1838 1083 1903 1152 27).

244 1181 433 1252 semetipsum,
455 1180 572 1237 iormam
591 1178 663 1236 servi
678 1178 828 1250 accipiens,
844 1184 872 1232 ct
889 1174 979 1230 babitu
998 1174 1040 1228 in·
1094 1168 1161 1222 bleae
1185 1167 1331 1238 siquidem,
1346 1183 1408 1239 quae
1423 1175 1568 1239 exsuperat
1590 1183 1701 1226 omnem
1725 1187 1855 1240 sensum,
1874 1181 1904 1226 et

242 1277 341 1328 *emus
355 1277 384 1326 ⁰²
399 1271 489 1326 ¹¹⁰¹¹¹⁰·
1094 1261 1137 1309 ‘⁸‘
1151 1269 1202 1325 9³¹
1218 1269 1301 1326 ⁵⁰9⁰?
1323 1271 1430 1327 pamm,
1451 1255 1568 1312 necdum
1583 1271 1701 1329 capaces
1717 1259 1783 1315 estis
1800 1277 1808 1314 ε
1832 1275 1903 1330 pro·

279 1361 307 1414 1.
323 1359 370 1417 Vis
383 1359 472 1415 adhuc
487 1356 662 1431 pretiosiores
685 1354 803 1424 divitias,
819 1361 846 1410 et
864 1351 1039 1425 superexcel-
1094 1351 1187 1415 pterea
1201 1343 1236 1400 do
1251 1343 1329 1400 uobis
1350 1343 1469 1417 patriam
1490 1344 1577 1418 pacis,
1593 1353 1621 1402 et
1642 1346 1768 1421 relinquo
1781 1347 1902 1404 interim

243 1445 347 1504 lentem
360 1447 474 1519 gloriam
494 1445 641 1504 inuenire?
655 1446 745 1500 Habes
757 1443 917 1501 charitatem
932 1443 959 1499 in
974 1458 1038 1515 pas-
1093 1430 1166 1488 viam
1183 1429 1268 1502 pacis.

242 1532 358 1589 sionem.
367 1534 499 1603 llcjorem
511 1533 563 1590 ise
570 1530 752 1588 dilectionem
760 1546 841 1586 nemo
852 1529 942 1599 liniet,
953 1545 1039 1602 quum
1129 1525 1155 1576 9.
1178 1521 1233 1578 Sed
1242 1520 1308 1595 quid
1317 1527 1359 1577 est
1372 1521 1444 1594 quod
1454 1521 1572 1578 diximus
1583 1541 1589 1578 ι
1602 1525 1635 1580 lu
1645 1540 1693 1581 cor
1702 1525 1828 1582 bominis
1837 1541 1901 1584 uou

242 1625 278 1676 ut
290 1619 512 1674 uuimumsuum
527 1619 617 1690 portet
631 1617 752 1689 puispre
766 1615 865 1671 nmium
874 1617 933 1671 suis
946 1615 1037 1682 (loun.
1093 1607 1245 1670 usceudil?
1260 1609 1360 1683 Utique
1373 1609 1436 1683 quia
1450 1611 1512 1668 lons
1527 1619 1578 1682 est,
1591 1619 1620 1668 et
1632 1627 1779 1669 ascensum
1792 1614 1900 1671 nescit.

243 1723 293 1778 ιι,
310 1707 363 1778 13).
386 1707 434 1762 Hae
448 1705 549 1762 diuitiae
569 1705 673 1774 salutis,
690 1709 718 1758 et
736 1701 831 1777 gloria,
847 1701 959 1773 sanguis
972 1716 1038 1771 pre·
1092 1698 1200 1756 Scimus
1215 1698 1288 1756 enim
1305 1699 1368 1771 quia
1391 1699 1507 1756 fontium
1521 1709 1620 1757 natura
1643 1709 1686 1757 est
1707 1701 1780 1759 riuos
1793 1704 1902 1760 sectari

242 1792 338 1860 tiosus,
357 1807 412 1863 (1¹¹0
432 1789 569 1860 redempti
583 1804 696 1854 summi
712 1794 740 1843 el
761 1803 827 1842 estu
841 1785 994 1853 DOmissitas
1010 1783 1038 1838 in
1093 1787 1278 1857 convallium,
1294 1787 1428 1844 montium
1451 1788 1535 1843 ardna
1557 1788 1711 1860 declinare,
1736 1792 1806 1847 sient
1825 1787 1900 1849 scri·

241 1895 294 1954 qua
309 1896 371 1937 cnm
394 1880 532 1950 apostolo}
545 1877 696 1952 gloriamur
716 1893 722 1934 :
737 1875 804 1932 dibi
817 1880 925 1940 cutem,
940 1873 1037 1946 inquit,
1055 1853 1078 1930 Β
1093 1885 1169 1950 ptum
1184 1884 1226 1934 est
1241 1892 1248 1932 ι
1268 1879 1321 1946 Qui
1334 1878 1444 1936 emittis
1458 1879 1551 1950 sontes
1571 1879 1603 1934 iu
1617 1879 1803 1954 conuallibus,
1821 1885 1901 1940 irater

241 1968 515 2042 ubsitploriurimin·
525 1966 767 2025 incrucellomirsi
778 1965 946 2024 noslrtlesu
957 1962 1039 2020 Glari·
1093 1967 1219 2025 medium
1242 1969 1386 2023 multum
1397 1966 1618 2039 pertransibuut
1631 1984 1714 2042 uque
1732 1969 1821 2042 (Psoi.
1839 1987 1899 2039 mn,

240 2057 280 2115 sti
294 2056 401 2130 (Gulut.
416 2071 456 2126 vt,
471 2054 516 2127 tt)
527 2051 534 2110 l
547 2061 574 2111 et
582 2053 706 2110 dicebat:
719 2053 797 2110 lliltil
806 2053 962 2112 erltlrslus
975 2067 1039 2108 sum
1094 2054 1148 2128 10).
1165 2056 1222 2112 Hoc
1236 2061 1328 2111 autem
1347 2062 1389 2111 ast
1412 2053 1485 2110 unde
1500 2055 1650 2112 admonere
1675 2057 1775 2130 saepius
1794 2061 1899 2116 studeo

239 2159 285 2202 me
308 2147 380 2204 scire
400 2145 478 2202 iuter
490 2160 547 2211 vos,
562 2144 621 2202 uisi
636 2142 784 2200 Christum
798 2144 904 2209 lesum,
920 2145 948 2198 el
963 2140 1039 2197 bunc
1092 2151 1212 2201 vestram
1226 2143 1397 2213 charitatem,
1407 2143 1472 2215 quia
1485 2145 1559 2201 Deus
1573 2147 1700 2218 superbis
1712 2150 1836 2218 resistit,
1848 2150 1900 2205 ltu·

240 2236 411 2306 musteum
421 2233 447 2306 (l
453 2235 515 2292 Cor.
526 2249 555 2302 tt,
568 2231 605 2304 2).
616 2232 680 2303 Ipsa
689 2239 732 2288 ast
742 2231 809 2287 laeva
818 2230 940 2286 Christus
948 2229 1037 2297 lesus,
1092 2233 1207 2290 milibus
1227 2234 1325 2290 eutem
1349 2233 1399 2288 dul
1412 2234 1547 2304 pralium.
1563 2233 1636 2289 Fons
1660 2234 1734 2290 enim
1748 2235 1783 2290 ad
1799 2235 1899 2292 altiora

240 2328 268 2378 et
283 2322 327 2380 bic
341 2321 500 2394 crucifixus3
518 2335 581 2376 nam
595 2320 710 2377 dextera
724 2319 836 2392 quidem
851 2317 975 2376 cbristus
988 2317 1037 2372 le·
1092 2336 1147 2378 non
1158 2321 1292 2391 ascendit,
1304 2336 1386 2394 qnam
1398 2321 1433 2378 sit
1442 2321 1517 2377 locus
1531 2322 1592 2392 ejus
1603 2323 1677 2378 nnde
1686 2323 1822 2395 procedit.
1841 2323 1898 2381 Sed

239 2427 286 2468 sus
311 2420 338 2468 et
361 2413 405 2468 bic
427 2410 571 2484 gloriosus.
595 2409 750 2479 (licitatum,
772 2408 870 2482 inquit,
890 2412 993 2474 lesum,
1010 2409 1038 2464 et
1092 2409 1179 2466 videri
1194 2416 1285 2480 potest
1299 2410 1451 2466 secundnm
1465 2411 1536 2466 bana
1550 2410 1674 2483 regulam
1695 2427 1750 2468 non
1765 2411 1897 2484 impediri

240 2501 314 2557 lunc
325 2502 507 2572 cruciatum.
518 2498 644 2556 Fortasse
658 2514 727 2556 crux
741 2497 799 2569 ipsa
810 2513 861 2553 nos
876 2511 981 2562 sumus,
993 2495 1038 2552 cui
1092 2499 1251 2570 asuperbia
1266 2500 1324 2556 rias
1346 2499 1451 2570 gratiae,
1468 2500 1621 2571 praesertim
1638 2502 1712 2573 quod
1726 2501 1772 2558 ille
1787 2503 1897 2574 primus

238 2589 360 2646 Christus
383 2595 553 2646 memoratur
577 2587 685 2644 infixus.
711 2587 799 2642 Homo
822 2585 895 2642 enim
920 2583 1037 2640 formam
1091 2589 1236 2660 superbus,
1252 2589 1309 2660 qui,
1325 2589 1476 2644 secandum
1491 2589 1668 2661 scripturam,
1686 2606 1738 2647 ree
1752 2597 1793 2648 est
1809 2607 1897 2664 super

237 2679 327 2736 crucis
340 2679 423 2734 habet
440 2697 447 2734 :
463 2693 556 2750 mam,
573 2677 596 2732 si
609 2691 708 2732 manus
722 2674 885 2744 extenderit,
903 2674 1038 2744 exprimet
1091 2693 1186 2734 omues
1199 2678 1273 2747 filios
1287 2676 1426 2750 superbiae
1436 2675 1506 2748 (leb.
1526 2692 1580 2747 xm,
1597 2677 1652 2749 15),
1665 2677 1764 2734 dixisse
1778 2694 1835 2734 non
1854 2679 1894 2734 le·
1972 2685 1973 2700 ¹

237 2766 420 2822 manifestius.
437 2765 571 2838 Loquitur
594 2771 686 2820 antem
707 2763 831 2820 Christus
854 2762 882 2817 in
902 2762 1007 2818 Psalmo
1029 2779 1035 2819 z
1090 2763 1173 2834 gitur,
1188 2763 1276 2820 Altior
1289 2779 1337 2820 ero
1348 2780 1355 2833 ;
1368 2764 1428 2834 sed,
1446 2767 1509 2830 Ero,
1520 2763 1618 2837 inquit,
1630 2767 1733 2825 similis
1748 2768 1894 2826 altissime

238 2856 351 2926 lnfixus
363 2871 430 2912 sum
443 2856 475 2911 iu
491 2853 706 2927 limoproluudi
719 2853 921 2924 (Pautxxvm,
938 2850 1037 2923 3).Li·
1091 2850 1173 2922 (lsai.
1199 2867 1256 2922 xxv,
1279 2851 1335 2923 11).
1361 2853 1489 2909 Attamen
1511 2869 1567 2910 non
1587 2854 1718 2910 mentitur
1740 2855 1891 2927 apostolus,

236 2959 314 3000 mum
333 2943 445 3016 quidem
459 2957 511 2999 nos
525 2957 586 2999 esse
601 2940 776 2996 manifestum
791 2946 843 3008 est,
859 2939 989 3012 quoniam
1002 2939 1037 2994 de
1091 2941 1218 3011 qnoniam
1232 2941 1281 2998 ille
1296 2942 1449 2999 extollitur
1462 2959 1550 3015 supra
1564 2959 1646 3000 ornus
1667 2943 1739 3017 quod
1752 2946 1891 3016 creditur,

237 3030 304 3088 limo
317 3031 444 3103 plasmati
459 3047 562 3086 sumus.
579 3029 635 3085 Sed
656 3037 720 3086 tunc
736 3029 845 3101 quidem
859 3027 941 3085 binus
954 3044 1036 3100 para·
1090 3031 1227 3104 estquod
1249 3032 1356 3088 colitur
1371 3034 1442 3088 lleus
1458 3031 1498 3102 (ll
1514 3033 1603 3089 Tlress.
1626 3047 1655 3100 u,
1671 3032 1709 3104 1).
1725 3033 1826 3088 Horret
1839 3035 1892 3089 irn-
1973 3079 1974 3090 .

237 3121 290 3178 disi
305 3121 416 3192 luimus,
429 3136 503 3179 nunc
516 3135 582 3179 raro
595 3120 676 3177 butus
686 3118 822 3193 profundi,
839 3122 951 3190 infixus
961 3135 1035 3187 sum,
1090 3135 1187 3176 manus
1200 3119 1308 3176 auditus
1321 3120 1438 3178 uerbum
1448 3137 1455 3190 ;
1467 3120 1515 3176 sed
1526 3120 1629 3178 utinam
1644 3122 1754 3177 horreat
1764 3121 1892 3179 similiter
1973 3125 1974 3136 ¹

236 3210 336 3286 inquit,
353 3226 408 3268 non
431 3209 595 3282 pertransii,
612 3225 668 3267 non
684 3208 796 3266 recessi.
818 3209 959 3268 Vobiscum
971 3225 1036 3266 sum
1090 3209 1197 3266 animus
1207 3208 1356 3282 cogitatum
1366 3208 1517 3282 malignum
1528 3203 1630 3281 pa'riter
1639 3219 1666 3266 et
1677 3209 1892 3268 allectumllieo

237 3317 324 3374 usque
338 3301 375 3357 od
397 3300 671 3358 connumerationem
689 3300 790 3355 seculi
803 3297 914 3370 (llelllt.
929 3311 1033 3368 xxvut,
1089 3299 1256 3357 enimvobis
1274 3298 1347 3372 qnod
1366 3314 1421 3356 non
1436 3306 1541 3355 tantum
1556 3299 1611 3370 ille,
1628 3291 1677 3356 s'ed
1692 3308 1720 3358 et
1733 3301 1825 3358 omnis
1842 3317 1891 3357 sn-

217 3437 220 3444 .
237 3391 294 3462 2⁰).
306 3392 366 3462 lpse
375 3399 416 3446 est
426 3389 501 3446 enim
510 3387 685 3457 Emmanuel,
695 3387 840 3445 uobiscum
847 3386 1035 3444 baesitatis
1088 3391 1191 3461 perbus
1206 3389 1344 3446 extollitur
1357 3403 1440 3462 supra
1458 3391 1557 3447 Deum.
1572 3387 1634 3446 Vult
1655 3389 1728 3445 enim
1743 3392 1818 3448 Deus
1832 3390 1892 3447 lieri

236 3493 298 3535 cum
308 3479 412 3552 ulique,
422 3478 471 3534 sed
481 3493 532 3550 pet·
542 3476 691 3533 sinistram.
704 3475 750 3534 Sic
760 3475 834 3531 enim
843 3475 908 3531 olim
918 3475 1035 3530 Thamar
1087 3479 1256 3535 voluntatem
1274 3494 1362 3548 suam,
1379 3485 1406 3536 et
1429 3479 1565 3551 superbus
1578 3479 1636 3536 vult
1650 3477 1710 3537 fieri
1727 3497 1816 3539 suam,
1830 3481 1892 3537 lam

235 3567 370 3638 pariente,
393 3568 459 3622 Zara
484 3565 560 3636 prius
583 3564 670 3622 solam
693 3563 806 3636 protulit
828 3580 949 3633 manum,
973 3577 1034 3634 quae
1088 3567 1197 3624 uidetur
1210 3567 1352 3640 aequalitas
1368 3586 1374 3626 :
1391 3567 1439 3623 sed
1455 3567 1568 3624 attende
1578 3566 1648 3624 male
1663 3585 1812 3644 congruam
1827 3586 1892 3641 pro·

235 3655 264 3712 in
279 3653 618 3713 sacramentollominicae
633 3652 767 3724 passionis
781 3652 910 3711 coccineo
924 3650 1034 3724 alligata
1087 3657 1252 3730 portionem,
1277 3657 1351 3713 Deus
1374 3654 1487 3730 quidem
1509 3655 1537 3712 in
1553 3657 1595 3712 his
1610 3664 1715 3712 rantum
1739 3673 1801 3730 quae
1820 3660 1892 3715 rasio

235 3754 279 3802 est
294 3743 340 3801 iilo
358 3743 440 3816 (Gerr.
457 3757 582 3813 xxxviii,
598 3746 655 3814 27).
1088 3747 1232 3817 approbat,
1243 3762 1320 3802 suam
1329 3746 1386 3804 vult
1396 3745 1458 3802 fieri
1471 3744 1640 3803 voluntatem
1655 3747 1810 3818 :superbus
1824 3762 1892 3803 vero
1974 3765 1975 3768 ¹

271 3839 298 3890 ιι.
319 3835 413 3907 ltaque
432 3835 489 3905 jam
516 3832 628 3904 quidem
656 3837 783 3889 tenemus
810 3830 958 3902 sinistram,
983 3829 1033 3886 sed
1087 3841 1116 3890 et
1130 3850 1191 3890 cum
1210 3834 1327 3904 ratione,
1348 3841 1377 3890 et
1391 3840 1486 3892 contra
1500 3833 1645 3891 rationem.
1662 3833 1745 3891 Vides
1758 3835 1891 3907 quoniam

235 3924 324 3980 adltuc
346 3922 464 3979 clamare
488 3935 603 3978 necesse
621 3937 627 3976 :
646 3921 728 3996 Operi
750 3937 890 3978 munuum
916 3924 1034 3978 tuorum
1087 3923 1199 3980 altitudo
1213 3930 1265 3993 est,
1281 3930 1309 3978 et
1332 3937 1388 3978 non
1410 3922 1474 3980 illuc
1488 3923 1652 3996 perveniunt
1665 3921 1767 3978 fluenta
1780 3923 1889 3996 gratias.

234 4013 345 4084 panope
358 4009 586 4082 deuterum(lol.
601 4023 660 4080 xiv,
674 4011 719 4082 15)
733 4027 740 4079 ;
752 4025 816 4065 nam
830 4009 1033 4066 delectationes
1088 4014 1149 4070 Nisi
1169 4013 1296 4071 corruerat
1313 4013 1444 4084 fueritis,
1460 4011 1558 4084 inquit,
1579 4016 1607 4070 el
1627 4011 1797 4084 efficiamini
1810 4017 1890 4070 aaut
1974 4073 1975 4082 ,

232 4094 1032 4171 ludeslenelauruqueinfinemll'tal·¹v‚ll)·1)0misst‚
1087 4102 1221 4175 paruulus
1245 4103 1298 4158 iste
1315 4100 1357 4174 (se
1371 4099 1552 4170 autemdicit,
1569 4099 1615 4174 qui
1628 4107 1672 4157 est
1689 4098 1750 4157 lons
1764 4099 1838 4170 vitae,
1857 4101 1887 4156 in
1974 4105 1975 4174 l

234 4187 355 4244 extende
374 4185 453 4242 nobis
474 4187 614 4242 dexteram
633 4184 727 4259 [olins.
742 4184 879 4259 ostendel,
891 4191 920 4241 et
934 4183 1034 4242 sufficit
1087 4204 1141 4260 quo
1152 4189 1255 4244 habitu
1269 4196 1297 4246 et
1307 4189 1379 4252 unde
1390 4195 1482 4244 manat
1496 4187 1636 4261 plenitudo
1645 4188 1768 4245 omnium
1781 4187 1889 4262 grauia.

233 4275 325 4332 nobis.
340 4274 445 4344 Gloria,
460 4272 557 4347 inquit,
569 4278 599 4333 et
612 4275 722 4332 diuitiae
735 4275 767 4330 iu
778 4274 859 4333 dorna
868 4274 930 4345 ejus
943 4271 1032 4346 (Psal-
1088 4275 1170 4350 mm),
1189 4293 1246 4335 uec
1262 4277 1415 4335 'intrabilis
1434 4277 1467 4333 tu
1483 4293 1607 4351 seorsum
1621 4277 1757 4336 celorum
1773 4278 1887 4348 (llultlt.

233 4381 281 4435 xv,
298 4364 354 4436 11),
374 4363 468 4436 utique
488 4363 537 4437 qni
551 4363 628 4420 timet
651 4363 809 4420 Dominum.
826 4362 882 4418 Sed
901 4362 930 4416 in
951 4361 1033 4418 domo
1087 4382 1165 4437 xuni,
1182 4366 1220 4438 3).
1241 4367 1309 4422 Para
1323 4365 1440 4439 proinde
1464 4365 1580 4437 rimtos,
1595 4381 1713 4442 aggeres
1727 4373 1848 4422 terrenas
1862 4373 1891 4421 et

233 4463 289 4524 tua,
304 4453 430 4522 Domine,
441 4453 530 4525 qnid?
541 4451 669 4511 Proiecto
678 4451 830 4524 gratiarum
843 4450 925 4522 sotio,
941 4459 1033 4508 atrox
1087 4455 1166 4512 elatae
1183 4455 1355 4528 cogitationis
1369 4455 1509 4528 disperge,
1525 4455 1697 4512 conlormare
1713 4454 1779 4512 Filio
1795 4455 1889 4511 homi-

232 4543 329 4607 lsudis.
339 4545 473 4615 &aliqui
483 4541 736 4601 dulueltunam
747 4546 808 4613 tue,
816 4543 934 4599 Domine
943 4541 1030 4613 (Paul.
1086 4544 1140 4614 nis,
1156 4559 1212 4600 non
1227 4544 1314 4616 primo
1329 4543 1432 4601 bomini
1449 4562 1456 4600 ι
1471 4543 1533 4617 quia
1547 4544 1608 4600 lons
1621 4543 1718 4620 gratiae
1730 4543 1757 4598 in
1769 4558 1817 4600 eor
1833 4544 1890 4601 ho-

232 4632 400 4704 transtuli),
417 4640 470 4691 etc.
491 4633 594 4690 Oculus
608 4631 683 4688 enim
703 4647 762 4689 uon
776 4632 862 4702 uidit,
878 4633 959 4688 curis
973 4647 1031 4689 uon
1087 4633 1177 4703 minis,
1188 4633 1305 4690 carnalis
1315 4631 1421 4690 scilieet
1434 4639 1463 4688 et
1477 4631 1590 4702 terreni,
1601 4630 1890 4690 nouasoendit.Ocu·

230 4722 355 4792 audivit,
371 4727 401 4780 et
416 4724 448 4778 iu
462 4738 510 4781 eor
524 4721 649 4779 bmniuis
662 4736 721 4777 unu
734 4720 871 4787 escendit,
887 4737 949 4794 puoe
960 4737 1032 4794 proe·
1086 4720 1142 4778 lam
1152 4737 1261 4794 qnoque
1274 4737 1372 4794 purga,
1388 4728 1418 4778 ιιι
1431 4720 1526 4780 ridere
1542 4720 1633 4793 possis
1646 4719 1829 4777 merissimam
1845 4721 1887 4775 lu·

229 4813 352 4884 parasti,
369 4814 456 4876 Deus,
471 4809 653 4882 dilipeutilus
670 4813 697 4866 te
711 4807 739 4882 (l
752 4810 812 4866 Cor.
829 4825 858 4879 u,
874 4810 912 4881 9).
922 4809 979 4865 Lux
990 4819 1031 4867 ast
1085 4807 1889 4880 oem3etauremtuaminclinaadobediendum‚utqnando

231 4901 305 4958 enim
320 4897 531 4967 inaccessibilis,
549 4913 601 4969 pax
616 4905 658 4954 est
673 4914 734 4972 quae
751 4908 896 4971 exsuperat
919 4914 1031 4956 ornnem
1084 4915 1138 4973 que
1147 4898 1292 4972 peruenias
1301 4898 1336 4954 ad
1346 4899 1467 4971 quietern
1477 4905 1648 4970 perpetuam,
1660 4903 1687 4953 et
1694 4912 1792 4968 pacem
1802 4912 1889 4969 snper

231 5005 365 5059 sensum3
381 4988 442 5044 lons
456 4995 499 5043 est
513 4986 561 5058 qui
578 5001 724 5044 ascensum
738 4989 835 5058 nescit,
852 4988 902 5046 sed
916 4989 1030 5047 deseen-
1083 5004 1190 5060 paoem.
1201 4988 1259 5045 Lux
1270 4987 1344 5044 enim
1353 4995 1395 5044 est
1403 4986 1764 5059 propterserenitatempax
1771 4993 1889 5059 propter

230 5095 303 5136 snm.
324 5080 385 5134 Non
411 5075 480 5134 uidit
498 5075 593 5132 oculm
614 5075 704 5133 lucem
727 5077 954 5149 inaccessibilem,
975 5096 1030 5136 non
1083 5077 1316 5152 tranquillitatem,
1334 5077 1394 5134 lons
1417 5084 1531 5149 propter
1549 5075 1718 5132 affluentiam
1733 5082 1761 5132 et
1774 5077 1890 5132 aterni·

229 5167 332 5226 audivit
354 5165 430 5222 auris
452 5179 550 5237 paoem
572 5165 889 5239 incomprehensibilem.
905 5167 1030 5240 Speciosi
1082 5174 1177 5224 tatem.
1193 5167 1308 5224 Fontem
1322 5166 1431 5241 assigna
1446 5165 1530 5234 Patri,
1547 5181 1580 5221 ex
1596 5180 1651 5239 quo
1666 5165 1788 5222 nascitur
1802 5164 1889 5221 Filius

229 5257 341 5329 qnidam
351 5255 437 5328 pedes
451 5254 699 5329 evangelizantium
709 5272 807 5328 pacem
821 5257 912 5330 (dors.
928 5274 955 5327 x,
971 5259 1027 5330 15);
1083 5263 1111 5314 et
1135 5255 1259 5329 procedit
1279 5255 1395 5328 Spiritus
1419 5261 1547 5322 sanctus;
1569 5255 1658 5312 lucem
1681 5253 1759 5325 Filio,
1776 5254 1824 5327 qni
1843 5261 1889 5312 est

228 5347 278 5402 sed
292 5346 356 5402 licet
369 5344 517 5402 inomnem
531 5350 633 5401 terram
643 5345 738 5402 exierit
751 5361 835 5403 sonus
850 5363 946 5404 eornm
957 5365 965 5418 ;
975 5363 1028 5420 pax
1082 5345 1175 5419 ntique
1198 5346 1302 5404 candor
1314 5345 1377 5404 vitae
1391 5352 1512 5415 aeternae,
1533 5351 1562 5400 et
1584 5345 1629 5400 lux
1643 5360 1708 5402 uera
1727 5343 1889 5400 illuminans

227 5445 322 5493 minan
336 5451 399 5509 quae
417 5442 563 5508 exsuperat
577 5450 688 5494 omnem
703 5451 825 5508 sensnm,
840 5452 892 5494 nec
911 5438 947 5494 ab
961 5436 1028 5509 ipsis
1082 5450 1193 5492 omnem
1206 5436 1347 5493 hominem
1361 5434 1518 5493 venientem
1532 5434 1560 5489 in
1574 5435 1648 5491 buno
1662 5434 1815 5507 mundum3
1832 5449 1888 5506 pa·

227 5532 329 5600 quanta
349 5532 408 5582 erat
436 5524 524 5598 potnit
547 5525 626 5599 capi,
649 5526 752 5584 nedum
777 5525 893 5582 aliorum
916 5525 1028 5583 auribus
1082 5539 1145 5582 oem
1158 5525 1269 5599 Spiritui
1283 5533 1388 5598 sancto,
1404 5525 1452 5598 qni
1465 5522 1595 5582 nimirum
1609 5540 1694 5596 snper
1708 5521 1842 5580 humilem
1858 5531 1889 5582 et

226 5613 306 5672 tradi.
327 5613 373 5672 xit
386 5613 459 5674 enim
482 5613 581 5672 Paulus
599 5613 661 5686 ipse
676 5634 684 5671 :
708 5619 833 5686 Fratres,
849 5630 896 5689 epo
909 5631 955 5674 me
969 5632 1028 5674 uon
1082 5614 1206 5688 quietum
1220 5615 1377 5690 requiescit.
1391 5617 1452 5674 Nec
1465 5617 1520 5672 hoc
1537 5613 1611 5685 dieo,
1626 5621 1756 5688 unquam
1769 5613 1888 5688 propria
