3950 6350
9 501 10 528 ¹
41 518 96 573 roo
567 521 603 578 ut
621 522 717 580 esst.
735 524 793 593 our
809 521 960 584 urorrrr
981 527 1097 586 saeuo
1112 532 1181 588 rur.
1644 544 1697 598 aro

40 655 91 716 ego
106 639 165 696 talis
183 655 292 698 merear
304 657 366 700 esse
392 641 538 714 columba,
568 663 628 720 quse
656 647 684 702 in
707 646 878 742 toraminefl
1198 654 1314 714 SEthO
1329 655 1399 715 vili.

38 735 121 802 petra
135 725 251 797 natine,
266 735 293 786 at
306 728 334 786 in
348 729 479 788 foramine
492 732 586 790 lateris
610 735 708 794 dextri.
738 736 838 794 Consi·
893 744 1133 810 Deversooctooo,
1146 745 1364 802 «Verumtamen
1373 749 1462 806 ceolis
1474 752 1699 812 tuiscomidero·

9 849 12 886 ι
38 819 104 874 dera
117 825 208 874 tamen
223 818 275 876 hoe
287 819 386 876 vulnus
413 837 476 878 eurn
490 823 600 894 penitus
627 839 683 881 non
710 826 838 885 sensisse.
964 814 1016 884 1²5³,
1032 819 1061 872 ⁶²
1070 816 1284 875 tiliiivii‘mim
1296 823 1477 889 immitium
1491 821 1623 878 uidebis.»

9 953 11 976 ,
37 908 131 980 Neque
145 908 218 965 enim
232 907 296 964 iliud
314 908 440 982 excipere
469 911 564 979 voluit,
592 912 644 968 pisi
674 914 730 984 jam
756 927 841 984 sopo-
930 906 956 958 l.
975 903 1088 961 Brevius
1102 905 1212 977 quidem
1235 904 1312 962 vobis
1337 906 1492 978 aliquando,
1521 909 1696 982 dilectissimi,

9 1031 12 1070 1
37 1002 111 1052 ratus
124 996 152 1053 in
167 1003 272 1055 morte:
288 1002 456 1054 ritmoneret
487 1007 524 1067 te,
553 1001 682 1072 quamdiu
707 1000 785 1069 vivis,
814 1001 842 1056 in
894 991 1080 1064 loquerentur,
1096 994 1118 1049 si
1132 993 1398 1053 erebriusidlieerct
1413 1015 1420 1052 ι
1437 998 1510 1070 quod
1523 1004 1551 1054 et
1568 1015 1616 1055 vos
1639 1016 1700 1056 cre·

9 1121 11 1156 2
36 1086 118 1156 hujus
132 1085 341 1157 semperlateris
349 1087 461 1160 vigilare
476 1090 616 1158 custodi23
632 1091 681 1148 sed
710 1097 738 1148 et
767 1105 841 1146 mor·
895 1080 984 1136 dimi!s
1010 1097 1205 1154 1²01¹111111i¹¹³¹¹¹
1234 1084 1376 1140 adimere
1403 1085 1534 1157 ιθῑῑὶῑῧῦθ·
1563 1087 1699 1144 Caelefflm

9 1195 11 1248 3
40 1181 111 1228 tuem
125 1173 232 1232 censeri
247 1189 308 1231 eam
324 1176 443 1232 ammam
470 1189 611 1248 oportere,
641 1195 701 1252 que
729 1179 841 1251 quidem
894 1169 1011 1239 <t¹¹0liesr
1036 1171 1095 1242 ipit
1122 1171 1175 1228 diei
1203 1181 1409 1246 imminuente
1436 1174 1550 1242 melitii,
1575 1175 1698 1248 pluribus

32 1262 188 1335 pernitiose
207 1263 416 1322 insensibilitate
431 1265 623 1323 dissimuletiu
652 1268 764 1324 dextera
790 1268 842 1326 sibi
894 1257 963 1316 f⁰f10
987 1260 1084 1316 diebus
1112 1260 1330 1318 'minutissimum
1359 1263 1533 1320 sustinuimus
1565 1280 1581 1320 a
1607 1271 1700 1322 vostre

29 1353 129 1410 vulnus
143 1352 239 1424 infligi.
255 1353 352 1411 llerito
370 1355 480 1427 quidem
494 1357 522 1410 iu
535 1356 646 1414 sinistro
673 1357 759 1414 latere
787 1373 840 1428 po.
894 1348 1081 1405 exhortatione
1110 1356 1138 1405 et
1161 1350 1348 1409 consolatione
1372 1352 1519 1422 silentium,
1561 1354 1698 1412 neminem

23 1445 114 1500 situm
128 1458 190 1499 esse
205 1442 306 1500 dicitur
320 1459 368 1500 eor
381 1444 509 1515 bominis,
525 1445 599 1518 quod
618 1445 755 1503 affectatio
780 1447 840 1516 eius
893 1442 1014 1492 vestrum
1025 1452 1088 1492 reor
1102 1447 1231 1509 oportere
1243 1438 1340 1496 mirari
1354 1439 1388 1509 si,
1405 1448 1513 1513 tempus
1525 1441 1613 1512 ipsum
1627 1442 1700 1500 redi·

25 1547 116 1602 prona
131 1531 290 1602 sitsempar
304 1539 331 1586 et
343 1531 472 1602 proclivis
492 1532 519 1588 in
547 1541 659 1590 terram.
690 1535 748 1590 Nee
787 1551 838 1592 san
892 1539 968 1580 mliii
1006 1525 1179 1596 cupientibus
1217 1528 1306 1595 1¹⁰bi⁵r
1336 1545 1426 1586 sermo
1454 1531 1540 1586 rarior
1561 1530 1699 1590 interdum

27 1618 172 1690 ignorabat
202 1619 254 1675 hoo
274 1617 465 1676 miserabiliter
505 1620 592 1680 845
636 1623 835 1695 ingemiscens:
891 1612 1051 1682 protractior
1064 1613 1197 1670 videatur.
1213 1614 1270 1671 lioo
1284 1630 1350 1672 saue
1364 1617 1443 1674 nobis
1458 1625 1548 1675 actoru
1571 1619 1607 1674 sit
1633 1621 1698 1676 bre-

29 1707 160 1773 inensis,
176 1705 273 1780 inquit,
288 1709 449 1781 pavimento
463 1711 643 1776 animam,
660 1713 773 1782 vivifica
792 1729 837 1770 me
891 1699 916 1756 vi
931 1699 1075 1772 prooemio,
1089 1707 1119 1756 ιιι
1147 1701 1268 1759 hesterni
1296 1705 1399 1775 pariter
1430 1705 1607 1780 hodiernique
1638 1725 1698 1765 ser·

9 1783 185 1854 secundam
199 1797 314 1856 verbnm
328 1798 508 1869 tonmil’sal.
525 1800 693 1870 carruae).
723 1801 779 1856 Sed
801 1817 835 1858 ne
890 1788 1196 1862 ¹¹¹⁰1li⁸rillillstlllidim
1223 1791 1457 1864 Pi⁰¹i¹ll³⁵rh¹¹i¹¹⁸
1485 1811 1551 1853 lew
1575 1797 1698 1854 brevitet

29 1884 72 1940 bis
89 1885 198 1956 quidem
214 1885 244 1941 in
262 1887 314 1944 boo
327 1887 450 1958 pondere
465 1903 515 1944 nos
528 1889 692 1946 conditionis
710 1889 835 1948 humane
890 1885 1017 1934 eximii
1031 1879 1102 1951 almd
1117 1894 1166 1935 V⁰⁵
1176 1881 1318 1938 hibfflllff·
1334 1882 1442 1940 V0l0⁰f
1463 1884 1599 1956 Siquidem
1608 1886 1698 1942 mim

26 1981 54 2029 et
68 1973 218 2046 gravedine
236 1975 326 2032 cordis
341 1975 448 2032 volebat
462 1992 606 2034 remanere
619 1977 667 2052 qui
681 1977 720 2036 sie
734 1980 832 2035 aduro·
850 1967 872 2044 Β
888 1971 995 2038 Sillim
1010 1966 1068 2024 5⁰10
1092 1969 1228 2026 ¹¹0¹¹¹¹l¹ffi⁵
1256 1970 1299 2027 lei
1328 1970 1411 2028 filim
1426 1972 1510 2042 illim,
1539 1975 1584 2030 vel
1617 1973 1697 2031 itiam

26 2077 96 2117 nens
110 2061 291 2135 loquebaturr
307 2067 439 2124 maenas
451 2067 535 2125 cordo
546 2074 646 2124 ‘nostro
661 2083 728 2124 eam
741 2071 834 2132 moni,
888 2055 961 2128 s⁰i03
977 2065 1024 2114 ⁸¹st
1036 2058 1123 2133 ¹¹¹³ssss
1138 2068 1280 2132 ullamque
1294 2077 1376 2132 (luam
1403 2062 1526 2120 alteiam·
1535 2066 1628 2132 Sento,
1656 2064 1698 2120 5¹¹·

26 2151 79 2207 bos
94 2153 131 2207 eri
142 2152 344 2222 ommim,
354 2167 396 2220 ur,
413 2154 468 2226 tt),
484 2155 566 2212 plane
581 2155 609 2212 iu
636 2156 779 2223 suadebat,
804 2165 834 2214 ur
888 2145 955 2219 quit,
964 2149 1149 2206 circumdabit
1156 2153 1182 2206 te
1189 2152 1361 2223 veritosejns
1372 2169 1379 2207 :
1390 2167 1448 2208 non
1460 2153 1697 2211 timebisottmore

24 2239 167 2295 asinistro
181 2241 267 2298 latere
282 2241 454 2316 erigerentur
469 2245 503 2299 ad
528 2244 664 2302 deutrum.
692 2245 835 2302 Saeoularis
886 2242 1040 2307 nectareo,
1050 2257 1067 2297 a
1077 2243 1181 2313 rabilia
1190 2241 1303 2297 volanti
1315 2243 1348 2297 in
1363 2242 1418 2308 dit,
1433 2260 1451 2299 α
1465 2246 1575 2314 ntooiio
1583 2259 1697 2316 paam·

23 2329 129 2396 militia,
146 2329 255 2398 tratres,
271 2331 300 2387 iu
323 2331 433 2388 sinistro
461 2339 565 2389 tanturn
591 2333 676 2390 latere
708 2333 834 2407 clypeum
889 2331 1697 2396 balanteintenebris,obineorsoetdoemoniomeridiano.

21 2424 138 2488 portat:
166 2435 221 2475 non
235 2419 382 2488 imitemur,
398 2421 421 2477 si
438 2421 509 2478 inter
527 2437 575 2479 eos
593 2423 717 2480 uolumus
744 2423 834 2496 depu-
891 2421 1027 2478 Cedonia
1044 2418 1132 2478 latere
1143 2423 1193 2479 too
1206 2421 1294 2485 mille,
1306 2426 1333 2478 et
1342 2423 1436 2478 baem
1445 2423 1539 2479 miliia
1552 2440 1570 2479 o
1585 2423 1697 2480 dextris

22 2509 87 2575 teri,
106 2523 176 2580 quos
191 2509 253 2566 huie
266 2511 367 2568 meula
380 2510 497 2568 militaro
511 2517 628 2579 constat,
646 2528 702 2568 uon
715 2513 833 2570 Christo.
890 2511 957 2573 ton.
969 2511 1006 2566 od
1016 2513 1044 2565 te
1056 2517 1151 2567 aetem
1162 2527 1217 2569 non
1229 2512 1476 2584 appropinquabit.
1491 2511 1614 2568 Diximus
1631 2511 1696 2570 hinc

19 2597 121 2667 Nemo,
151 2597 248 2669 inquit,
276 2601 405 2658 mititem
434 2604 497 2668 Deo,
520 2601 650 2676 implicat
668 2618 697 2661 re
720 2603 835 2674 nepotiis
888 2598 1105 2670 precedentibus
1120 2597 1291 2656 sermonibus
1305 2600 1377 2671 qaod
1393 2599 1504 2672 dignata
1527 2605 1569 2656 est
1590 2599 1697 2658 Veritas

18 2685 213 2744 roeenlarr'boa
227 2688 269 2756 (ll
279 2690 348 2746 Tim.
365 2704 394 2754 11,
412 2689 455 2761 ll:
471 2690 524 2746 hoc
538 2696 590 2758 est,
619 2697 725 2748 scutum
744 2689 833 2764 appli-
888 2686 948 2759 ipsa
962 2687 1065 2763 largiri,
1082 2688 1311 2758 quemadmodum
1323 2687 1427 2744 seilicet
1441 2687 1550 2744 fidelem
1578 2690 1695 2746 animam

17 2781 132 2830 eatnon
149 2781 202 2830 tarn
218 2776 331 2842 dextrae,
347 2793 429 2849 quam
444 2777 569 2834 sinistre.
888 2775 996 2832 interim
1016 2775 1126 2849 quidem
1139 2791 1155 2829 a
1169 2775 1374 2843 tentationibus,
1398 2777 1572 2847 postmodum
1599 2793 1695 2836 veroa

54 2865 102 2917 to.
119 2862 259 2930 Attamen,
274 2863 383 2934 tratres,
400 2873 543 2939 utrumque
557 2867 635 2924 nobis
647 2866 717 2922 latus
737 2873 834 2942 tegen-
888 2865 1090 2923 difficultatibus
1105 2873 1222 2924 tueatur.
1238 2867 1304 2938 Quae
1325 2873 1416 2944 tamen
1441 2873 1557 2940 utreque
1584 2869 1695 2926 brevius

15 2950 83 3007 dum
109 2951 189 3006 estsi
212 2952 382 3008 mentinistis.
407 2955 500 3023 Senta
528 2955 626 3028 inquit,
648 2956 836 3016 eireomdobit
889 2955 998 3028 quidem
1012 2956 1040 3012 in
1055 2955 1108 3012 elio
1121 2956 1225 3028 psalmo
1240 2953 1312 3012 idem
1327 2957 1378 3013 iste
1399 2957 1530 3028 propbeta
1558 2971 1695 3014 commen-

17 3043 45 3097 te
60 3041 171 3098 veritos
182 3042 244 3113 ejas
259 3051 304 3100 :et
322 3041 469 3114 Apostolus
482 3043 551 3116 ipse,
566 3047 621 3103 Per
631 3061 723 3110 ormo,
735 3043 832 3116 inquit,
888 3043 966 3112 dens,
983 3047 1015 3101 ln
1029 3051 1065 3111 te,
1076 3043 1172 3116 inqiut,
1188 3045 1321 3118 eripiare
1335 3046 1503 3114 tentatione,
1534 3051 1562 3102 et
1586 3047 1618 3102 in
1643 3047 1694 3105 beo

9 3129 139 3200 justitia·
149 3130 280 3188 odeetris
292 3137 321 3188 et
333 3149 352 3187 o
367 3133 495 3190 sinistris
509 3135 549 3202 (li
558 3135 619 3192 Cor.
637 3149 676 3203 vr,
692 3136 731 3206 7).
748 3134 835 3191 Caete·
887 3149 949 3192 meo
960 3133 1154 3206 tronepredior
1164 3149 1281 3190 maram
1293 3134 1378 3198 (Psoi.
1388 3147 1460 3196 xvn,
1473 3130 1519 3203 30)
1531 3151 1538 3188 ι
1550 3131 1623 3204 quod
1633 3131 1693 3206 ipso

13 3233 75 3274 rum
89 3218 181 3291 ipsam
196 3219 258 3276 audi
270 3219 412 3290 iustitiam.
441 3221 523 3279 Forte
552 3222 626 3279 enim
648 3238 703 3280 non
736 3224 833 3280 eadem
888 3221 1014 3279 nimirum
1029 3223 1108 3294 duee,
1124 3237 1175 3278 nec
1188 3221 1232 3278 bic
1251 3221 1379 3296 gradiens
1402 3219 1607 3289 offendiculum,
1640 3237 1693 3279 nec

11 3306 128 3380 utrique
142 3307 222 3364 lateri
236 3308 323 3366 forme
335 3311 532 3382 prescribitur.
545 3312 653 3384 Nempe
677 3313 739 3370 ltine
766 3315 832 3386 qui-
887 3313 1033 3386 egrediens
1046 3313 1110 3369 binc
1122 3310 1289 3368 obstaculum
1304 3316 1454 3384 pateretur.
1471 3310 1500 3365 ln
1524 3309 1609 3368 altero
1624 3327 1690 3383 ergo

10 3396 75 3453 dem
91 3398 251 3464 mandatur,
266 3397 709 3473 Nonvosmettprorerrmoemes,
725 3402 833 3460 ciens·
886 3401 982 3458 crebra
995 3401 1110 3473 ereptio,
1125 3401 1154 3456 in
1169 3399 1256 3456 altero
1267 3399 1349 3473 plena
1369 3401 1426 3471 jorn
1446 3404 1473 3454 et
1501 3413 1596 3454 secura
1621 3399 1690 3457 libe-

9 3488 90 3553 simi,
107 3486 236 3546 seddote
251 3487 406 3546 iocamire
416 3489 505 3559 (Rom.
517 3505 568 3556 arr,
586 3491 631 3559 19)
644 3509 650 3546 :
667 3499 704 3559 et,
723 3493 754 3549 ln
775 3509 827 3564 pa·
885 3492 953 3548 ratio
967 3491 1135 3564 designatur.
1152 3490 1220 3546 Nem
1235 3489 1263 3545 in
1279 3491 1330 3547 boc
1344 3504 1411 3546 sane
1425 3488 1505 3548 tertio
1516 3488 1587 3562 quod
1603 3487 1691 3548 ΜΘ

16 3577 124 3632 tiente'o
134 3583 228 3634 vestm
239 3576 412 3648 prandebitis
426 3578 539 3636 animos
551 3585 658 3637 vertras
671 3579 750 3650 (bne.
764 3597 827 3655 xxa,
882 3581 1016 3654 adiungit,
1029 3581 1229 3638 Verumtamen
1238 3581 1326 3637 oeulis
1338 3578 1691 3648 tabcomiderabis,etiam

14 3669 72 3734 19).
90 3663 166 3722 Inde
181 3678 246 3722 vero
255 3664 420 3736 precipitur,
429 3667 522 3724 Nolite
533 3668 626 3725 beorn
636 3668 704 3726 dore
718 3670 827 3728 diabolo
880 3668 1016 3726 felicitatis
1030 3685 1085 3725 non
1099 3668 1213 3725 modica
1235 3667 1444 3741 promissionem
1475 3667 1594 3723 arbitror
1620 3682 1689 3723 oon-

9 3755 127 3828 (pres.
146 3769 187 3820 ιν,
203 3754 260 3825 ιι).
280 3753 396 3822 Etitem,
415 3756 547 3812 ιιιιιιιιιι
560 3757 679 3825 diabolo,
694 3763 723 3816 et
736 3761 827 3831 sapiet
879 3757 970 3814 lineri.
987 3759 1103 3820 Cedent,
1117 3756 1212 3828 inquit,
1228 3757 1347 3813 atotere
1361 3760 1410 3813 tao
1421 3755 1510 3822 mille,
1544 3758 1572 3811 et
1596 3755 1689 3814 decem

9 3843 122 3900 ooobis
135 3841 245 3914 (iacobi
259 3856 299 3908 rr,
315 3845 355 3910 7).
373 3841 443 3898 Audi
470 3844 560 3902 adbuc
588 3847 725 3917 quomodo
749 3853 827 3920 tegas
879 3843 1687 3919 millieadeotristnrs,lodteaotemnonappropinquabit·

9 3928 80 3986 lutus
94 3939 259 4004 utrumque.
274 3931 456 3990 Providentes
468 3931 550 3998 bono,
565 3933 687 3990 attidem
715 3941 825 4005 aposto-
884 3939 1082 3994 Verumtamen
1092 3934 1245 3992 oratistnis
1262 3932 1508 3990 consideratisne
1524 3947 1582 3999 oro,
1597 3933 1687 3987 Domi·

9 4017 59 4086 lus,
74 4035 138 4076 non
152 4023 272 4078 tentore
286 4037 383 4080 eoram
398 4026 462 4091 Deo,
473 4023 522 4082 sed
537 4026 727 4083 etiameorom
736 4026 826 4082 borni·
878 4041 924 4092 ue,
939 4025 977 4082 ite
991 4023 1048 4080 fiat.
1064 4023 1168 4082 Cedant
1184 4021 1233 4088 illi,
1254 4028 1282 4078 et
1296 4037 1350 4077 non
1364 4021 1459 4077 eadam
1474 4035 1541 4092 eqo:
1570 4027 1687 4091 pareant

9 4108 94 4166 eibos
114 4109 208 4178 (Rom.
223 4124 274 4178 au,
291 4113 347 4182 ll).
362 4111 565 4170 Haeoestenirn
579 4113 703 4172 voluntas
716 4113 777 4181 Dei,
797 4122 826 4172 ut
879 4102 927 4180 illi,
939 4121 966 4170 et
980 4129 1034 4170 non
1047 4127 1161 4184 paveam
1189 4125 1256 4183 ego;
1281 4111 1482 4168 conmudantnr
1507 4107 1556 4178 illi,
1589 4119 1617 4166 et
1630 4125 1686 4168 non

9 4195 228 4266 benefacientes,
258 4214 313 4256 non
350 4201 431 4257 modo
468 4202 610 4260 tabescere
646 4202 825 4274 malignorum
879 4201 1101 4277 confundarego.

9 4285 171 4350 lanionum
185 4287 325 4360 invidiam,
340 4305 434 4346 verum
459 4293 541 4346 etiam
569 4291 758 4349 obmutescere
786 4293 825 4348 fa·
914 4294 941 4346 2.
955 4289 1115 4346 Evidentius
1129 4286 1262 4360 siqnidem
1277 4286 1371 4359 paucis
1390 4287 1443 4344 boe
1455 4286 1516 4346 loeo
1539 4286 1630 4344 verbis
1658 4293 1686 4346 et

9 4375 90 4430 alatis
103 4373 322 4447 imprudentium
337 4378 475 4436 hominurn
498 4380 678 4453 ignorantiam
694 4382 721 4451 (i
744 4384 823 4439 Petr.
877 4379 975 4436 anime
989 4378 1054 4434 milri
1083 4376 1271 4433 immortalitas
1300 4376 1516 4441 commendatur,
1547 4383 1575 4433 et
1602 4378 1685 4449 ipsius

9 4480 37 4535 ιι,
56 4469 116 4532 tir).
134 4464 277 4538 Numquid
293 4474 383 4525 temen
401 4467 430 4525 in
445 4477 576 4526 eternum
595 4470 646 4527 erit
661 4469 740 4526 nobis
767 4473 824 4528 baee
877 4483 988 4540 quoque
1024 4465 1093 4522 tides
1125 4464 1254 4522 astruitur
1287 4479 1426 4536 corporate
1450 4465 1682 4523 'resurrectionis

9 4552 148 4625 protectio
180 4555 351 4612 nooessarial
373 4564 418 4614 aut
440 4574 550 4630 semper
578 4558 672 4632 [oliae
687 4559 773 4632 eene]
788 4561 823 4614 ab
877 4558 983 4628 Nempe
997 4555 1140 4611 ruentibus
1154 4555 1207 4610 illis
1221 4553 1395 4611 iuturussum
1419 4553 1478 4626 ipse
1491 4554 1552 4626 qui·
1565 4555 1683 4624 videam,

9 4650 126 4715 rtroque
143 4641 233 4698 latere
247 4645 343 4702 hostile
356 4661 454 4719 agmen
469 4646 604 4704 instabit?
627 4648 687 4704 Erit
714 4647 823 4722 quando
879 4654 907 4704 et
922 4661 958 4702 ne
972 4643 1016 4700 isti
1031 4659 1151 4717 quoque,
1167 4642 1266 4715 quibus
1281 4658 1375 4699 eornm
1385 4643 1561 4700 notissimam
1578 4642 1685 4700 intuear

9 4746 59 4788 ιοιι
73 4730 165 4787 modo
180 4745 236 4786 non
249 4731 399 4801 instabunt,
428 4734 477 4791 sed
491 4751 543 4792 nec
563 4735 673 4793 stabunt
701 4736 822 4808 quidem.
878 4734 1093 4796 retributionem,
1108 4731 1180 4788 oculi
1199 4731 1327 4788 defuturi.
1358 4733 1454 4804 Neque
1481 4727 1552 4788 e'nim
1582 4732 1685 4806 simpli-

9 4820 114 4879 t'adent
130 4837 150 4876 o
162 4821 254 4878 tatere
268 4824 417 4890 termille,
437 4827 561 4884 etdeoem
574 4827 669 4884 millio
683 4843 701 4881 o
715 4827 825 4885 dmtris
877 4823 945 4882 citer
958 4821 1054 4890 oculis,
1073 4821 1121 4876 sed
1140 4821 1241 4890 enain,
1257 4820 1305 4888 ait,
1323 4821 1380 4878 tois
1396 4821 1601 4882 considerabis:
1624 4821 1684 4880 istis

9 4912 69 4968 tais.
86 4907 237 4981 Siquidem
251 4924 303 4966 nee
317 4911 434 4967 humana
449 4914 549 4971 malitis
562 4917 617 4986 jnm
634 4923 698 4972 tuno
713 4915 824 4972 babebit
876 4913 970 4986 utique
985 4911 1032 4985 qui
1045 4926 1117 4968 nunc
1130 4910 1262 4986 languent
1281 4925 1338 4982 prae
1367 4909 1471 4984 inopia,
1502 4918 1531 4968 et
1543 4911 1684 4983 deficiunt,

9 4999 69 5071 [uid
89 4997 199 5064 iaciat3
215 5011 268 5054 nee
282 4997 436 5054 damonum
454 5001 537 5056 millia
563 5004 625 5074 ptus
654 5004 822 5069 verebimur,
876 5004 941 5062 dum
955 5018 1048 5076 speras
1062 5002 1090 5058 in
1107 5000 1196 5057 Deum
1223 5007 1308 5056 tuorn.
1326 4999 1360 5056 Et
1387 5016 1462 5068 rere,
1495 5000 1594 5058 iratres
1621 5003 1685 5060 deli·

9 5102 85 5160 [uam
101 5085 225 5142 totidem
239 5086 374 5142 vermium
386 5088 506 5162 agmina,
519 5091 735 5151 relmusearum.
746 5094 822 5150 lieud
877 5092 950 5150 ciunt
962 5091 1033 5149 oculi
1047 5091 1110 5149 dum
1125 5105 1276 5163 speramus.
1302 5088 1377 5159 Quod
1406 5091 1483 5148 enim
1512 5091 1588 5150 oidet
1612 5094 1683 5166 qais,

9 5177 80 5234 diter
111 5175 239 5247 denique
252 5175 420 5235 intuebimur
440 5194 498 5245 eos,
526 5197 608 5252 quarn
644 5182 692 5238 tilii
729 5184 822 5249 lsrael,
877 5182 944 5256 qaid
958 5180 1076 5256 sperat?
1096 5181 1172 5253 Sper,
1188 5176 1350 5252 inquit,qae
1362 5177 1487 5245 videtur,
1502 5183 1683 5252 nonestrpes

11 5264 173 5320 ransmisso
188 5263 244 5332 jam
259 5265 326 5320 mori
348 5266 450 5334 Rubro,
477 5269 597 5343 undique
624 5270 666 5326 sui
682 5271 823 5343 AEgyptios
878 5270 969 5340 (llorn.
985 5285 1047 5333 vru,
1064 5271 1118 5335 ii).
1134 5267 1202 5340 lpsis
1216 5282 1282 5340 ergo
1310 5267 1366 5337 jam
1397 5273 1462 5324 tunc
1495 5266 1684 5324 considerabis

9 5362 145 5419 nortuos,
162 5351 216 5407 sed
230 5360 259 5409 et
273 5362 346 5411 rotas
379 5371 506 5414 aunuum
533 5358 573 5414 ire
600 5358 629 5415 in
658 5360 823 5431 profundum
879 5359 975 5426 oculis,
991 5373 1060 5431 quos
1085 5359 1167 5413 modo
1195 5355 1304 5429 quidem
1332 5372 1383 5412 nee
1410 5355 1502 5412 levare
1529 5357 1615 5414 audes
1644 5357 1678 5413 ed

9 5443 160 5499 eruebant
176 5457 184 5495 ε
203 5449 231 5496 ut
240 5450 268 5498 et
281 5458 331 5500 nos
349 5445 462 5514 seilicet,
486 5446 569 5521 louge
582 5455 673 5504 nmen
700 5448 824 5518 securius
879 5447 997 5517 eoelum;
1012 5446 1078 5520 ipsis
1093 5445 1183 5518 plane,
1199 5445 1246 5518 qui
1259 5443 1342 5501 toties
1354 5445 1464 5501 interim
1479 5444 1564 5500 lluunt
1592 5445 1683 5520 laery-

9 5539 30 5586 ιι
44 5526 256 5598 delectabilius,
284 5539 425 5588 cantamus
451 5533 576 5604 Dounon,
604 5535 679 5608 quod
705 5535 837 5609 gloriose,
879 5537 941 5606 mis,
970 5551 1002 5593 ao
1026 5535 1130 5592 crebris
1157 5532 1411 5605 compunctionibus
1430 5539 1592 5590 atteruntur.
1621 5537 1681 5594 Nec

9 5618 208 5676 ronorifieatus
217 5616 262 5686 sit,
277 5635 377 5692 equum
387 5629 415 5678 et
429 5636 604 5704 ascensorem
614 5625 676 5697 eius
690 5623 825 5697 dejiciens
880 5623 953 5682 enirn
966 5637 1052 5682 novos
1066 5622 1114 5680 tibi
1129 5621 1319 5680 instaurandos
1333 5628 1423 5696 putes,
1440 5623 1491 5682 sed
1513 5630 1573 5682 tuos
1586 5625 1680 5700 utique

9 5725 27 5766 n
43 5709 183 5785 abyssum
200 5705 302 5778 (emo.
313 5723 372 5781 arv,
383 5712 444 5782 xv).
880 5712 1084 5772 restaurandos.
1101 5711 1170 5784 Quid
1190 5721 1281 5770 umen
1296 5713 1332 5770 de
1359 5714 1437 5772 οαιιο
1465 5713 1592 5783 dixerint,
1624 5715 1677 5773 etsi

880 5801 1069 5872 minutissime,
1086 5800 1409 5871 enbeadnimatsrnen,
1434 5803 1677 5864 excellentissima·

1629 6020 1645 6054 b
