4064 6344
285 416 359 478 loct
774 410 801 468 S.
824 405 992 469 abbatem
1011 401 1148 468 statutt
1166 401 1483 466 casnm-vauterius
1868 403 1928 466 ibid

288 557 335 600 eos
356 539 459 596 tructus
484 533 549 592 fidei
571 544 755 600 assecuturos,
771 533 794 588 si
822 535 919 590 bonam
946 531 1122 621 babuerlulq
1137 529 1244 586 ominus
1267 530 1435 587 intellectum
1449 544 1577 601 grossum
1597 535 1625 584 et
1643 535 1716 586 certe
1729 527 1870 599 borinum,
1887 535 1928 604 qui

288 628 460 686 nouissimam
502 620 713 691 consessionem,
743 621 912 692 maximeque
943 623 966 674 si
998 616 1086 674 carnis
1139 619 1222 674 Deum
1239 617 1602 678 noeintelleneruntnecin
1617 617 1828 688 operibusbsil

287 732 371 789 opera
384 713 565 784 eleemosynis
593 710 767 766 redemerint.
785 711 855 784 Ergo
879 709 957 782 primi
980 703 1085 764 ml!
1174 707 1333 764 albitrium
1354 723 1398 764 me
1417 705 1532 762 leuasse
1555 712 1683 779 queratur
1700 708 1729 762 in
1746 706 1789 764 sni
1803 709 1930 782 suggilla-

288 804 407 877 plcbium
427 805 531 860 fructus
550 816 600 858 nec
622 799 727 857 fruetus
741 810 814 870 sunt,
829 815 882 856 non
898 797 984 870 magis
1003 813 1083 869 quarn
1139 793 1212 850 tione
1225 795 1347 868 ludaeos,
1363 794 1409 868 qui
1433 793 1601 852 intellectum
1623 794 1694 851 illius
1712 795 1775 852 dico
1796 796 1930 854 bovinum.

286 889 1085 966 ficuumqroesi.1leniqnesidignospostmoduml'ruclus
1138 882 1190 938 Sed
1214 883 1287 955 legat
1309 884 1336 940 in
1356 883 1433 950 isaia,
1450 890 1479 940 et
1501 884 1564 956 plus
1586 899 1668 955 quam
1686 883 1818 944 boninum
1838 887 1931 942 audiet.

286 982 453 1054 poenitentiae
468 981 581 1038 iecerint
602 980 667 1050 (non
682 979 753 1033 enim
769 979 843 1050 prius
861 979 932 1050 quod
947 975 1084 1050 spirituale
1139 972 1282 1045 Coprtovt't,
1305 974 1402 1046 inquit,
1418 973 1462 1032 bos
1476 979 1819 1046 personarumque
1841 977 1932 1032 esicus

287 1082 336 1144 est,
357 1073 405 1128 sed
420 1071 491 1142 quod
507 1070 621 1126 animale
644 1067 669 1140 [l
684 1069 745 1128 Cor.
762 1085 808 1132 xe,
825 1067 870 1141 te]
890 1068 991 1124 dicetur
1006 1066 1058 1122 illis
1075 1080 1081 1118 :
1135 1061 1802 1136 presepedomitrr'suizisreetconcoenobitam,-
1811 1065 1932 1136 populus

289 1157 670 1232 Quemsructembnbeistis
686 1161 756 1214 tutte
772 1158 915 1232 inquibus
929 1172 1005 1212 cunc
1021 1172 1084 1212 eru·
1136 1167 1216 1208 mccc
1234 1167 1292 1208 core
1316 1153 1462 1220 intellexit
1478 1151 1555 1221 (isui.
1572 1166 1594 1222 ι,
1609 1151 1648 1222 3).
1664 1151 1749 1208 Vides
1764 1168 1818 1218 me,
1834 1153 1931 1209 indae.

285 1252 413 1310 beecitici
428 1251 517 1320 (ilem.
532 1262 570 1314 rr,
585 1247 642 1318 dl).
1136 1239 1270 1296 mitiorem
1294 1241 1340 1296 tibi
1363 1241 1495 1314 propheta
1510 1248 1568 1296 tuo.
1590 1241 1649 1314 Ege
1673 1245 1701 1296 te
1723 1241 1881 1312 comparari
1893 1245 1933 1310 ju·

319 1344 347 1403 a.
363 1341 420 1410 Ego
435 1348 522 1394 tamen
540 1339 589 1393 boc
603 1337 661 1392 loco
676 1351 733 1392 uon
754 1335 876 1408 quemuis
893 1333 1023 1407 populum
1038 1331 1081 1388 in·
1137 1328 1249 1395 mentis,
1275 1328 1319 1384 ille
1345 1328 1464 1399 subjicit.
1494 1325 1654 1399 Quanquam
1681 1327 1710 1384 in
1742 1344 1792 1384 sus
1821 1345 1933 1402 persona

288 1427 428 1500 terpretari
442 1427 555 1484 liberum
569 1433 634 1496 puto
650 1447 656 1482 z
676 1442 743 1480 unus
758 1424 896 1498 signanter
910 1423 1080 1496 exprimitur.
1137 1418 1266 1488 propheta
1287 1434 1344 1474 non
1364 1417 1433 1474 dixit
1445 1418 1506 1484 hoe
1521 1417 1567 1474 sed
1583 1417 1612 1472 in
1627 1418 1685 1484 ilci,
1701 1418 1748 1490 qui
1764 1417 1853 1478 Deum
1868 1437 1897 1474 se
1910 1435 1934 1474 et

285 1518 382 1588 Neque
400 1515 485 1584 enim,
499 1514 679 1580 Proculeium,
696 1513 773 1579 dixit,
793 1514 870 1585 quasi
894 1512 927 1570 de
939 1511 1081 1584 pluribus3
1134 1505 1203 1578 ipsis
1217 1507 1345 1578 operibus
1358 1508 1475 1562 elamat:
1494 1508 1556 1564 Etsi
1568 1505 1651 1574 mibi,
1669 1503 1829 1578 inquietata
1844 1509 1933 1564 credi·

283 1606 334 1662 sod
347 1604 425 1677 quasi
435 1605 468 1660 de
478 1619 541 1671 una,
552 1604 684 1677 protulit,
697 1602 792 1674 inquit,
805 1605 878 1674 ficus
887 1617 1081 1674 prouocantem
1137 1596 1184 1660 iis.
1195 1594 1577 1668 operibescredr'tercteirrort
1586 1596 1753 1668 seeioopoeo
1762 1596 1862 1652 Petne
1871 1599 1933 1662 rasi,

281 1703 318 1762 et,
338 1703 367 1749 ut
384 1693 472 1750 sentio
485 1707 546 1764 ego,
561 1707 621 1764 quae
636 1700 680 1748 ert
704 1691 779 1763 plebs
794 1692 959 1746 ludaeorum.
976 1689 1081 1760 Quanta
1135 1685 1224 1742 colite
1237 1685 1348 1740 credere
1364 1687 1452 1754 ileon.
1466 1699 1497 1750 x,
1510 1687 1554 1751 38,
1568 1685 1630 1754 37);
1648 1699 1697 1740 nec
1710 1682 1754 1742 sic
1765 1693 1855 1742 umen
1871 1685 1933 1758 riqi-
2017 1699 2018 1720 t

200 1829 210 1840 .
283 1785 309 1838 in
325 1783 393 1838 banc
407 1781 533 1839 Salvator
548 1780 701 1852 parabolice
715 1779 742 1834 in
756 1779 902 1852 Evangelio
917 1777 988 1850 loqui
1003 1777 1080 1833 vide·
1099 1818 1121 1898 Β
1136 1771 1191 1828 lant
1205 1773 1237 1826 ad
1253 1773 1471 1847 intelligendum.
1487 1773 1549 1828 Non
1561 1771 1801 1844 lugsdaemonnur,
1813 1773 1934 1835 amobe

283 1866 1078 1940 turlutestillud:Ardoremfieibebebotqeidotnplnrr·
1135 1861 1237 1918 dientia
1261 1861 1466 1930 clementorum,
1490 1877 1544 1918 non
1565 1859 1620 1918 uita
1639 1863 1929 1932 mortuorum,bestir-
1988 1923 1994 1945 ἱ

282 1961 574 2018 totnmirtuieeesuo
589 1957 782 2028 (Leo.xrrr,.6)
797 1955 966 2024 eto.;item:
989 1955 1082 2012 Videte
1136 1953 1186 2006 lem
1210 1952 1289 2018 bauo,
1314 1957 1342 2008 et
1364 1951 1425 2024 plue
1444 1950 1678 2022 quambesticlem
1694 1951 1932 2009 hebetudinemab
1994 1952 1998 1971 “

281 2046 433 2111 ficulneum
448 2044 799 2117 etomeescrboreslbuc.
815 2045 938 2114 annae)
957 2060 963 2098 ε
983 2043 1078 2096 atNe-
1133 2040 1173 2096 cis
1196 2040 1333 2114 depellere
1356 2040 1440 2113 quivit
1454 2041 1469 2113 εξ
1482 2040 1518 2096 de
1540 2056 1594 2112 qua
1621 2055 1677 2096 non
1705 2041 1796 2098 minue
1819 2039 1932 2098 mirabili

282 2133 399 2190 thanasii
409 2135 577 2192 dictumest:
593 2134 661 2190 Cure
670 2133 797 2190 essessrtb
807 2131 975 2202 deamicitia
985 2131 1077 2200 (icoc.
1132 2145 1214 2203 quam
1227 2129 1373 2186 miserabili
1388 2129 1515 2186 cecitate
1536 2129 1635 2187 iactum
1654 2129 1866 2198 estatinillud
1882 2134 1932 2186 mm
2017 2187 2018 2200 ,

280 2239 301 2290 r,
316 2225 373 2294 itt.
388 2222 420 2277 Et
448 2237 557 2278 rursum
578 2221 714 2278 maledicit
737 2221 871 2287 liculneee,
888 2234 936 2290 pro
957 2219 1078 2291 eoquod
1132 2219 1307 2285 horrendum,
1323 2227 1431 2289 tamque
1448 2217 1594 2278 enormiter
1607 2232 1731 2290 grossum
1749 2218 1853 2276 tadum
1873 2235 1932 2290 pro·

279 2323 334 2365 non
347 2308 450 2366 inuenit
463 2308 490 2363 in
512 2325 545 2365 ea
568 2309 689 2366 fructum
704 2310 800 2383 (liure
817 2324 858 2374 xr,
876 2308 1078 2380 sarebbono
1133 2305 1376 2372 ruerint,·ilomine
1399 2305 1548 2379 majestatis
1569 2306 1721 2378 injicientts
1739 2322 1838 2367 manus
1851 2309 1933 2364 sacri·

279 2397 355 2464 bens,
370 2414 430 2468 quae
454 2398 525 2452 bona
547 2399 610 2454 licet
633 2397 843 2469 patriarcharum
864 2398 951 2452 radice
965 2397 1077 2468 prodie-
1132 2393 1216 2466 legas.
1239 2393 1343 2456 Extunc
1366 2395 1457 2468 itaque
1471 2395 1526 2452 diei
1542 2395 1639 2466 potuit,
1654 2395 1800 2468 quiapicrrr
1811 2397 1932 2469 protulit
2017 2397 2018 2418 i

279 2489 479 2557 nonunquam
505 2494 593 2542 tamen
615 2489 641 2542 in
664 2488 748 2542 altum
776 2486 919 2558 proficere,
939 2499 1076 2557 nunquam
1133 2499 1240 2556 procrea
1253 2500 1326 2552 suos,
1344 2500 1404 2540 cum
1416 2487 1471 2554 jrnr
1486 2485 1611 2546 uidelicet
1625 2485 1829 2558 legitimaillius
1840 2487 1932 2558 populi

278 2590 307 2632 se
322 2576 403 2630 burno
414 2575 537 2631 attollere
552 2574 647 2643 voluit,
665 2592 802 2648 nunquam
817 2577 980 2646 respondere
995 2572 1078 2632 radici
1132 2586 1193 2626 esse
1215 2581 1355 2642 caeperunt
1380 2573 1457 2646 quasi
1480 2571 1508 2628 in
1530 2572 1605 2630 exitu
1628 2589 1710 2646 super
1730 2590 1866 2632 summum
1883 2595 1891 2630 τ
1906 2583 1933 2630 ul
2017 2619 2018 2642 t

279 2662 439 2734 proceritate
464 2678 611 2733 ramorum,
627 2663 809 2737 generositate
833 2665 941 2735 llorum,
957 2664 1078 2720 iocundi·
1133 2661 1212 2717 tronis
1231 2662 1310 2732 juxta
1329 2673 1449 2720 ueterem
1469 2664 1649 2734 prophetiam,
1665 2663 1931 2734 superuenientibus,

276 2757 331 2807 tate
353 2751 500 2808 fructuum.
523 2752 589 2807 itale
618 2767 730 2822 prorsus
754 2753 804 2809 tibi
828 2768 888 2808 cum
915 2760 961 2808 tua
985 2753 1077 2810 radico
1133 2760 1222 2807 uetera
1240 2747 1353 2808 1418
1378 2750 1574 2822 projicerentur
1587 2753 1683 2822 (matt.
1699 2766 1782 2819 xxva,
1798 2755 1854 2824 lb).
1874 2755 1932 2812 Non

277 2841 415 2906 convenit,
448 2841 530 2896 arbor
562 2841 668 2911 pusilla,
698 2849 827 2909 tortuosa,
853 2843 964 2898 nodosa.
991 2841 1076 2897 Radix
1130 2839 1299 2906 alitersane,
1314 2856 1395 2912 quam
1410 2839 1648 2914 quomodogrossi
1662 2841 1771 2914 cadum,
1786 2849 1815 2900 et
1833 2843 1932 2900 aedunt

275 2927 347 2984 enim
362 2937 465 2986 sancta.
480 2929 550 2998 Quid
564 2945 597 2985 ea
610 2928 723 3002 dignum
740 2931 793 2985 tuis
806 2939 917 3003 appar-et
930 2930 955 2984 in
972 2930 1072 2986 remisi
1131 2929 1333 2985 suborientibus
1357 2927 1462 2986 dotibus
1483 2928 1575 2984 bonis.
1599 2927 1739 3000 Quandiu,
1760 2927 1861 3002 inqrrit,
1877 2947 1929 2988 aon

276 3019 370 3087 Ficus,
384 3017 480 3092 inquit,
496 3019 617 3094 protulit
630 3035 739 3092 pressos
753 3036 827 3077 suos.
842 3019 903 3076 Non
923 3020 972 3078 bos
990 3019 1075 3075 nobili
1130 3016 1248 3071 cessavit
1262 3015 1329 3071 licus
1344 3016 1492 3086 producere
1506 3030 1617 3090 grossos
1627 3030 1703 3086 euos,
1714 3032 1770 3074 non
1784 3027 1810 3076 to
1826 3020 1929 3090 meari,

275 3105 392 3162 aradice
407 3108 521 3176 traxisti,
536 3123 628 3166 semen
644 3123 772 3180 nequam.
792 3107 872 3176 Quod
887 3107 916 3164 in
930 3125 960 3164 ea
975 3117 1026 3172 est,
1041 3109 1074 3163 de
1089 3091 1111 3177 G
1128 3118 1144 3159 ο
1167 3119 1277 3174 sponsa,
1293 3103 1383 3160 sciens
1397 3118 1450 3160 non
1468 3118 1551 3174 posse
1566 3119 1621 3162 una
1636 3105 1747 3174 prodire
1764 3107 1886 3180 optimas¹
1897 3108 1928 3162 li-

276 3193 378 3264 Spinitu
387 3197 709 3267 sanctoest3ecpcrhoc
723 3196 822 3252 subtile
835 3203 921 3252 totum
935 3212 967 3252 ac
981 3213 1073 3253 suave.
1129 3209 1186 3248 cus.
1209 3194 1291 3250 Nunc
1314 3199 1405 3248 antem
1431 3192 1568 3262 productis
1592 3193 1639 3266 qui
1662 3194 1737 3264 prius
1759 3196 1928 3267 modueendl

273 3283 333 3339 Tibi
347 3284 419 3340 unde
443 3283 472 3339 hi
486 3284 596 3358 grossi?
616 3285 649 3340 Et
662 3301 724 3342 rere
746 3284 811 3358 quid
831 3301 886 3342 nou
905 3299 1030 3359 moseum
1046 3287 1075 3341 in
1129 3287 1215 3350 erent,
1232 3297 1286 3338 non
1308 3280 1365 3353 jam
1385 3280 1576 3353 intempestive
1595 3291 1619 3336 te
1634 3281 1727 3348 inrito,
1741 3298 1805 3340 cum
1821 3285 1888 3340 boui
1900 3303 1928 3342 ac

274 3381 354 3448 pente
369 3373 432 3430 illei
445 3375 502 3432 Nec
515 3385 591 3434 aetus
611 3375 742 3447 prolecto,
758 3391 809 3432 nec
824 3374 948 3448 allectus,
963 3391 1014 3432 nee
1031 3378 1073 3429 in·
1128 3370 1258 3427 salutares
1275 3368 1380 3427 inactus
1403 3369 1430 3425 in
1452 3368 1576 3441 proximo
1591 3384 1653 3428 ease
1671 3381 1833 3440 noscantur,
1848 3375 1928 3430 inab·

274 3462 413 3532 tellectus,
426 3465 474 3520 sed
489 3480 539 3520 nec
561 3465 638 3532 ritus,
653 3481 735 3538 quem
751 3465 777 3520 in
800 3464 915 3521 colendo
929 3466 1015 3521 Deum
1029 3466 1077 3520 ba·
1130 3457 1170 3512 les
1185 3457 1357 3528 expuncturi.

274 3552 340 3608 buit.
356 3552 426 3610 Nam
450 3561 527 3608 actus
551 3553 578 3610 itt
602 3552 694 3618 bellis,
710 3552 825 3608 abactas
853 3553 880 3608 in
907 3555 988 3609 lucris
1003 3560 1075 3610 totus
1164 3549 1191 3604 6.
1206 3547 1379 3614 Numeriem,
1391 3546 1490 3620 inquii,
1502 3548 1759 3618 narentanorum
1771 3551 1928 3612 meorum:

271 3647 339 3704 erat,
365 3638 518 3695 intellectus
546 3637 575 3694 in
602 3638 781 3695 crassitudine
810 3639 1020 3704 attenuemus
1047 3641 1075 3695 iu
1127 3636 1200 3707 qnod
1223 3636 1400 3692 nibilominus
1421 3638 1662 3712 appropinquantis
1677 3641 1783 3698 imaus
1800 3641 1927 3700 indiciam
2017 3639 2018 3680 3

277 3724 410 3798 sanguine
426 3725 561 3796 pecudum
574 3733 601 3781 et
615 3735 809 3782 armentorum.
1128 3735 1179 3781 est.
1195 3726 1245 3790 iiic
1268 3726 1336 3782 odon
1361 3736 1502 3800 serpentes
1524 3725 1610 3802 luqst.
1626 3728 1710 3786 diunt
1723 3729 1930 3790 nemeaeum

311 3815 338 3870 t.
355 3815 390 3870 At
412 3813 480 3868 dicit
501 3811 598 3886 aliquis
613 3831 620 3868 ε
637 3828 700 3870 cnm
724 3813 875 3870 istiusmodi
894 3829 1006 3887 gnosum
1018 3830 1074 3873 non
1128 3815 1212 3872 vineis
1226 3830 1307 3872 omne
1321 3815 1414 3886 reptile
1429 3827 1589 3873 venenatum
1604 3818 1705 3876 eadere
1720 3819 1795 3886 loeo,
1809 3835 1865 3878 nee
1885 3824 1929 3876 nl·

273 3903 417 3975 aliquando
446 3902 570 3974 proferre
592 3917 660 3978 gens
687 3903 732 3958 illa
757 3904 912 3976 cessaverit,
927 3918 994 3978 engo
1020 3919 1074 3962 non
1128 3904 1232 3960 lateeus
1253 3919 1386 3960 novorum
1413 3901 1486 3961 ierne
1509 3905 1621 3962 odorem
1644 3906 1752 3964 ilomm.
1772 3907 1929 3978 Quodne

272 3993 417 4066 aliquando
433 4000 540 4064 tempus
557 3992 705 4064 putationis
720 4007 775 4050 non
789 3993 900 4060 exstitit,
914 3995 976 4065 quia
991 4009 1074 4051 unum
1127 3993 1262 4050 attendant
1286 3991 1379 4046 novitii
1401 3991 1499 4060 nostri,
1518 4000 1546 4050 et
1569 3992 1733 4052 fiducialiter
1750 4003 1845 4072 agant,
1861 3997 1931 4072 cogi

273 4083 381 4152 utrique
400 4082 439 4136 rei
454 4088 563 4152 tempus
576 4081 692 4138 existere
712 4083 875 4154 perhibetur.
891 4081 950 4139 Non
965 4081 1001 4138 ita
1020 4090 1072 4138 est.
1128 4089 1215 4136 tantos
1236 4081 1345 4152 qualem
1368 4079 1492 4150 spiritum
1508 4091 1682 4154 acceperunt,
1697 4085 1780 4154 cuque
1795 4085 1930 4157 primitias

273 4170 395 4228 Dicimus
417 4169 544 4227 mulieres
568 4169 639 4226 blios
662 4186 831 4242 procreasse,
852 4187 909 4235 non
928 4185 992 4228 cum
1006 4186 1071 4244 pan·
1126 4168 1263 4227 daemonas
1276 4183 1331 4226 non
1350 4169 1497 4226 sustinent.
1512 4168 1541 4226 Si
1555 4169 1595 4228 sic
1608 4173 1728 4234 novitius
1747 4175 1853 4244 terror,
1866 4176 1929 4248 qnid

274 4261 385 4324 turiunt,
399 4258 447 4314 sed
470 4275 531 4316 cunr
553 4259 612 4330 J‘am
627 4269 800 4330 peperemnt.
817 4257 938 4316 Dicimus
953 4269 980 4316 et
992 4260 1072 4316 arbo·
1125 4255 1311 4312 eritabsoluta
1326 4256 1474 4330 perlectis?
1490 4257 1674 4330 Perpendatur
1687 4278 1720 4318 ex
1734 4261 1802 4318 ilore
1813 4264 1921 4322 imas

275 4365 317 4405 tes
331 4347 447 4406 edidisse
466 4347 548 4404 ssores
563 4361 637 4417 suos,
654 4363 708 4404 uon
731 4364 791 4403 curn
810 4349 944 4422 coeperint
962 4349 1070 4418 llorere,
1124 4351 1150 4400 ct
1164 4345 1270 4416 saporis
1286 4345 1373 4400 virtus
1392 4362 1425 4402 rx
1446 4345 1472 4404 vi
1485 4346 1633 4412 estimetur
1647 4349 1751 4407 odoris.
1772 4352 1870 4410 l't'trcoe
1883 4354 1932 4422 fir·

273 4437 322 4492 sed
337 4435 424 4508 potius
443 4451 504 4491 cum
519 4434 656 4492 desierint.
675 4436 714 4492 lta
727 4435 771 4490 hic
785 4437 1004 4508 quoquedictum
1018 4450 1070 4506 est,
1126 4437 1222 4490 rerttes
1236 4435 1349 4491 odorem
1363 4433 1510 4492 decimet.
1526 4435 1559 4493 Et
1572 4435 1600 4490 in
1613 4436 1749 4511 principio
1762 4439 1878 4511 quidem
1893 4442 1933 4498 sic

273 4522 337 4598 quia
357 4525 429 4594 ficus
448 4525 573 4596 protulit
597 4540 703 4596 presses
717 4541 790 4591 suos,
807 4540 861 4581 non
884 4542 945 4583 cnm
968 4527 1074 4599 aliquos
1127 4523 1185 4580 fuit.
1209 4525 1251 4580 ud
1276 4523 1494 4597 praedicationem
1515 4543 1592 4584 trovae
1606 4527 1701 4598 gratim
1715 4539 1813 4592 secuta
1825 4541 1871 4590 ost
1884 4549 1933 4588 no·

274 4613 367 4684 edidit,
383 4613 432 4669 sed
446 4628 508 4670 cum
532 4619 613 4679 totos,
628 4613 657 4669 id
670 4623 721 4684 cst,
734 4631 795 4671 eum
809 4615 843 4670 ad
859 4614 939 4674 linem
953 4619 1074 4687 pervenit
1128 4612 1195 4668 titas
1216 4612 1277 4670 vitae
1301 4612 1328 4668 in
1352 4613 1393 4668 bis
1417 4613 1462 4685 qui
1485 4615 1664 4683 crediderent.
1679 4619 1727 4689 qut
1740 4624 1933 4679 muruco·

274 4701 483 4772 editio.Quaeris
497 4717 552 4774 quo
575 4709 695 4774 tempore
719 4702 872 4762 istiusmodi
890 4707 1072 4778 complemen·
1127 4717 1188 4758 uem
1213 4718 1289 4758 suam
1311 4703 1382 4758 inter
1409 4714 1504 4780 gentes
1527 4705 1659 4762 babentes
1686 4706 1799 4764 borram
1827 4709 1933 4766 cast-u

274 4797 330 4846 tum
345 4791 382 4847 illi
397 4792 499 4866 populo
512 4792 629 4849 accidit?
643 4792 710 4848 Cum
732 4794 869 4850 Christum
884 4795 993 4862 occidit,
1009 4807 1071 4852 tarro
1125 4798 1201 4846 erant
1215 4790 1303 4847 bonus
1316 4791 1383 4846 odor
1398 4790 1426 4846 in
1440 4792 1514 4847 omni
1536 4793 1596 4850 leco
1616 4793 1658 4866 (tl
1677 4794 1742 4852 Ger.
1757 4811 1791 4864 tt,
1808 4799 1858 4866 tt,
1878 4803 1931 4854 tot.

273 4879 831 4956 completaestmalitiaejus,juxtaquod
846 4883 957 4956 ipseeis
972 4887 1070 4955 pradi—
1124 4879 1198 4939 Odor
1222 4880 1320 4950 bonus,
1351 4879 1533 4938 testimonium
1561 4883 1673 4942 bonum.
1704 4885 1760 4942 Hoc
1791 4887 1828 4942 de
1858 4888 1933 4946 beno
2017 4895 2018 4954 ζ

272 4969 1068 5045 xerat:impietemertrttrempetrumvestrorum(bottis.
1124 4984 1205 5040 opem
1227 4979 1351 5042 unquam
1375 4970 1409 5024 de
1434 4969 1500 5026 llere
1516 4971 1584 5027 odor
1600 4974 1731 5044 procedit.
1747 4975 1782 5029 Et
1796 4977 1932 5048 qnoniam

271 5073 334 5129 ιιι,
350 5060 406 5127 32).
424 5057 499 5114 Unde
514 5058 541 5115 in
558 5059 676 5131 patibulo
692 5060 904 5132 tradituruejam
920 5063 1067 5134 spiritum:
1125 5057 1169 5113 tali
1193 5057 1261 5113 llere
1282 5065 1309 5112 et
1335 5056 1381 5114 tali
1407 5058 1490 5114 odore
1511 5059 1580 5117 inter
1613 5061 1761 5132 primordia
1791 5069 1934 5122 irascentis

273 5149 509 5206 Consummotttm
522 5151 575 5214 est,
586 5147 776 5221 inquitllours.
786 5166 845 5219 xix,
856 5150 947 5222 30).0
963 5153 1069 5222 qualem
1124 5147 1184 5204 iidei
1195 5143 1289 5202 fideles
1303 5145 1409 5213 enimes,
1427 5147 1508 5204 veluti
1524 5149 1646 5220 quadam
1661 5151 1818 5221 spirituales
1831 5154 1933 5215 vinea,

269 5235 530 5294 consummationem
545 5235 618 5292 dedit
636 5239 742 5310 grossis
756 5239 813 5294 suis
827 5237 894 5294 ficus
908 5241 966 5296 baeo
980 5242 1068 5297 male·
1123 5236 1229 5292 relenta>
1250 5244 1443 5307 apparuerunt,
1459 5237 1591 5294 hebentes
1615 5239 1803 5298 testimonium
1824 5243 1933 5298 braum

267 5326 349 5396 dicta,
364 5336 392 5382 et
407 5325 524 5382 subinde
537 5336 637 5382 caterua
654 5327 779 5384 ariditate
792 5328 932 5386 damnate!
950 5327 1066 5400 Oquaur
1121 5334 1148 5382 et
1162 5328 1195 5380 ab
1212 5325 1255 5378 bis
1269 5325 1314 5394 qui
1329 5323 1394 5382 loris
1408 5333 1503 5396 erant;
1518 5342 1573 5382 nou
1591 5327 1753 5402 incongrue,
1771 5341 1804 5386 nt
1817 5333 1932 5402 opinor.

267 5425 331 5473 suet
345 5415 485 5475 nouissimi
507 5417 618 5487 pejores
638 5415 787 5488 prioribusi
803 5417 937 5487 incipiens
952 5418 987 5474 ab
1001 5417 1066 5474 inu·
1121 5416 1155 5471 dc
1170 5413 1235 5483 ipsis
1249 5413 1348 5470 dictum
1363 5417 1504 5486 sentimus,
1518 5414 1582 5487 quia
1597 5419 1689 5474 eitteoe
1703 5420 1845 5490 florentes
1867 5423 1935 5480 ode·

267 5504 369 5573 lilibus,
395 5505 428 5562 ad
456 5504 627 5579 pecuniosos
652 5506 777 5576 pervenit
803 5516 828 5563 et
855 5515 1010 5564 venenatos.
1042 5508 1065 5565 0
1122 5507 1182 5562 iem
1200 5504 1932 5580 dederuntadqutdtuteoscraprotoesdeurrr

266 5607 391 5662 gressum
406 5595 598 5666 vipereumque
612 5594 750 5664 allectum,
766 5598 843 5654 odire
858 5599 1004 5664 bominem,
1019 5600 1066 5668 qui
1122 5594 1168 5665 utri
1192 5595 1306 5650 necdum
1331 5597 1561 5664 bffldideffinitei
1590 5598 1668 5654 bonis
1695 5600 1831 5671 ‘illelibffl
1868 5603 1934 5656 ΝΜ

270 5681 408 5736 bominum
426 5691 452 5736 tt
467 5698 580 5752 csrrpura
596 5685 984 5756 sanst,etsnbnassatvar10
999 5687 1069 5745 nibil
1121 5685 1334 5751 eonrsiderantes,
1349 5685 1533 5758 glorificarent
1556 5699 1582 5744 ct
1603 5688 1655 5760 ipsi
1672 5688 1770 5758 Deam,
1782 5700 1872 5762 aquo
1891 5691 1934 5746 ita
