3996 6350
233 477 284 558 ιι
710 459 1399 562 s.assumormnavtscmanvrunmsrs
1845 496 1887 555 ss

233 638 295 680 rein
306 623 442 678 virtutem
456 625 548 687 tuem,
559 625 587 676 et
600 622 721 694 ploricm
732 629 813 680 tuam
822 627 908 696 (Psoi.
922 641 984 697 ιιιιι,
994 627 1030 696 3).
1088 631 1116 681 et
1130 625 1193 682 alibi
1205 645 1211 684 :
1225 629 1312 700 Peope
1321 625 1519 684 estoerbumin
1530 643 1578 684 ore
1589 627 1649 690 luo,
1659 631 1687 680 et
1698 627 1730 680 in
1745 624 1893 682 cordetuo

234 708 374 764 Adventus
386 705 522 780 siquidem
536 710 587 766 iste
601 709 718 778 medius,
728 713 771 770 via
783 713 907 786 quadam
918 721 971 784 est,
981 729 1032 787 per
1090 716 1181 785 (item.
1197 731 1227 784 ιι,
1243 715 1280 787 8).

233 811 313 870 mam
327 811 344 851 a
358 795 449 868 primo
463 795 571 854 venitur
581 798 614 854 ud
625 797 760 858 ultimum.
771 801 801 858 ln
811 802 900 875 primo
909 803 1033 861 Christus

232 881 284 940 luit
309 883 463 957 redemptio
489 894 581 943 nostra
605 907 613 942 ι
636 887 664 944 in
688 887 783 946 ultimo
810 891 954 963 apparebit
978 890 1033 949 vita
1399 889 1514 946 SlilillO
1534 891 1578 946 Vl.

233 982 327 1032 nostra
341 990 349 1034 ε
364 975 393 1031 in
408 975 460 1033 isto
474 985 505 1034 ut
523 976 689 1034 dormiamus
711 977 784 1036 inter
806 981 911 1038 medios
933 981 1033 1052 cleros,

233 1063 399 1136 requieseat
412 1071 441 1121 ct
454 1065 603 1122 consolatio
616 1073 717 1122 nostra.

272 1157 300 1210 2.
321 1153 377 1209 Sed
391 1169 426 1210 ne
441 1153 483 1210 cui
505 1153 576 1211 lorte
597 1151 739 1212 inventitia
760 1155 904 1213 videantur
922 1174 985 1229 quae
1000 1158 1034 1213 de
1125 1162 1151 1212 i.
1166 1156 1236 1213 Nolo
1249 1173 1308 1224 vos,
1324 1155 1433 1227 iratres,
1448 1155 1577 1228 ignorare
1601 1162 1709 1226 tempus
1727 1153 1896 1210 visitationis

237 1243 289 1298 boc
309 1241 427 1300 aduentu
449 1241 539 1299 medio
562 1242 686 1316 dicimus,
701 1244 789 1315 ipsum
810 1245 911 1303 audite.
927 1248 1034 1320 Siquis
1088 1253 1202 1317 vestrae3
1218 1244 1267 1301 sed
1282 1262 1317 1300 ne
1332 1245 1397 1300 illud
1412 1245 1532 1317 quidem,
1549 1243 1614 1317 qnid
1635 1245 1686 1300 hoc
1706 1252 1828 1316 tempore
1843 1243 1894 1298 vi-

236 1328 331 1404 dilipt't
344 1348 400 1396 ore,
409 1331 507 1405 iuquit,
518 1349 658 1391 seroeotees
672 1350 748 1391 meos
761 1335 900 1392 servabit:
912 1340 940 1390 et
951 1339 1035 1393 Pater
1089 1333 1186 1389 sitetur
1199 1334 1227 1388 in
1241 1332 1328 1390 vobis.
1340 1333 1488 1388 Animabus
1503 1331 1575 1387 enim
1590 1333 1642 1387 hoc
1652 1339 1760 1402 tempus
1770 1338 1822 1401 est,
1833 1345 1894 1385 non

235 1421 537 1492 meetdilipcteum,et
547 1422 902 1494 cdenmveniemuswona,
911 1427 1034 1496 nimii).
1088 1422 1248 1494 corporibus
1261 1421 1437 1496 assignatum,
1454 1420 1527 1493 quod
1541 1419 1668 1476 videlicet
1681 1418 1763 1489 longe
1778 1417 1895 1490 dignior

235 1503 289 1562 Sed
305 1505 369 1578 qnid
384 1515 437 1578 est,
446 1510 547 1582 Siquis
561 1510 655 1582 dittpte
668 1527 723 1578 ote,
735 1527 877 1570 seroeones
890 1530 966 1571 meos
979 1530 1036 1571 ser-
1089 1509 1179 1566 anima
1199 1523 1323 1582 corpore,
1340 1509 1461 1581 priorem
1477 1507 1528 1563 sibi
1543 1506 1751 1564 sollicitudinem
1773 1505 1893 1561 naturali

235 1592 404 1666 cubittl.egi
414 1594 486 1650 enim
500 1595 584 1650 alibi:
599 1599 651 1667 Qui
668 1601 750 1657 timet
759 1603 856 1668 Deum,
867 1603 955 1670 saciet
964 1604 1037 1659 boec
1090 1597 1209 1655 vindicet
1223 1598 1365 1670 dignitate.
1378 1598 1433 1653 Sed
1447 1603 1474 1651 et
1488 1597 1563 1668 prior
1577 1596 1728 1667 reparanda
1742 1601 1795 1659 est,
1806 1609 1892 1666 quam

235 1679 333 1752 (teeti.
358 1697 408 1752 nv,
425 1683 469 1752 l);
485 1683 534 1739 scd
558 1685 618 1758 plus
641 1686 742 1760 aliqrud
766 1687 867 1745 dictum
891 1688 980 1746 sentio
1001 1688 1036 1744 dc
1089 1695 1196 1745 constat
1209 1688 1345 1744 corruisse
1364 1686 1493 1760 priorem.
1513 1685 1610 1741 Anima
1629 1685 1773 1757 siquidem,
1789 1700 1888 1740 corru-

234 1767 376 1842 diligeute,
386 1770 450 1842 qnia
463 1788 605 1831 sermones
619 1775 671 1832 Dei
684 1777 814 1832 servabit.
827 1776 879 1833 Ubi
894 1792 961 1851 ergo
974 1793 1035 1834 ser·
1090 1785 1136 1848 pta
1152 1777 1179 1832 in
1199 1775 1318 1848 eulpam,
1337 1775 1401 1832 lecit
1420 1781 1449 1831 ut
1470 1789 1569 1847 corpus
1592 1789 1701 1847 quoque
1724 1787 1890 1844 corrumpe-

234 1857 315 1913 vandi
334 1861 420 1916 eunti
443 1861 520 1917 Haud
543 1863 655 1920 dubium
678 1863 744 1939 quin
760 1865 787 1920 in
803 1866 896 1934 corde,
910 1868 979 1922 sicut
999 1865 1037 1921 ait
1091 1873 1165 1920 retur
1178 1863 1206 1920 in
1226 1879 1346 1935 poenam.
1369 1862 1494 1934 Denique
1509 1861 1532 1917 si
1547 1861 1648 1917 Christi
1667 1861 1790 1917 membra
1807 1861 1890 1916 volu·

234 1943 373 2018 rhopheta
383 1962 391 2004 :
400 1949 523 2007 lucorde
532 1965 593 2010 mee
603 1953 735 2010 abscondi
743 1955 856 2026 eloquia
867 1958 967 2026 tumui
978 1972 1036 2012 non
1090 1970 1151 2010 mus
1164 1951 1291 2018 inveniri,
1303 1951 1473 2023 sequendum
1488 1951 1568 2006 nobis
1582 1959 1623 2005 est
1638 1949 1696 2006 sine
1710 1948 1792 2006 dubio
1806 1959 1890 2022 caput

233 2050 347 2107 peccem
362 2037 414 2092 tibi
428 2037 515 2110 (Paci.
526 2055 624 2106 cxvrrr,
637 2043 694 2112 il).
705 2042 759 2096 Sed
769 2042 905 2114 quomodo
915 2043 943 2098 in
953 2044 1036 2099 corde
1089 2049 1212 2099 nostrum
1229 2059 1235 2095 :
1250 2047 1279 2095 ut
1291 2039 1417 2097 videlieet
1431 2038 1517 2110 prima
1530 2039 1610 2095 nobis
1624 2039 1838 2110 reparandarum
1852 2039 1889 2094 sit

234 2124 382 2180 servandi?
396 2141 431 2180 an
446 2125 544 2185 sufficit
559 2129 617 2186 sola
631 2143 679 2186 eos
703 2146 813 2186 servare
837 2131 988 2186 memorial
999 2134 1036 2187 At
1089 2129 1241 2187 sollicitudo
1254 2128 1417 2199 animarum,
1429 2142 1479 2200 pro
1492 2127 1591 2199 quibus
1609 2126 1669 2198 ipse
1681 2128 1738 2198 jam
1757 2129 1842 2192 venit,
1858 2133 1888 2182 et

233 2227 300 2270 vero
314 2213 353 2271 sic
370 2215 489 2272 servanti
513 2215 585 2273 dicet
604 2218 750 2290 Apostolus
766 2237 772 2274 :
790 2219 929 2289 Quoniam
943 2221 1034 2278 semc-
1089 2234 1203 2292 quarum
1242 2216 1317 2288 prius
1333 2213 1419 2273 781)
1433 2216 1537 2271 mederi
1565 2215 1668 2271 studuit
1707 2214 1885 2286 corruptioni.

234 2303 278 2358 tie
292 2303 377 2374 insint
392 2305 418 2374 (l
434 2305 493 2362 Cor.
511 2299 572 2377 ιιιιι,
586 2307 623 2376 tl.
638 2305 763 2380 Denique
777 2314 805 2363 et
818 2307 977 2364 memoriam
993 2305 1035 2362 ia·
1087 2306 1215 2377 Corporis
1229 2318 1294 2360 vero
1307 2317 1400 2359 curam
1415 2301 1453 2357 illi
1470 2301 1585 2374 tempori
1601 2301 1688 2374 magis
1703 2317 1886 2368 reservemus,

233 2387 285 2446 cile
308 2388 382 2446 delet
403 2389 514 2448 oblivio.
539 2391 585 2448 Sic
608 2409 688 2450 serva
712 2410 867 2451 sermonem
888 2395 1033 2468 licique·
1088 2402 1116 2449 et
1130 2389 1288 2449 differamus
1303 2391 1331 2446 in
1346 2391 1418 2448 illum
1434 2389 1505 2446 diem
1515 2406 1568 2462 quo
1583 2390 1748 2447 reformandi
1764 2390 1886 2463 corporis

232 2476 315 2536 modo
329 2479 425 2535 melius
437 2495 547 2538 servare
565 2490 644 2554 potes
658 2481 748 2538 cibum
761 2483 884 2555 corporis
899 2482 947 2541 tui.
966 2479 1033 2538 Nam
1087 2481 1376 2554 gratiaestventurus,
1388 2477 1589 2536 sioutmeminit
1602 2477 1759 2552 Apostolus,
1771 2479 1885 2535 dicens:

233 2573 260 2623 et
273 2563 318 2622 ille
332 2567 413 2640 panis
426 2568 503 2627 muns
517 2579 569 2642 est,
586 2576 614 2628 et
627 2570 704 2628 cibus
727 2571 833 2628 mentis.
851 2571 931 2630 Panis
945 2578 1033 2628 terre-
1088 2571 1263 2628 salvotorem
1276 2573 1473 2640 exspectamus
1484 2569 1637 2626 bornicum
1648 2571 1778 2624 oestrum
1792 2569 1888 2626 lesum

231 2669 284 2712 nus
306 2653 371 2713 dum
389 2656 417 2712 in
436 2673 500 2714 mea
523 2667 575 2726 est,
590 2665 714 2730 potesta
743 2660 802 2715 iure
821 2660 886 2726 tolli,
908 2667 1034 2730 potesta
1089 2657 1762 2730 Christumquireformebitcorpushumilitatis
1770 2661 1884 2726 cosme,

232 2758 311 2799 mure
328 2745 447 2815 corrodi,
463 2751 554 2815 potest
576 2752 711 2802 vetustate
734 2747 880 2818 corrumpi.
902 2747 954 2802 Ubi
969 2762 1035 2803 vero
1088 2749 1296 2820 conficerctnm
1304 2748 1415 2819 corpori
1424 2747 1567 2802 cluritmss
1577 2762 1637 2803 soce
1646 2745 1887 2820 (Pbilipp.tn,t9,

233 2829 386 2888 comederis
409 2829 494 2900 illum,
517 2831 582 2904 quid
607 2834 703 2888 horum
729 2831 848 2888 timeas?
873 2835 930 2889 lloc
954 2835 1035 2891 modo
1088 2835 1144 2906 20).
1157 2835 1288 2908 inpriore
1302 2833 1436 2905 siquidem
1451 2833 1573 2891 adventu
1587 2842 1715 2906 tanquam
1730 2848 1831 2906 praeco,
1842 2835 1885 2891 vel

233 2917 339 2976 custodi
352 2919 466 2975 verbum
480 2919 531 2977 liei
546 2921 638 2977 :beati
652 2920 725 2977 enim
740 2921 786 2994 qui
800 2923 956 2979 custodiunt
969 2922 1035 2980 illud
1088 2924 1174 2999 magis
1192 2938 1257 2980 vore
1276 2927 1365 2994 praeco
1385 2922 1470 2994 ipsius
1487 2923 1608 2978 loannes
1625 2922 1744 2993 Baptista
1763 2921 1862 2978 clamat
1877 2942 1884 2979 :

233 3007 313 3076 (luc.
335 3022 376 3074 ιιι,
392 3009 449 3080 28).
475 3009 549 3082 Ergo
567 3008 717 3081 trajiciatur
735 3009 763 3065 in
781 3010 887 3067 viscera
910 3011 1034 3084 quaedam
1090 3013 1166 3078 Ecce,
1190 3011 1290 3082 inquit,
1311 3013 1405 3084 Aperta
1433 3011 1491 3075 liei,
1516 3011 1647 3083 eccequi
1670 3011 1747 3067 tollit
1769 3015 1887 3084 peccate

233 3093 330 3152 animae
346 3102 413 3166 tuae;
429 3104 550 3155 transeat
562 3097 591 3153 in
606 3097 766 3155 affectiones
780 3105 850 3166 tuas,
860 3106 889 3156 et
903 3099 931 3154 in
946 3115 1036 3158 mores
1087 3101 1188 3157 mundi
1211 3101 1301 3168 lieno.
1324 3115 1345 3166 ι,
1360 3098 1416 3170 29).
1440 3101 1500 3154 Non
1523 3098 1599 3171 dicit,
1615 3099 1722 3154 Morbos
1745 3099 1884 3170 eorporis;

234 3189 306 3240 tuos.
320 3183 440 3242 Comcde
454 3185 567 3254 bonum,
580 3193 608 3242 et
621 3185 801 3244 delectabitur
814 3186 842 3243 in
856 3189 1035 3245 crassitudine
1089 3204 1156 3254 non,
1180 3187 1315 3243 llolestias
1341 3187 1448 3251 camis;
1478 3188 1538 3257 sed,
1560 3192 1718 3258 peccatam,
1743 3185 1816 3258 qnod
1844 3196 1887 3242 est

232 3273 323 3328 anima
347 3281 402 3328 tua.
418 3273 459 3330 Ne
473 3273 641 3332 obliviscaris
665 3276 809 3332 comedere
833 3292 932 3348 panem
948 3285 1033 3344 tuum,
1050 3309 1072 3387 c
1088 3279 1198 3332 morbus
1212 3277 1309 3330 animae
1323 3284 1351 3331 et
1364 3275 1501 3346 corruptio
1520 3275 1630 3330 mentis.
1657 3279 1726 3332 Eece
1744 3277 1795 3347 qui
1811 3275 1886 3331 totttt

233 3376 269 3417 ne
283 3367 425 3418 exarescat
436 3375 484 3419 cor
499 3369 585 3430 tuum,
601 3363 650 3420 scd
665 3361 747 3436 adipe
761 3370 788 3419 et
807 3364 972 3436 pinguedine
986 3380 1032 3422 re·
1087 3367 1203 3436 peccatu
1218 3363 1330 3419 mundi.
1344 3363 1447 3419 Undat
1462 3363 1561 3435 Utique
1576 3377 1592 3416 a
1608 3378 1700 3428 manu,
1716 3365 1751 3419 ab
1765 3365 1854 3428 oculo,
1872 3381 1887 3420 a

233 3449 339 3522 plentur
353 3449 444 3506 anima
458 3456 513 3506 tua.
1088 3451 1169 3517 collo,
1194 3452 1302 3508 demum
1328 3451 1410 3506 etiam
1437 3467 1452 3505 a
1476 3466 1559 3506 carne
1579 3450 1650 3524 ipsa,
1674 3451 1716 3508 cui
1739 3451 1820 3508 altius
1842 3453 1885 3506 in·

269 3543 296 3596 ³.
323 3539 352 3595 Si
376 3538 415 3596 sic
439 3541 553 3596 verbum
576 3539 627 3595 liei
649 3539 808 3606 servaveris,
827 3540 898 3597 haud
922 3540 1034 3598 dubium
1088 3540 1170 3596 lixum
1185 3547 1236 3597 est.

234 3627 299 3699 quin
313 3627 349 3682 ab
363 3640 397 3682 eo
420 3626 546 3684 serveris.
569 3627 669 3684 Veniet
690 3627 763 3683 enim
786 3627 916 3684 Filiusad
931 3637 1034 3687 tecum
1124 3628 1247 3684 stultit
1269 3636 1440 3699 peccatume
1459 3628 1594 3693 manibus,
1610 3627 1753 3683 commissa
1775 3635 1890 3698 peecata

233 3716 323 3782 Patre,
340 3714 432 3771 veniet
445 3715 580 3786 Propheta
594 3731 720 3788 magnus,
737 3717 782 3788 qui
799 3717 942 3773 renovabit
955 3719 1034 3773 Jeru·
1090 3717 1185 3773 delens
1207 3731 1213 3769 :
1236 3715 1304 3772 tollit
1326 3717 1360 3770 ab
1383 3716 1472 3782 ocrrlo,
1486 3732 1607 3788 purgans
1630 3716 1731 3772 mentis
1753 3715 1889 3771 intentio-

1141 1036 1177 1092 lie
1192 1034 1301 1106 triplici
1318 1033 1452 1100 emente,
1467 1037 1495 1088 et
1508 1033 1603 1089 comis
1619 1033 1834 1090 esurrectione.

233 3801 331 3871 salem
346 3810 374 3858 et
396 3801 442 3860 ille
462 3818 533 3860 nova
556 3803 637 3861 faciet
660 3805 760 3862 omnia.
783 3805 841 3862 lloo
863 3806 935 3861 enim
954 3805 1034 3863 laciet
1091 3819 1153 3861 nem
1169 3822 1175 3862 :
1193 3803 1262 3860 tollit
1274 3819 1291 3858 a
1304 3804 1383 3874 collo,
1399 3804 1548 3860 violentam
1563 3819 1709 3861 removens
1722 3804 1889 3860 dominatio·
1987 3837 1988 3852 ι

234 3889 279 3947 iric
292 3890 485 3962 adventuant,
496 3891 564 3949 sicut
576 3891 743 3964 portavimus
756 3891 903 3966 imaginem
918 3892 1033 3961 terreni,
1090 3909 1164 3962 nem,
1178 3894 1246 3949 sicut
1264 3893 1394 3965 scriptum
1413 3901 1455 3949 cst
1473 3911 1480 3950 ε
1498 3895 1647 3966 sceptrum
1666 3894 1805 3950 cenetens
1826 3893 1890 3964 eius

234 3978 426 4052 deportemus
440 3987 468 4037 et
482 3979 628 4054 imaginem
650 3981 770 4038 caelestis
786 3982 811 4052 (l
826 3984 886 4038 Cor.
910 3997 960 4048 ιιι,
976 3983 1033 4054 to).
1088 3982 1369 4055 supereminentia
1386 3981 1430 4040 die
1443 3981 1554 4038 lindiam
1569 3982 1635 4053 (isc.
1648 3980 1889 4053 rx‚t):itemqne,

235 4067 310 4125 Sicut
333 4066 383 4124 tuit
401 4077 480 4124 vetus
495 4069 581 4126 Adam
596 4069 701 4126 eilusus
715 4085 766 4140 per
787 4076 872 4126 totum
887 4070 1034 4140 hominem,
1092 4071 1299 4143 Compulrescet
1313 4073 1416 4144 jopem
1431 4088 1449 4127 o
1467 4073 1542 4140 [acie
1563 4071 1618 4128 olei
1641 4072 1706 4141 (lae.
1731 4085 1762 4133 ιι,
1777 4067 1834 4138 at).
1855 4067 1891 4125 lit
1986 4065 1987 4084 ¹

234 4161 263 4213 et
281 4161 368 4212 totum
386 4157 541 4228 occupavit,
558 4157 596 4211 ita
610 4156 691 4213 modo
708 4163 794 4214 totum
813 4157 937 4214 obtineat
955 4158 1033 4214 Clari·
1088 4157 1891 4231 Apostolusloquitur,dicens:Uiscorepnetpeceatttmin

234 4252 301 4311 stus,
326 4243 373 4315 qui
394 4250 480 4300 totum
502 4245 614 4312 creavit,
639 4251 725 4301 totum
750 4245 875 4316 redemit,
899 4253 985 4303 totum
1006 4255 1034 4303 et
1089 4251 1181 4305 vestm
1191 4248 1527 4320 mortuiieorporetliom.
1537 4247 1638 4313 vali).
1650 4243 1790 4318 Siquidem
1799 4243 1892 4299 alioin
1985 4261 1986 4272 ι

234 4330 406 4405 glorificabit,
420 4331 522 4406 quique
542 4339 628 4388 totum
648 4331 786 4389 hominem
805 4333 908 4388 salvum
928 4331 993 4390 iecit
1005 4334 1034 4390 in
1089 4333 1150 4390 loco
1164 4333 1202 4389 ait
1216 4332 1290 4389 idem
1304 4333 1453 4406 apostolus,
1466 4335 1537 4399 Scio,
1549 4333 1646 4406 inquit,
1657 4332 1794 4406 qocdncn
1803 4335 1847 4387 est
1858 4333 1891 4386 in

234 4419 365 4478 Sabbato.
388 4415 455 4478 Erat
471 4421 501 4477 in
515 4419 596 4478 nobis
616 4419 769 4494 aliquando.
784 4429 862 4478 vetus
883 4421 1033 4492 hominem,
1088 4417 1890 4494 mebonnm,bocest,inccrnemec(Rom.vrr,ls);etalibi:

234 4509 368 4568 varicator
391 4509 437 4567 ille
460 4517 519 4566 erut
541 4509 676 4576 innubis,
692 4515 746 4565 tam
764 4509 888 4567 inmann
908 4527 988 4583 quam
1005 4512 1033 4567 in
1088 4511 1194 4581 inseite
1203 4527 1250 4583 epo
1261 4511 1350 4577 borno,
1360 4513 1422 4583 quis
1432 4529 1476 4568 eree
1487 4509 1615 4566 liberabit
1622 4510 1655 4566 de
1664 4524 1779 4581 corpore
1787 4514 1892 4565 mortes

234 4615 292 4664 ore,
307 4599 483 4656 etincordc.
500 4602 528 4655 ln
543 4614 627 4654 manu
646 4598 799 4671 dupliciter,
819 4616 869 4671 por
888 4598 992 4656 lacinus
1007 4611 1035 4656 et
1089 4597 1204 4671 bajus?
1230 4599 1315 4670 (ibid.
1346 4601 1408 4668 ii.)
1436 4599 1546 4655 Sciebat
1573 4597 1699 4653 nimirum
1729 4613 1784 4652 non
1812 4597 1890 4666 prins

234 4685 374 4762 llagitium.
389 4688 419 4743 ln
433 4702 482 4744 ore
497 4685 620 4744 similiter
634 4703 684 4758 per
703 4685 885 4759 arrogantiam
899 4695 927 4744 et
940 4686 1034 4744 detra·
1049 4665 1071 4742 ὓ
1087 4686 1257 4743 liberandum
1271 4703 1301 4742 se
1317 4703 1379 4744 esse
1393 4703 1409 4741 a
1422 4687 1543 4758 pessima
1562 4687 1607 4742 illa
1625 4687 1716 4742 radice
1735 4701 1797 4756 quae
1811 4686 1890 4739 carni

233 4775 362 4832 cionem.
378 4775 410 4831 ln
424 4776 508 4832 corde
529 4790 638 4850 quoque
662 4791 712 4848 per
734 4776 870 4832 desideria
891 4779 990 4848 carnis,
1007 4787 1035 4834 et
1088 4774 1171 4831 infixa
1190 4787 1242 4844 est,
1257 4791 1273 4830 a
1286 4775 1348 4847 lege
1372 4775 1478 4847 peccati
1499 4791 1561 4846 quac
1585 4783 1627 4830 est
1640 4775 1668 4829 in
1683 4773 1814 4830 membris
1834 4788 1890 4828 no·

233 4863 369 4920 desideria
382 4863 476 4936 gloriae
491 4863 658 4936 temporalis.
670 4865 748 4921 Nunc
757 4871 848 4923 autem
864 4865 955 4938 siqvm
964 4882 1035 4924 nova
1087 4865 1159 4932 stris,
1174 4863 1263 4920 donec
1278 4873 1307 4920 et
1319 4864 1354 4918 ab
1369 4865 1427 4936 ipso
1448 4878 1563 4935 corpore
1582 4863 1734 4920 solveretur
1749 4876 1757 4916 ε
1772 4861 1845 4916 unde
1860 4871 1891 4916 et
1983 4891 1984 4898 ι

233 4959 360 5008 creatura
379 4953 408 5008 iu
429 4952 500 5025 ipso,
515 4959 610 5010 vetera
632 4953 808 5022 transierunt,
825 4960 852 5011 et
875 4961 971 5011 contra
991 4953 1034 5008 ia·
1087 4953 1215 5024 cupiebat
1233 4952 1354 5019 dissolvi,
1377 4957 1404 5008 et
1426 4968 1487 5007 cnm
1506 4952 1612 5009 Christo
1631 4967 1692 5009 osse
1711 4951 1848 5023 (Philipp.
1867 4965 1889 5017 ι,

234 5041 311 5099 cinus
325 5041 353 5098 in
373 5057 465 5106 mann,
482 5041 653 5110 innocentia3
669 5049 765 5099 eontra
784 5041 927 5118 llagitinm,
942 5043 1033 5099 conti-
1087 5044 1144 5110 23),
1160 5040 1249 5096 sciens
1272 5041 1345 5112 quod
1369 5047 1520 5111 peccatum,
1537 5055 1669 5111 separans
1693 5042 1765 5095 inter
1785 5054 1836 5094 nos
1860 5049 1891 5093 et
1983 5053 1984 5061 ¹

233 5131 328 5188 nentia
341 5141 394 5189 est.
409 5131 440 5186 ln
454 5146 502 5188 ore
517 5139 611 5188 contra
624 5131 817 5205 arrogantiam,
833 5131 950 5188 verbum
964 5145 1034 5187 con·
1087 5128 1184 5194 licum,
1201 5129 1310 5200 penitus
1323 5127 1423 5183 aul'erri
1438 5144 1493 5186 non
1510 5129 1619 5200 poterit,
1635 5129 1724 5184 donec
1738 5127 1893 5184 liberemur

232 5221 374 5288 lectionis3
395 5229 492 5278 contra
513 5219 718 5290 detractionem,
736 5221 848 5278 verbum
873 5219 1033 5276 aedificatio·
1087 5232 1243 5289 acorpore.
1257 5217 1377 5273 Audistis
1392 5218 1427 5274 de
1441 5218 1571 5290 quodam,
1588 5233 1668 5289 quem
1689 5219 1821 5275 Dominus
1835 5233 1891 5274 ou-

234 5309 287 5378 nis,
304 5316 335 5364 ιιι
349 5309 481 5367 recedunt
494 5317 587 5366 vetera
601 5310 636 5367 de
654 5326 701 5368 ore
721 5319 811 5366 notro.
827 5311 858 5366 ln
872 5310 954 5366 corde
967 5324 1034 5365 vero
1088 5305 1183 5361 ravita
1198 5306 1345 5373 daemonio,
1362 5307 1490 5378 quoniam
1509 5305 1641 5363 collidens
1656 5315 1683 5362 et
1703 5306 1816 5364 multum
1828 5307 1889 5362 dis-

232 5404 331 5455 contra
349 5397 438 5454 caruis
457 5397 603 5466 desideria,
623 5399 754 5469 circuitam
779 5399 916 5454 humilitas
937 5404 1033 5453 contra
1086 5409 1203 5466 carpens
1223 5410 1283 5450 eum
1308 5395 1428 5466 daemon,
1450 5396 1529 5465 jussu
1550 5395 1658 5450 Domini
1680 5395 1821 5476 exivitab
1841 5393 1891 5451 illo

233 5484 347 5558 gloriam
373 5487 561 5558 temporalem.
588 5491 622 5544 lit
639 5488 700 5544 vide
723 5487 745 5542 si
764 5503 820 5543 non
836 5488 862 5541 in
884 5487 925 5541 bis
948 5484 1034 5540 tribus
1085 5483 1182 5554 (llere.
1208 5499 1248 5549 tx,
1272 5487 1374 5553 itt-25).
1400 5485 1492 5554 ltaque
1515 5483 1575 5539 dico
1598 5483 1684 5552 vobis,
1707 5499 1797 5558 genus
1820 5482 1890 5539 illud

232 5571 368 5630 Christum
382 5572 431 5631 liei
451 5575 570 5632 Verbum
593 5575 727 5648 recipiant
749 5574 848 5649 singuli
872 5573 1032 5641 electorum,
1085 5569 1191 5642 peccati
1206 5572 1279 5643 quod
1297 5573 1377 5629 toties
1400 5572 1546 5628 conturbat
1568 5586 1619 5627 nos
1639 5572 1891 5642 (concupiscentias

233 5662 331 5734 quibus
342 5661 443 5720 dietum
458 5669 500 5721 est
515 5681 522 5720 :
538 5665 613 5723 Pone
623 5682 668 5725 mc
678 5663 859 5736 dpnccclcm
872 5677 957 5734 super
971 5661 1033 5718 brc-
1085 5659 1182 5731 loquor
1196 5666 1224 5716 et
1237 5659 1374 5717 desideria
1387 5659 1480 5728 mala),
1497 5659 1608 5730 reprimi
1628 5659 1738 5730 quidem
1754 5658 1840 5716 debet
1860 5671 1889 5716 et

232 5751 641 5826 euemtaemstpaomrnper
651 5757 790 5811 cortuum
800 5752 924 5821 (dentis.
934 5751 1032 5822 varab)
1085 5756 1174 5820 potest
1189 5747 1367 5822 pergratiam
1383 5749 1442 5816 Dei,
1458 5755 1558 5804 utnon
1574 5758 1671 5818 regnet
1685 5748 1713 5803 in
1727 5748 1815 5816 nobis,
1834 5763 1889 5806 nae
