4064 6344
100 435 167 500 {oti
736 433 912 499 sustollis
930 435 964 500 tlt
981 437 1132 502 mitius.
1680 449 1749 512 lotz

97 563 222 622 continue
236 560 305 631 lluit,
320 562 415 622 saltem
433 577 481 634 per
493 561 576 620 horas
590 560 653 620 salit
666 577 737 636 sque
751 563 893 634 sapientis
908 578 932 657 g
948 565 1081 637 superbis
1095 566 1205 626 inventa
1221 573 1265 626 est
1286 567 1316 626 in
1337 583 1395 642 me,
1409 575 1436 630 ct
1455 571 1748 640 Dominusdeclinsrit

96 663 124 711 et
138 654 200 711 lons
218 654 288 722 vitae,
306 663 335 711 ιιι
349 651 395 709 fiat
416 651 445 708 in
465 651 533 723 ipsis
555 667 663 726 quoque
677 652 739 708 lons
759 669 835 726 aquae
849 669 894 708 sa·
948 650 977 708 in
990 651 1030 708 ira
1044 670 1060 710 u
1075 669 1155 712 servo
1176 671 1237 714 suo.
1261 657 1330 714 iiiuc
1351 660 1404 718 ista
1418 661 1544 718 sterilitas
1556 664 1654 722 anime
1666 681 1746 738 msae,

95 742 187 800 lientis
204 742 234 798 iu
256 742 340 800 vitum
354 743 493 797 eternam.
509 739 542 796 lit
554 740 664 812 quidem
679 739 761 812 liujus
774 739 894 798 fluminis
947 749 974 794 ιι
989 741 1142 801 devotionis
1154 743 1245 814 inopia
1258 761 1339 818 quam
1354 747 1454 818 patior.
1468 748 1612 817 Quomodo
1627 751 1666 809 ita
1679 769 1747 810 ena·

95 830 213 903 impetus
233 828 352 887 laetificat
369 828 506 886 civitatem
526 826 588 894 Dei,
607 843 673 884 sane
697 827 848 900 perenniter
868 837 895 888 et
948 828 1001 885 ruit
1016 845 1063 886 cor
1078 847 1177 902 meum,
1198 833 1368 908 coagulatum
1381 842 1423 892 est
1441 834 1511 893 sicut
1524 837 1575 906 luc,
1590 839 1691 898 laetum
1706 851 1748 901 est

94 917 246 976 affluenter.
268 919 298 974 ln
326 925 435 973 nostros
457 923 548 973 autem
567 921 675 973 montes
695 918 743 991 qui
771 917 799 973 in
822 925 894 975 terra
947 917 1016 974 sicut
1029 926 1099 976 terra
1120 921 1181 977 sine
1201 923 1290 994 aquai
1312 925 1370 981 Nec
1392 925 1539 998 compungi
1554 929 1588 983 ud
1612 929 1746 1002 lect-ymas

93 1013 169 1077 sunt,
186 1006 288 1062 utinam
311 1003 448 1060 interdum
462 1004 533 1062 lecte
546 1003 622 1079 quasi
645 1003 818 1062 inundatione
840 1005 893 1062 sal·
946 1020 1039 1079 queo;
1056 1014 1129 1063 tanta
1140 1015 1184 1064 est
1199 1006 1301 1066 duritia
1321 1011 1422 1068 cordis.
1439 1012 1500 1068 Non
1524 1013 1596 1086 sapit
1614 1017 1744 1089 psalmus,

96 1099 141 1150 tus
156 1094 220 1152 dare
233 1093 338 1164 uliquos
354 1107 409 1150 non
426 1093 571 1165 despiciat,
587 1094 685 1166 quibus
706 1091 819 1152 1458
831 1093 892 1152 sui·
947 1110 1001 1150 non
1021 1094 1112 1168 legere
1135 1095 1208 1165 libet,
1230 1113 1285 1156 non
1309 1114 1387 1156 orere
1408 1099 1535 1172 delectet,
1560 1104 1746 1163 meditationes

92 1182 214 1243 ficientes
237 1181 350 1257 irrigati,
371 1182 453 1239 nobis
476 1197 595 1256 quoque,
614 1183 665 1262 qui
685 1183 769 1242 velles
788 1200 890 1254 sumus,
946 1183 1038 1240 solitas
1052 1199 1107 1240 non
1128 1184 1248 1244 invenio.
1262 1187 1315 1244 Ubi
1337 1188 1385 1246 ills
1404 1188 1538 1248 inebriato
1551 1192 1685 1265 spiritus?
1700 1193 1746 1250 ubi

92 1271 196 1327 stillare
209 1269 253 1326 rel
268 1287 343 1328 rsrus
365 1269 485 1342 guttulas
507 1270 621 1341 possint,
637 1287 671 1328 ne
689 1271 799 1330 omniuo
823 1273 892 1330 aridi
946 1271 1043 1328 mentis
1058 1273 1201 1341 serenitas,
1216 1281 1244 1332 et
1257 1291 1320 1347 pax,
1335 1284 1364 1333 et
1377 1281 1505 1352 gaudium
1520 1280 1548 1337 iu
1563 1281 1664 1352 Spiritu
1679 1299 1745 1340 sau·

93 1367 122 1416 et
137 1357 242 1416 steriles
258 1355 465 1416 remaneamus!
485 1358 608 1430 lliseria,
623 1366 652 1416 et
669 1368 769 1432 gestas,
784 1368 811 1418 et
829 1376 891 1419 om·
945 1362 1013 1417 ctoi
1028 1362 1091 1418 ideo
1104 1362 1139 1418 ad
1153 1378 1225 1435 opus
1245 1379 1376 1422 munuum
1397 1365 1486 1440 piger,
1503 1368 1537 1424 ad
1551 1369 1658 1442 uigilias
1670 1385 1744 1428 som·

91 1447 160 1505 nino
175 1447 260 1504 lames
273 1447 361 1506 valida
375 1447 403 1504 in
417 1446 525 1524 regione
534 1447 592 1518 illa,
602 1463 664 1520 quse
678 1449 758 1505 nullis
771 1465 892 1522 unquam
944 1451 1083 1520 nolentus,
1098 1451 1133 1505 ud
1147 1451 1215 1507 iram
1231 1468 1363 1526 preceps,
1382 1455 1416 1510 sd
1431 1455 1525 1512 odium
1542 1458 1673 1529 pertinax,
1693 1459 1745 1515 lin·

89 1535 244 1594 istiusmodi
258 1537 300 1594 vel
315 1535 438 1606 saltibus,
453 1536 495 1592 vel
515 1535 735 1594 instillationibus
749 1539 890 1596 humecta·
944 1552 1005 1611 guae
1024 1548 1050 1594 ιι
1071 1539 1142 1612 gule
1163 1539 1361 1614 indulgentior,
1382 1544 1493 1616 segnior
1513 1545 1687 1619 obtusiorque
1710 1548 1743 1604 ad

89 1633 146 1691 tur,
162 1622 360 1697 praeurlluents
381 1630 409 1680 et
423 1623 587 1681 transiliente
606 1624 680 1680 illam
695 1624 768 1682 lente
782 1625 890 1697 sapien·
944 1624 1173 1696 praedicntioncm.
1189 1627 1248 1685 lieu
1260 1627 1267 1684 l
1279 1643 1375 1686 omnes
1390 1641 1495 1689 montes
1513 1633 1668 1693 incircuitu
1681 1650 1743 1693 meo

88 1713 152 1772 tiae:
166 1718 201 1774 st
214 1718 349 1790 quiscere
359 1715 891 1793 iciumnt,inquit,rnpiscticm‚ge-
943 1713 1031 1770 visitet
1051 1714 1193 1784 Dominus,
1218 1716 1252 1772 sd
1274 1731 1318 1772 me
1341 1727 1432 1776 nutem
1456 1736 1510 1779 non
1534 1723 1741 1796 appropinquat.

87 1806 206 1862 tierent
214 1808 332 1880 propter
341 1821 424 1862 soem
432 1805 630 1880 insipientium
636 1806 768 1877 (Donrclt.
779 1823 821 1880 tu,
833 1813 887 1880 ιιι,
941 1803 1013 1858 Num
1028 1803 1108 1859 collis
1123 1817 1178 1860 non
1197 1819 1256 1859 sum
1281 1821 1316 1862 ex
1330 1806 1373 1862 his
1388 1823 1458 1879 quos
1471 1810 1587 1866 transilit
1602 1815 1742 1882 sponsus?

124 1896 154 1948 7.
170 1896 240 1951 Dece
254 1893 368 1950 venitis
380 1893 487 1950 saliem
501 1894 534 1950 in
547 1894 700 1959 mentibus,
717 1897 886 1956 transiliens
902 1880 925 1958 Β
939 1891 1007 1946 Nam
1033 1891 1106 1947 alind
1122 1891 1235 1963 quidem
1258 1893 1367 1950 intueor
1389 1895 1538 1968 singularis
1561 1899 1739 1969 abstinentis,

85 1983 182 2040 eolles.
206 1980 250 2037 Ad
269 1980 322 2044 lico
342 1978 403 2035 salit
416 1989 446 2036 ut
470 1979 612 2056 transiliat,
625 1982 672 2052 qui
694 1995 749 2038 non
772 1983 830 2039 vult
851 1985 886 2040 gd
941 1978 1022 2034 alium
1038 1993 1102 2035 rere
1118 1979 1255 2052 patientiae
1268 1979 1447 2048 admirande,
1461 1983 1542 2040 alium
1556 1994 1647 2042 autem
1665 2001 1741 2042 sum-

84 2085 185 2126 omnes
199 2070 367 2144 pertingere3
380 2083 470 2138 neque
483 2067 555 2124 enim
569 2067 597 2122 itt
613 2068 741 2126 omnibus
754 2069 886 2145 beneplg.
941 2081 992 2124 mae
1006 2065 1168 2124 humilitatis
1190 2076 1218 2124 et
1239 2069 1461 2139 mansuetudinis,
1478 2070 1559 2128 tilium
1574 2074 1666 2132 mulloe
1685 2074 1742 2130 mi·

82 2158 171 2216 citum
190 2166 232 2214 est
245 2157 315 2214 Deo.
332 2156 451 2222 Fratres,
466 2155 500 2224 si,
514 2156 595 2226 iuxta
616 2157 774 2228 sapientium
798 2159 885 2230 Pauli,
940 2156 1093 2214 sericordise
1111 2165 1137 2214 ιι
1160 2157 1280 2229 pictetis;
1304 2158 1426 2216 illumin
1445 2160 1672 2232 contemplatione
1686 2161 1741 2220 ιιι-

82 2249 284 2322 scriptumest,
294 2245 345 2302 ists
357 2246 609 2318 adsumptionem
618 2249 776 2316 oosmamss
783 2249 883 2317 dorm,
939 2253 1053 2317 quenter
1067 2245 1210 2314 excedere,
1225 2247 1297 2304 hunc
1319 2248 1430 2318 pulsare
1443 2258 1471 2305 ιι
1494 2259 1636 2322 penetrare
1654 2251 1741 2310 coelos

82 2338 143 2408 ll),
159 2337 337 2392 observemus
351 2334 451 2407 Sponsi
475 2334 608 2392 discretos
622 2343 651 2391 et
671 2335 885 2404 circumspectos
939 2333 1092 2390 orationum
1116 2333 1255 2402 instantia,
1280 2334 1400 2408 uinaque
1423 2337 1453 2392 in
1475 2337 1535 2394 uliis
1563 2339 1741 2410 precurrere

78 2424 181 2491 saltus,
195 2423 422 2496 quemadmodum
444 2423 568 2481 videlicet
593 2432 645 2479 tam
668 2425 739 2509 apud
761 2423 885 2501 Angelos
938 2420 1090 2478 virtutibus.
1107 2421 1171 2488 llos,
1183 2423 1305 2493 iuquam,
1321 2424 1463 2481 considero
1478 2439 1573 2482 omnes
1586 2425 1738 2498 ferventes,

77 2529 166 2586 quem
190 2513 261 2585 apud
286 2527 345 2580 uos,
363 2511 437 2569 etin
456 2511 575 2568 humiles
597 2511 686 2584 saliet,
702 2522 729 2570 et
750 2515 885 2586 superbos
937 2522 1033 2564 01111]θὸ
1051 2507 1172 2575 d0l0l08.
1185 2524 1280 2566 Omnes
1304 2509 1332 2565 in
1354 2509 1463 2567 Christo
1478 2512 1631 2582 limittit&
1644 2528 1740 2574 omnes

77 2602 240 2658 transiliet:
265 2601 398 2674 siquidem
420 2598 541 2658 excelsus
564 2600 695 2657 Dominus
721 2608 749 2657 et
770 2602 884 2659 humilia
937 2595 1017 2652 donis
1032 2596 1190 2653 coelestibus
1205 2607 1232 2652 ot
1254 2598 1342 2672 gratia
1364 2597 1520 2669 sllluentes,
1537 2607 1664 2672 tanquam
1678 2603 1738 2674 spi·

76 2688 203 2760 respicit,
219 2698 246 2745 et
259 2688 313 2744 sltn
327 2705 343 2744 ιι
358 2689 439 2763 longe
454 2688 593 2760 cognoscit
606 2688 880 2764 (Proiciamus).
936 2683 1049 2740 rituales
1064 2701 1158 2742 retem
1180 2692 1286 2743 montes
1309 2685 1354 2758 qui
1373 2701 1389 2741 a
1413 2686 1528 2744 Domino
1542 2688 1694 2760 visitantur,
1711 2697 1740 2748 et

75 2779 159 2848 llaec,
174 2777 296 2849 inquam,
312 2778 492 2843 attendamus,
507 2793 563 2850 quo
578 2776 652 2834 cauti
674 2777 759 2833 simus
782 2779 883 2850 Sponsi
937 2786 1067 2842 sponsum
1082 2773 1109 2828 io
1129 2788 1158 2830 ss
1182 2772 1321 2829 salientem
1346 2772 1502 2845 frequenter
1518 2775 1661 2848 recipiunt.
1678 2779 1738 2851 Ego

72 2883 131 2925 nos
148 2865 295 2923 salutiferis
314 2866 427 2922 seltibas
446 2881 607 2937 preparare,
622 2881 657 2922 na
671 2864 882 2924 velutiamon-
935 2869 1035 2929 tutem,
1060 2860 1222 2934 suillorum
1248 2861 1275 2916 in
1298 2877 1342 2918 me
1366 2861 1475 2918 invenit>
1498 2862 1580 2934 nihil,
1605 2866 1669 2938 quid
1693 2883 1737 2929 me

72 2953 154 3010 libus
172 2953 278 3011 Gelboc
293 2953 363 3010 lorte
386 2959 505 3009 transeat
527 2961 556 3009 et
574 2969 590 3008 s
614 2952 704 3024 nobis,
718 2954 743 3008 si
758 2953 882 3026 indignos
935 2947 1007 3003 aliud
1019 2958 1295 3024 putemqusmuoum
1308 2949 1735 3024 adoscemonuonsuetbne

70 3057 130 3099 nos
147 3057 198 3098 sua
216 3041 369 3101 visitatione
384 3040 566 3112 conspexerit.
578 3040 649 3112 Quid
664 3042 798 3112 superbis,
809 3049 882 3100 terra
933 3051 1014 3105 quem
1030 3037 1151 3108 praeterit
1168 3038 1196 3092 in
1211 3038 1250 3093 ira
1264 3044 1292 3094 et
1305 3037 1492 3110 indignatione
1506 3054 1554 3095 sua
1569 3039 1615 3099 ille
1628 3049 1738 3100 caetero·

68 3138 99 3187 et
116 3129 210 3186 cinis?
223 3131 257 3186 Et
269 3129 304 3186 de
318 3128 433 3201 Angelis
448 3129 564 3186 transilit
577 3128 719 3197 Dominus,
734 3145 879 3187 exsecrans
934 3140 995 3180 rum
1008 3126 1130 3183 omnium
1144 3125 1357 3198 benignissimus
1372 3125 1513 3184 visitatori

67 3233 175 3274 eorum
190 3217 353 3290 superbiam.
369 3217 445 3290 Ergo
468 3215 622 3288 repudietis
643 3217 811 3292 Angelorum
832 3177 918 3274 liatc
970 3216 996 3268 s.
1011 3214 1113 3282 Filioli,
1130 3216 1188 3271 hee
1206 3215 1337 3287 cogitatio
1355 3215 1423 3272 tollit
1441 3216 1624 3291 extollentium
1638 3219 1735 3276 centn-

64 3307 232 3364 emendatio
246 3306 407 3364 hominum:
432 3305 534 3378 scripta
549 3314 592 3362 est
612 3305 734 3362 enimad
756 3306 878 3376 ipsorum
931 3318 1001 3370 rum,
1030 3304 1155 3361 conciliet
1182 3305 1308 3377 gretiam,
1332 3303 1425 3373 sponsi
1448 3303 1563 3360 ssltihus
1589 3317 1732 3380 praeperst.

64 3395 288 3467 correptionem.
304 3395 474 3464 Goopcretur
488 3393 554 3450 milui
568 3394 596 3450 in
611 3395 712 3452 bonum
727 3393 806 3450 etiam
821 3395 878 3450 dia·
931 3390 995 3446 llaee
1009 3405 1061 3464 ego
1075 3392 1103 3446 in
1118 3407 1160 3446 me
1183 3389 1376 3463 transliguruvi
1397 3399 1508 3463 propter
1522 3407 1583 3459 vos,
1604 3403 1672 3452 utet
1686 3411 1734 3454 vos

62 3483 131 3540 boli
149 3484 260 3552 malum,
277 3483 402 3539 etlerem
419 3498 516 3539 manus
531 3497 605 3538 meas
618 3481 647 3537 in
661 3483 793 3556 sanguine
813 3498 876 3553 pec-
929 3477 970 3534 ita
996 3478 1108 3536 indetis.
1137 3478 1291 3536 Imitatores
1314 3479 1366 3536 mei
1389 3487 1486 3538 estote.
1516 3480 1596 3554 Quod
1618 3497 1674 3538 non
1699 3485 1733 3543 de

59 3573 186 3644 catoris.
203 3570 334 3643 Qualiter,
352 3569 464 3645 inquis?
486 3570 567 3626 dudi.
583 3569 708 3639 Superbo
731 3574 803 3628 certe
823 3569 877 3627 dis
929 3567 1060 3626 exercitio
1078 3567 1138 3625 dien
1159 3567 1241 3625 modo
1264 3567 1407 3638 virtutum,
1426 3575 1473 3624 aut
1487 3584 1592 3626 morum
1606 3570 1730 3643 discipli-

56 3662 136 3720 hoio
154 3661 290 3719 horrenda
299 3668 327 3717 et
341 3659 519 3718 formidolosa
533 3659 685 3716 maledictio
694 3658 875 3732 intorquetur,
929 3673 974 3728 na,
988 3668 1034 3716 eut
1055 3656 1141 3734 glorie
1165 3655 1313 3714 sanctitutis
1332 3656 1394 3728 (nec
1416 3655 1489 3714 enim
1513 3657 1547 3714 ds
1572 3659 1730 3732 hujusmodi

56 3749 209 3821 propheta
224 3746 313 3805 David
328 3747 357 3804 in
380 3745 475 3818 spiritu
500 3745 606 3804 dicente
629 3747 665 3802 ds
686 3745 733 3804 illo
746 3749 798 3805 sub
812 3757 875 3820 typo
928 3745 1071 3818 quidquam
1096 3746 1160 3805 milri
1185 3756 1283 3804 temere
1305 3746 1488 3819 arrogaverim
1514 3745 1665 3804 imitatione
1685 3749 1730 3804 di-

54 3837 189 3906 Gelboe,
206 3848 236 3892 ut
256 3851 339 3908 supra
360 3842 538 3894 memoratum
559 3845 624 3894 est:
647 3837 763 3906 lloetes,
775 3836 873 3909 inquit,
927 3834 1039 3906 gnum),
1054 3835 1103 3890 sed
1118 3835 1180 3890 nolo
1202 3850 1253 3891 vos
1276 3848 1330 3900 non
1348 3849 1458 3904 parcere
1472 3833 1561 3905 robis,
1578 3835 1625 3890 sed
1646 3850 1727 3894 sccu-
1834 3897 1839 3902 ,

53 3931 114 4003 gui
124 3930 167 3986 ιἰι
179 3925 304 3984 circuitu
313 3927 375 3998 ejus
389 3929 469 3998 rent,
478 3925 577 3983 visitet
594 3926 738 3991 Dominus,
748 3941 767 3982 a
779 3925 874 3984 Getice
926 3939 988 3979 sere
1002 3922 1194 3994 vosmetipsos,
1208 3921 1314 3994 quotics
1327 3922 1397 3980 lente
1412 3921 1438 3978 in
1464 3921 1550 3988 tobis,
1564 3923 1606 3978 vel
1622 3923 1655 3978 ud
1670 3939 1728 3980 mo-

52 4020 173 4076 autem
189 4017 328 4072 transeut.
926 4009 1015 4067 dicum
1036 4016 1128 4082 tepere
1146 4011 1271 4083 gretiam,
1292 4010 1418 4066 virtutem
1436 4009 1613 4084 languescere
1626 4013 1726 4083 depre-

93 4110 129 4162 8.
149 4105 223 4172 Sene
236 4117 288 4176 ego
298 4102 351 4159 hoc
360 4101 468 4176 legens,
479 4101 656 4172 referensque
667 4099 762 4158 oculos
775 4097 803 4156 in
817 4115 871 4172 me,
925 4099 1053 4165 uenditis,
1069 4099 1140 4156 sicut
1163 4106 1191 4155 et
1212 4113 1265 4171 ago
1287 4113 1338 4170 pro
1361 4098 1515 4168 hujusmodi
1536 4098 1726 4171 memetipsum

49 4204 84 4252 et
98 4195 224 4250 intuens
233 4191 385 4264 diligenter,
396 4190 557 4249 inveniome
569 4198 646 4262 peste
656 4189 717 4261 ipsa
730 4188 871 4258 iniectum,
925 4203 1034 4244 secuso.
1060 4187 1116 4244 lloc
1138 4185 1223 4244 iecere
1240 4187 1359 4244 hominis
1382 4187 1501 4260 estqui
1525 4188 1647 4246 curiosus
1671 4189 1726 4245 eir·

48 4299 151 4358 quarn
169 4281 197 4337 in
211 4281 310 4353 angelo
325 4280 458 4337 Dominus
472 4279 500 4335 in
515 4285 616 4336 tentum
635 4278 788 4348 exhorruit,
803 4295 871 4349 qua·
924 4282 1094 4347 cumspector
1108 4284 1151 4332 est
1170 4275 1223 4344 sui,
1238 4284 1266 4332 et
1285 4283 1420 4335 scrutator
1443 4275 1551 4334 viarum
1569 4293 1679 4333 suarum
1693 4293 1725 4335 ιι

46 4383 148 4431 tenus
176 4379 321 4443 propterea
342 4369 488 4426 declinaret
509 4369 543 4424 ab
568 4383 613 4432 co,
639 4383 700 4426 cunr
724 4383 819 4424 omues
843 4370 870 4423 in
923 4365 1090 4432 studiorum,
1114 4373 1194 4436 atque
1220 4365 1248 4420 iu
1275 4365 1404 4422 omnibus
1427 4381 1536 4438 semper
1562 4374 1723 4438 suspectum

42 4461 186 4520 circuitu
200 4459 260 4529 ejus
274 4469 391 4526 montes,
408 4459 465 4515 sive
478 4459 512 4514 de
525 4457 648 4531 Angelis,
663 4457 720 4514 aire
734 4456 769 4514 de
783 4456 868 4514 homi·
883 4475 907 4552 n
924 4454 1005 4510 lrabet
1025 4454 1185 4526 arrogantie
1212 4453 1309 4508 vidum
1337 4469 1372 4509 nc
1396 4453 1536 4525 subrepat,
1557 4455 1587 4510 ln
1613 4454 1725 4512 veritate

42 4550 163 4614 nibus,
179 4546 338 4604 visitationis
353 4562 410 4603 suae
428 4545 517 4620 gratia
535 4545 712 4618 dignensium
729 4552 757 4601 et
769 4558 868 4614 putens
924 4540 1015 4604 didici.
1030 4540 1067 4596 nil
1090 4555 1166 4613 seque
1191 4539 1287 4596 ellicax
1302 4557 1363 4596 esse
1376 4543 1410 4596 sd
1429 4542 1544 4615 gretiam
1562 4558 1722 4614 promeren-

40 4647 244 4707 tremensqua
267 4635 311 4692 aio
333 4635 367 4690 sd
388 4633 600 4703 memetipsum:
617 4631 646 4688 si
665 4631 806 4689 sicsctum
827 4639 868 4688 ast
921 4631 992 4696 dam,
1022 4629 1201 4701 retinendam,
1229 4630 1458 4701 recuperandam,
1485 4647 1567 4703 qoem
1596 4631 1619 4686 si
1647 4629 1723 4688 omni

39 4741 124 4784 cum
142 4721 257 4795 angelo,
272 4723 337 4796 quid
353 4723 387 4779 de
402 4737 444 4779 me
459 4721 503 4778 liet
518 4730 592 4777 terne
611 4719 763 4777 etcinerei
777 4719 825 4776 llle
839 4721 867 4775 in
921 4726 1043 4792 tempore
1064 4733 1156 4774 corun
1180 4719 1238 4774 Deo
1259 4717 1406 4775 inveniaris
1427 4734 1482 4775 non
1504 4719 1588 4775 eitum
1615 4735 1721 4792 sapere,

36 4815 131 4875 eoelo
150 4810 294 4879 intumuit,
309 4825 362 4886 ego
381 4811 409 4866 in
422 4809 600 4883 sterquilinio.
615 4807 683 4879 Quis
696 4823 750 4867 non
764 4807 867 4866 tolera·
921 4807 1081 4864 sedtimere.
1094 4808 1720 4882 Beatusiemeguisemperestpovidosll‘rev.

34 4905 194 4962 biliorem
208 4901 235 4956 in
250 4889 331 4956 divite
354 4899 520 4972 superbiam,
535 4913 617 4972 quarn
631 4898 660 4955 iu
680 4912 799 4970 paupere
813 4898 866 4954 du·
920 4895 1569 4974 xxv111,tt).Tineergoeumerriscriagraua,
1584 4898 1648 4955 time
1660 4914 1722 4956 cum

34 4993 122 5053 cst?
143 4991 198 5045 Vae
212 4988 297 5048 mili!
318 4988 408 5045 sitam
426 4986 495 5044 dure
516 4987 545 5044 in
560 4995 669 5060 potente
683 4987 731 5046 illo
745 4987 867 5044 animad-
920 4983 1027 5052 abierit,
1043 4985 1108 5042 dms
1121 5001 1184 5042 cum
1198 4985 1288 5042 denuo
1301 4993 1451 5042 revertetur
1463 5001 1471 5054 ;
1486 4995 1514 5042 et
1527 4987 1580 5043 hoc
1590 4993 1633 5042 est
1648 5001 1721 5044 sem·

32 5093 177 5141 versum
192 5085 234 5133 est
255 5092 307 5150 pro
321 5092 357 5135 ec
370 5077 445 5148 quod
458 5075 589 5133 elevatum
604 5084 646 5132 est
657 5091 705 5132 eor
717 5074 800 5144 illius,
815 5089 866 5133 nec
920 5087 969 5144 per
983 5066 1109 5145 pnridum
1123 5089 1195 5129 esse.
1211 5073 1364 5130 Succedunt
1377 5071 1495 5130 vicissim
1508 5072 1561 5129 sibi
1580 5073 1606 5129 in
1631 5074 1721 5130 animo

32 5173 67 5230 ei
95 5165 222 5244 proluit
247 5166 318 5240 quod
341 5176 452 5242 cognatu
478 5165 631 5238 potentibus
659 5163 787 5238 superbis
804 5179 865 5221 csse
921 5169 977 5216 tres
991 5161 1034 5218 isti
1049 5162 1170 5230 timores,
1196 5165 1347 5221 seeundum
1367 5162 1439 5236 quod
1462 5162 1549 5236 gratia
1568 5163 1611 5220 nel
1626 5163 1721 5220 adesse

30 5253 246 5334 cognoscitur
257 5269 265 5324 ς
277 5253 345 5328 'quid
365 5255 399 5311 de
421 5271 465 5312 me
483 5252 646 5326 exigendum
670 5261 698 5309 ιι
713 5253 822 5320 misero,
838 5262 866 5309 et
920 5248 1103 5322 dignatur,nsl
1117 5250 1221 5308 eliense
1236 5251 1373 5320 recedere,
1389 5266 1437 5307 seu
1451 5251 1548 5308 iterum
1563 5250 1653 5307 redire
1666 5251 1723 5322 pla·

29 5344 210 5421 super-boi
229 5343 353 5415 Denique
364 5344 421 5414 jem
442 5344 487 5400 luo
502 5358 607 5416 poenas,
620 5342 678 5413 jam
692 5340 867 5398 acerbissime
921 5345 978 5396 outa
991 5338 1130 5395 sentietur.
1141 5339 1209 5396 Cum
1219 5341 1306 5409 adest,
1318 5340 1382 5396 time
1396 5355 1430 5395 ne
1440 5339 1586 5414 condigne
1601 5337 1722 5409 opereris

27 5435 177 5510 vopulo.
193 5432 254 5488 Nou
269 5431 326 5488 sine
339 5447 423 5489 esusa
436 5449 502 5490 sune
516 5433 550 5488 ab
560 5429 618 5488 heri
631 5438 658 5488 ιι
671 5430 867 5487 nudiustertius
920 5443 952 5484 ex
967 5443 999 5484 eu
1013 5443 1020 5482 :
1037 5428 1164 5484 namhoc
1177 5436 1273 5485 monet
1285 5427 1432 5502 Aposlolus
1449 5447 1455 5487 :
1478 5429 1579 5500 Videte,
1590 5426 1722 5502 inquiens.

27 5523 160 5585 invasit
187 5536 230 5576 me
248 5519 361 5592 languor
383 5519 435 5576 iste
458 5521 551 5590 animi,
565 5532 591 5577 ιι
605 5519 703 5577 ιιιιιιιίι
722 5519 865 5590 hebetudo,
921 5531 958 5574 ate
971 5516 1003 5571 io
1013 5531 1136 5574 ocrocm
1149 5522 1275 5590 gruttam
1288 5518 1339 5575 Dei
1347 5517 1494 5591 recipietis
1505 5517 1544 5586 (ll
1552 5516 1615 5573 der.
1626 5530 1666 5581 vr,
1678 5513 1721 5587 t);

25 5613 173 5676 insolita
197 5608 322 5682 quedem
346 5607 444 5666 inertia
467 5608 587 5680 spiritus.
603 5609 750 5665 currebam
772 5608 866 5665 bene:
921 5612 950 5662 et
973 5604 1007 5660 ad
1029 5603 1214 5678 discipulum:
1239 5608 1312 5674 Noti,
1329 5605 1423 5681 inquit,
1438 5606 1579 5680 negligere
1598 5605 1722 5680 gretiam

26 5705 93 5764 sed
113 5711 198 5758 ecoe
212 5697 281 5769 lapis
303 5695 463 5754 ollcnsionis
476 5695 504 5752 in
525 5697 582 5768 rie;
598 5695 709 5770 impegi,
724 5704 752 5752 ιι
763 5695 864 5756 ωπιιί.
922 5707 989 5766 prees
1007 5693 1040 5749 ire
1054 5693 1178 5769 tecet(l
1191 5697 1308 5766 limis,
1325 5698 1386 5770 tt);
1406 5696 1637 5769 etdesemetipso
1651 5694 1724 5752 dice·
1822 5778 1838 5799 .
