3950 6350
86 467 143 520 253
611 463 649 521 nt
666 462 837 523 eonsules
856 461 1052 522 subdendis
1066 465 1185 524 SERMO
1203 465 1225 522 l.
1686 465 1754 520 Μ

84 583 187 655 plenos
214 583 393 661 intelligimus
422 585 579 659 gratiarum.
608 584 741 642 ldmirum
767 587 795 643 in
821 587 891 644 hunc
907 607 931 684 Α
948 603 1001 662 quo
1015 587 1122 644 enimus
1144 588 1188 646 vel
1209 581 1348 658 inquietus
1366 588 1493 660 assurgit.
1520 587 1587 646 Inde
1611 585 1739 659 estquod

82 674 297 744 plenitudinem,
320 675 391 732 uelut
405 675 440 730 de
458 673 501 728 die
520 673 548 728 in
571 673 694 730 diemde
720 675 841 732 claritate
863 676 891 731 in
947 691 1019 733 nunc
1033 691 1153 750 quoque,
1169 682 1199 732 ut
1212 689 1294 747 supra
1302 673 1424 740 memini,
1440 675 1645 732 sanctimoniam
1658 672 1738 731 simul

84 760 251 832 claritatem,
266 779 321 818 non
340 763 482 836 quideme
497 775 556 828 sno,
571 763 620 818 sed
644 777 660 818 a
673 763 780 819 Domini
794 763 893 836 spiritu
946 773 974 822 ει
996 781 1092 837 pacem
1110 765 1209 822 secturi
1234 761 1414 835 precipimur,
1436 762 1508 833 quod
1523 763 1582 819 sine
1597 765 1640 820 bis
1658 777 1739 820 nemo

85 850 324 907 transsumuntur.
352 851 380 906 Si
401 865 469 922 ergo
494 849 554 906 dics
569 849 658 922 gretia
680 851 797 918 dieitur;
814 852 846 920 si,
862 861 891 908 ut
946 853 1134 911 videatbenm
1148 853 1241 926 (liebr-
1270 867 1316 917 ιιι,
1339 851 1395 922 ιι).
1409 849 1475 906 Cum
1499 865 1566 921 ergo
1593 851 1740 923 repleverit

83 954 171 1010 supra
185 940 364 1002 meminimus,
383 944 410 994 et
429 939 488 994 dies
507 937 633 1006 hominis,
650 939 761 996 claritas
780 956 841 1014 quae
857 939 891 995 ab
946 941 973 995 in
994 941 1073 998 bonis
1086 941 1266 998 desiderium
1289 945 1374 1006 tunm,
1390 945 1420 994 ut
1443 953 1497 995 non
1524 936 1595 993 uliud
1619 939 1653 993 sit
1667 938 1740 1010 quod

85 1027 200 1084 homine
214 1034 266 1094 eet,
283 1033 310 1084 et
323 1025 394 1083 mule
409 1027 501 1083 nitens
514 1027 612 1101 glorie,
630 1043 712 1098 quem
727 1028 762 1082 ub
775 1027 890 1085 invicem
946 1029 1078 1102 requiras,
1100 1037 1227 1086 serenato
1246 1027 1354 1100 penitus
1377 1041 1409 1082 ex
1424 1026 1483 1097 ipsa
1496 1025 1663 1097 plenitudine
1679 1025 1739 1081 ani-

83 1116 251 1189 querimus:
272 1117 410 1188 quomodo
425 1131 480 1172 non
505 1117 593 1188 magis
615 1131 697 1174 verus
711 1115 779 1185 dies,
794 1115 850 1172 imo
864 1124 891 1172 ει
945 1135 999 1185 mo,
1019 1119 1112 1176 videre
1126 1119 1182 1190 jam
1197 1117 1299 1188 poteris
1314 1115 1487 1172 serenitatem
1501 1113 1583 1181 ιἹιειιι,
1596 1111 1669 1169 illam
1683 1113 1740 1185 ple·

81 1204 185 1278 plenus
206 1203 345 1270 meridies,
371 1219 445 1260 verse
464 1203 559 1277 glorie
578 1203 742 1277 plenitudo?
763 1203 842 1272 Quod
869 1203 891 1260 si
945 1205 1091 1262 nitudinem
1101 1206 1261 1278 majestatis,
1277 1203 1370 1261 similis
1388 1201 1552 1276 lienteriae,
1564 1201 1741 1274 quodvidess

80 1291 148 1348 dies
172 1293 303 1364 plurimos
326 1291 474 1350 divisiones
495 1293 610 1349 dicimus
632 1293 798 1365 gratiarum
820 1309 890 1365 quo·
945 1309 1007 1350 eum
1021 1295 1099 1351 sicuti
1118 1298 1176 1351 est:
1202 1304 1248 1351 aut
1269 1293 1339 1351 forte
1355 1291 1419 1367 quia
1442 1289 1540 1366 lolius,
1559 1289 1625 1364 jem]
1645 1288 1741 1362 plenus

80 1381 172 1436 modo
188 1397 242 1437 non
266 1381 293 1436 in
321 1379 464 1452 multiplici
482 1379 569 1452 glorie
596 1380 704 1437 dierum
730 1381 891 1452 intelligitur
944 1381 1117 1456 omnigloria
1132 1383 1159 1438 in
1183 1383 1340 1452 semetipso,
1363 1381 1445 1438 etiem
1459 1379 1526 1436 loris
1549 1379 1740 1444 salvationem,

83 1468 233 1524 multitudo
246 1470 261 1521 i
274 1470 414 1524 Postremo
429 1466 584 1525 evidentius
597 1468 661 1525 audi
676 1468 796 1524 sineulla
811 1467 892 1526 vicis·
944 1487 1025 1544 quam
1039 1475 1168 1542 operatus
1187 1476 1230 1526 est
1244 1472 1327 1538 Deus,
1347 1477 1375 1525 ει
1397 1468 1509 1541 plenem
1525 1469 1668 1539 maiestate
1682 1465 1743 1539 ejus

86 1555 207 1611 situdine
222 1553 281 1610 dies
294 1554 403 1610 multos.
420 1557 480 1611 Erit
496 1557 548 1614 loe
563 1557 639 1614 lonae
652 1559 729 1613 sicam
745 1559 799 1614 luce
812 1559 888 1628 solie,
944 1574 1052 1615 omnem
1077 1567 1178 1614 terram
1201 1559 1319 1632 undique
1344 1556 1543 1630 circumspiciet
1566 1553 1741 1613 deliciosissi-

86 1644 125 1698 ait
140 1643 285 1713 propbeta,
300 1647 330 1699 et
345 1643 396 1700 lue
419 1644 487 1701 solis
500 1644 724 1722 septempliciter
745 1647 822 1702 ειεει
838 1647 891 1701 tue
946 1646 981 1702 mi
995 1646 1088 1703 saeculi
1107 1645 1252 1704 habitator.
1276 1647 1319 1703 Ad
1334 1647 1386 1702 boc
1406 1659 1514 1720 qnoque
1537 1644 1634 1702 relerri
1661 1659 1741 1716 posse

86 1738 193 1804 septem
203 1732 313 1789 dierum
324 1732 403 1804 (lsai.
416 1743 486 1798 nux,
498 1729 554 1804 26).
565 1731 671 1798 Istis,iri
686 1726 888 1801 lellor,'cnnetis
943 1735 1079 1792 uidebitur
1096 1735 1169 1807 quod
1187 1733 1303 1806 adjecit:
1330 1737 1366 1792 st
1388 1732 1534 1792 ostermare
1548 1733 1594 1790 illi
1607 1735 1738 1790 solutore

86 1820 185 1875 diebus
199 1817 262 1874 vitae
275 1834 330 1874 ause
344 1818 464 1892 psalmos
476 1835 540 1876 suos
554 1826 665 1876 eantare
689 1819 717 1875 in
732 1821 814 1876 domo
828 1821 887 1877 Do·
942 1840 1049 1882 meum.

87 1907 154 1962 mini
169 1921 216 1963 rex
228 1905 317 1964 fidelis
330 1909 451 1979 optabat.
466 1908 525 1964 Erit
540 1908 612 1965 enim
628 1907 741 1966 devotos
754 1923 816 1965 esse
830 1910 888 1965 Deo
905 1904 928 1982 Β
977 1913 1005 1968 ’1.
1021 1911 1150 1984 Alioquin
1173 1909 1348 1982 accipiamus,
1373 1909 1395 1965 si
1415 1909 1503 1982 magis
1529 1909 1630 1982 placet,
1659 1907 1741 1966 etiem

85 1995 121 2050 ad
135 1994 244 2071 singula
258 2003 340 2052 tentae
355 2005 383 2052 et
399 2003 453 2052 tam
471 1995 628 2068 multiplieis
650 1995 744 2070 glories
763 2011 886 2066 munere,
943 2004 994 2058 hoc
1017 2000 1108 2066 mode,
1134 2006 1169 2057 ut·
1187 1999 1262 2070 ipsos
1285 2011 1354 2072 quoa
1378 1997 1540 2069 promiserat
1562 1997 1621 2052 dies
1640 1996 1675 2052 «in
1691 1997 1742 2052 huc

86 2092 113 2141 et
128 2083 159 2140 in
173 2083 299 2140 omnibus
320 2097 431 2157 semper
455 2083 558 2157 gratias
572 2099 668 2157 agere,
692 2084 770 2157 quasi
784 2085 889 2143 eunctis
942 2089 1099 2146 ostensione
1127 2089 1253 2146 salutaris
1285 2095 1413 2159 exponat.
1430 2085 1624 2159 Lonpitudine,
1641 2085 1740 2160 inquit,

85 2174 185 2230 diebus
198 2172 317 2246 psalmos
331 2171 424 2230 dicere
439 2172 543 2229 nomini
559 2173 630 2245 eius.
943 2180 1054 2237 dierum
1071 2177 1155 2237 8⁷8
1172 2177 1281 2253 replete
1295 2193 1370 2235 eum.
1391 2177 1427 2232 Et
1446 2185 1576 2247 tanquam
1591 2187 1742 2246 quereres,

121 2266 148 2328 6,
165 2261 351 2334 mamercino
369 2262 483 2321 dierum
495 2261 606 2335 replebo
623 2277 698 2318 eom.
715 2261 754 2316 dc
767 2259 888 2317 simani·
943 2269 1017 2324 unde
1032 2267 1083 2324 erit
1097 2267 1157 2323 dies
1172 2268 1201 2322 in
1215 2266 1336 2332 civitate,
1347 2264 1381 2320 de
1397 2277 1450 2336 que
1464 2263 1589 2336 legimus,
1609 2262 1742 2336 quianon

87 2350 182 2408 festius
195 2350 285 2408 dicat:
310 2350 372 2406 Scio
394 2349 458 2422 qnid
482 2349 634 2417 desideret,
649 2349 708 2407 seio
724 2349 789 2421 quid
804 2349 888 2416 sitiat,
943 2354 1043 2410 lucebit
1057 2355 1095 2410 ibi
1116 2355 1156 2412 sol
1179 2371 1229 2427 per
1248 2354 1330 2420 diem,
1355 2353 1496 2410 nonenim
1520 2367 1576 2408 non
1589 2351 1641 2407 erit
1654 2349 1683 2406 in
1697 2365 1740 2407 ea.

89 2441 152 2512 quid
167 2437 255 2510 sapiat
278 2437 314 2496 ei.
341 2439 404 2495 Non
419 2438 446 2494 ei
468 2453 564 2494 annam
577 2438 621 2496 vel
644 2444 789 2510 argentum
809 2437 888 2510 sapit,
946 2443 1160 2508 ostendamini,
1175 2443 1222 2507 ait,
1236 2443 1365 2500 salutare
1379 2453 1492 2498 mum:
1505 2449 1547 2507 ut,
1568 2438 1743 2511 quemadmo-

89 2545 144 2587 non
162 2529 298 2600 uoluptas,
328 2541 383 2584 non
409 2527 562 2593 curiositas,
591 2541 646 2582 non
661 2525 778 2601 dignitus
800 2525 890 2599 aliqua
944 2532 1050 2586 dumet
1074 2532 1104 2586 in
1130 2531 1175 2586 illa
1195 2529 1335 2602 Seriptnru
1356 2527 1464 2601 legitur,
1486 2529 1608 2584 Lucerna
1630 2527 1691 2596 ejus
1708 2525 1743 2582 sit

90 2615 237 2674 secularis.
254 2614 353 2673 Omnia
366 2615 559 2672 detrimentum
586 2614 660 2684 lacit,
684 2615 775 2671 omnia
792 2629 889 2686 asper·
943 2617 1741 2693 egnusmpoemur,se>.0steadumittisatetaremeum.

91 2713 171 2762 natur
185 2712 214 2761 et
238 2705 384 2760 arbitratur
406 2711 436 2760 ut
456 2710 587 2760 stercora.
616 2703 769 2760 Exinanivit
782 2703 890 2776 penitus
943 2710 1002 2764 Non
1015 2709 1072 2778 jam
1087 2707 1114 2762 in
1128 2707 1183 2763 lide
1198 2705 1330 2773 erudiam,
1347 2720 1400 2761 non
1421 2707 1477 2776 jam
1492 2704 1627 2761 exercebo
1640 2703 1667 2759 in
1682 2719 1742 2774 spe,

91 2793 281 2864 semetipsum,
298 2807 349 2849 nec
363 2808 396 2848 se
410 2807 443 2847 ex
458 2791 500 2846 bis
520 2792 622 2862 patitur
640 2791 777 2863 occupari,
791 2793 890 2866 quibus
943 2796 1038 2852 sedin
1062 2795 1154 2867 specie
1177 2795 1343 2867 adimplebo.
1370 2793 1521 2852 Ostendam
1544 2793 1591 2850 illi
1614 2793 1742 2849 salutare

91 2882 164 2938 novit
184 2896 216 2937 se
237 2897 294 2935 non
311 2895 393 2952 posse
413 2879 523 2952 repleri.
546 2879 607 2935 Non
629 2879 741 2952 ignorat
762 2881 796 2938 ed
812 2883 891 2953 cujus
942 2899 1050 2952 mum,
1077 2883 1217 2940 ostendam
1241 2882 1279 2938 illi
1292 2883 1385 2939 lesum
1406 2897 1508 2950 meum,
1523 2880 1595 2936 utin
1610 2887 1742 2936 aeternum

48 3033 54 3046 ,
91 2969 237 3045 imaginem
251 2969 378 3026 conditus
393 2968 438 3035 sit,
454 2968 533 3038 cnjus
542 2967 736 3041 magnitudinis
746 2967 781 3024 sit
790 2983 887 3042 capam
941 2974 998 3043 jum
1015 2971 1107 3030 videat
1129 2971 1157 3027 in
1179 2985 1261 3044 quem
1288 2969 1414 3038 credidit,
1443 2985 1525 3042 quem
1540 2967 1643 3036 dilexit,
1660 2984 1741 3041 quem

90 3074 140 3114 nee
154 3057 271 3114 sustinet
285 3057 321 3115 de
335 3057 442 3113 modice
459 3064 643 3122 crescerent
660 3057 695 3112 de
709 3057 826 3114 maximo
841 3058 890 3113 mi-
943 3075 1053 3132 semper
1080 3059 1193 3132 optavit.
1223 3059 1345 3117 Ostende
1369 3058 1457 3124 nobis,
1482 3058 1606 3124 Domine,
1633 3055 1742 3112 miseri-

91 3144 890 3218 nnetur.ltaquelonpttudiocds‘eromrcpteboeurumdem
943 3149 1063 3206 cordium
1088 3154 1222 3216 tuamet
1250 3148 1368 3204 salutare
1392 3152 1468 3203 tuum
1496 3147 1531 3202 du
1553 3145 1632 3203 nobis
1653 3146 1742 3218 (Psoi.

92 3233 143 3290 nisi
155 3235 199 3292 lux
216 3248 280 3291 uere
294 3233 419 3300 reficere,
438 3233 489 3290 nisi
511 3239 615 3288 εειειιιε
633 3232 747 3304 implere
761 3247 817 3291 non
836 3249 888 3306 po·
906 3213 928 3292 ὓ
943 3253 1063 3306 dxxxiv,
1079 3237 1117 3308 ιι).
1134 3236 1256 3295 Ostende
1276 3236 1365 3302 nobis,
1380 3235 1506 3301 Domine,
1521 3235 1639 3291 salutare
1653 3240 1742 3300 tuum,

94 3331 156 3380 test:
173 3321 307 3395 siquidem
322 3337 374 3378 nec
393 3321 584 3394 longiturnitas
602 3319 649 3377 ille
666 3321 823 3387 terminum,
840 3338 891 3379 nec
944 3331 972 3382 ει
985 3325 1085 3383 sullicit
1099 3324 1187 3383 nobis.
1213 3325 1265 3396 Qui
1284 3325 1357 3381 enim
1379 3322 1452 3380 videt
1475 3323 1552 3391 illud,
1567 3323 1641 3379 uidet
1655 3329 1683 3379 et
1697 3330 1741 3379 te:

93 3411 200 3469 claritas
226 3411 271 3465 ilia
298 3425 434 3480 occasum,
467 3425 519 3466 nec
547 3409 658 3466 satietas
685 3409 729 3464 illu
753 3409 891 3467 lastidium
945 3413 1008 3487 quia
1020 3415 1107 3484 ipsum
1118 3415 1145 3469 in
1155 3422 1192 3481 te,
1210 3419 1238 3471 et
1253 3422 1280 3468 tu
1301 3413 1330 3469 in
1345 3412 1418 3484 ipso.
1434 3411 1499 3469 iisse
1512 3419 1554 3468 est
1567 3418 1661 3468 autem
1689 3409 1745 3466 sita

94 3500 182 3554 babet.
197 3499 257 3553 Erit
270 3497 343 3554 enim
358 3497 489 3554 securitas
503 3497 538 3554 de
548 3498 846 3570 eternitatmgloriatio
856 3499 891 3554 de
945 3511 1058 3570 eterna,
1074 3508 1105 3558 ut
1117 3517 1316 3574 cognoscamus
1340 3509 1367 3557 te
1388 3515 1483 3558 verum
1498 3500 1595 3570 Deum,
1609 3507 1638 3555 et
1662 3513 1745 3572 quem

96 3587 218 3652 ueritate,
241 3584 386 3642 exsultatio
410 3585 445 3641 de
461 3585 596 3642 satietate.
625 3589 660 3642 Et
682 3588 830 3644 ostendum
847 3588 893 3644 illi
946 3589 1043 3646 misisti
1055 3590 1148 3647 lesum
1167 3592 1303 3648 Christum
1316 3589 1412 3661 (loun.
1428 3603 1499 3662 xvir,
1515 3589 1554 3661 3).
1571 3589 1665 3660 ltaque
1680 3593 1745 3642 tunc

96 3676 221 3732 solutore
234 3689 342 3732 meam.
358 3671 493 3730 Nimirum
513 3679 614 3730 extunc
626 3672 720 3730 videre
743 3675 893 3732 merebitur
946 3677 1067 3735 dimittes
1095 3695 1204 3736 serrum
1233 3686 1320 3744 mum,
1350 3677 1479 3744 Domine,
1508 3675 1657 3734 secundnm
1685 3687 1746 3730 ver·

97 3765 166 3834 quod
184 3762 297 3834 optavit,
313 3776 377 3817 cnm
390 3761 442 3817 sibi
462 3762 521 3818 Rex
541 3761 635 3835 glorie
656 3761 802 3832 gloriosam
817 3763 893 3819 eubi-
946 3767 1011 3822 hum
1044 3775 1118 3824 tuum
1141 3767 1170 3823 in
1194 3781 1271 3838 pace,
1297 3781 1359 3822 curn
1382 3765 1499 3822 viderint
1526 3764 1598 3822 oculi
1622 3763 1675 3820 mei
1699 3777 1745 3818 ss-

98 3849 343 3918 hebitlieclesiam,
358 3863 415 3906 non
429 3850 577 3906 habentem
595 3851 729 3908 maculam
747 3852 783 3909 ob
797 3851 892 3924 splen·
946 3856 1033 3911 lutere
1073 3865 1157 3919 tuum,
1186 3857 1278 3910 lesum
1315 3862 1399 3921 tuurn,
1433 3855 1574 3909 bominum
1609 3859 1744 3908 nostrum.

99 3940 189 3995 dorem
202 3938 264 4004 diei,
278 3938 326 3994 sed
341 3953 432 4012 neque
446 3951 542 4012 rugam
555 3938 591 3996 ob
605 3940 788 3997 omnimodam
803 3940 892 4014 pleni-
948 3945 992 4016 qui
1012 3951 1054 3999 est
1077 3959 1159 4016 super
1182 3942 1274 4000 omnis
1294 3945 1367 3998 Deus
1395 3941 1554 3998 benedictus
1577 3941 1605 3994 in
1634 3938 1743 3996 εεεειιιε.

99 4026 215 4082 tudinem
239 4026 291 4084 ani.
307 4025 436 4101 Alioquin
462 4029 497 4084 ad
523 4027 596 4086 illins
609 4027 743 4102 fulgorem
772 4029 889 4101 luminis,
947 4035 1044 4090 Amen.

101 4114 166 4171 sicut
179 4131 231 4173 non
244 4115 377 4189 impurus,
402 4115 443 4210 sic
461 4132 513 4176 nec
528 4118 652 4175 turbatus
666 4117 778 4192 quidem
791 4118 820 4174 in
840 4119 892 4176 ali·

653 4373 689 4431 lN
721 4373 896 4435 Domitios
927 4375 1132 4434 sessanum.

412 4549 571 4608 stennon
908 4549 1110 4652 npraedlxeret
1132 4566 1184 4622 per
1205 4533 1377 4623 prophetam,
1407 4549 1540 4622 Quoniam
1560 4552 1653 4608 omnis
1680 4565 1747 4607 curo

172 4641 207 4696 Oc
218 4641 304 4698 tribus
319 4640 464 4699 ordinibus
478 4639 692 4714 obsequentium
709 4640 829 4697 Christo.
946 4643 1057 4711 senem,
1070 4641 1373 4712 consessoresque,
1385 4639 1655 4711 tasooomttosseai
1666 4637 1744 4708 (lsai.

140 4727 406 4784 alderspacense
424 4727 550 4800 spiritum
572 4727 672 4798 Sponsi
690 4727 793 4799 pariter
804 4727 892 4784 etDei
948 4744 993 4793 ux,
1008 4729 1047 4799 b),
1068 4727 1149 4782 etium
1172 4741 1309 4799 apparens
1324 4727 1448 4783 incarne
1473 4725 1618 4782 manifeste
1642 4725 1747 4782 studuit

108 4813 147 4869 sui
159 4814 257 4872 habens
267 4815 399 4882 Ecdesia,
421 4817 624 4888 processionem
642 4815 723 4873 bodie
738 4831 807 4874 nova
820 4831 892 4888 qua·
948 4816 1065 4887 probare
1078 4814 1107 4872 in
1121 4831 1151 4872 se
1165 4815 1236 4887 ipso.
1260 4813 1338 4874 Unde
1353 4821 1381 4870 ει
1398 4811 1584 4888 processionis
1595 4813 1682 4881 glorie
1696 4829 1747 4872 vo·

109 4902 169 4958 dnm
190 4909 217 4960 ει
237 4903 301 4959 mira
324 4905 516 4974 conjunctione
540 4904 645 4961 addidit
667 4904 796 4974 passioni.
825 4907 893 4960 Nam
947 4905 996 4961 luit
1013 4902 1162 4973 sublimari,
1179 4903 1224 4977 qni
1239 4904 1320 4976 penio
1331 4910 1395 4977 post
1410 4903 1461 4960 sibi
1477 4909 1591 4960 noverat
1602 4901 1745 4960 imminere

110 4989 239 5062 processio
251 4991 371 5064 plausum
383 4993 475 5059 hahet,
492 4994 582 5064 passio
595 4994 742 5065 planetum.
759 4993 893 5063 Quoniam
947 4992 1020 5050 diem
1031 4992 1294 5066 ignominiosissimae
1303 4992 1448 5066 passionis.
1473 4991 1538 5062 Quis
1552 5007 1620 5066 ergo
1634 5007 1746 5063 sperare

113 5095 174 5150 ergo
187 5079 347 5152 sapientibus
365 5088 394 5136 et
417 5080 608 5153 insipientibus
625 5081 766 5137 debitores
788 5097 890 5145 sumus,
946 5083 1003 5152 jam
1016 5082 1118 5139 debeat
1130 5081 1273 5139 iniucerto
1288 5081 1382 5154 glorie
1398 5082 1564 5154 temporalis,
1580 5095 1642 5137 eum
1656 5080 1748 5136 videat

112 5167 242 5224 videamus
258 5169 321 5241 qnid
334 5169 456 5243 utrisque
471 5167 593 5226 conteret
606 5171 665 5226 haec
678 5169 844 5240 conjunctio.
863 5170 894 5224 Et
947 5171 974 5226 in
1002 5172 1061 5243 ipso
1087 5185 1196 5244 quoqm
1219 5171 1265 5244 qui
1279 5178 1421 5242 peccatum
1451 5186 1506 5228 non
1532 5168 1608 5240 lecit,
1622 5174 1746 5226 creatore

113 5253 183 5325 prius
202 5256 304 5328 quidem
331 5259 395 5331 qnid
420 5257 594 5314 secularibus
617 5258 740 5316 indicet:
765 5257 892 5330 quonium
948 5268 1100 5331 temporum
1116 5270 1143 5316 ει
1154 5259 1295 5316 conditore
1317 5259 1510 5324 universitatis,
1530 5264 1592 5330 post
1606 5256 1747 5313 exaltatio·
1837 5273 1849 5284 ·

116 5357 165 5398 non
177 5345 246 5414 prius
257 5347 325 5417 quod
341 5346 490 5419 spirituale,
503 5346 552 5401 sed
566 5347 638 5418 quod
654 5346 780 5402 animale.
793 5345 894 5402 Videat
948 5363 1010 5405 nem
1026 5354 1139 5414 tanum,
1154 5355 1257 5404 ιειιιειιι
1280 5345 1455 5404 nibilominus
1468 5345 1684 5403 humiliationem
1698 5361 1745 5402 se-

116 5444 177 5504 ergo
190 5433 314 5489 secularis
328 5435 428 5502 anime,
451 5436 542 5492 uideat
556 5443 584 5492 et
598 5435 743 5510 intelligat,
764 5435 893 5508 quoniam
948 5436 1017 5509 qui?
1041 5438 1072 5492 ln
1090 5437 1187 5492 eadem
1209 5437 1283 5493 enim
1305 5437 1457 5502 civitatee
1485 5434 1566 5506 plebe
1583 5433 1691 5498 eedem,
1719 5443 1746 5492 et
1775 5489 1777 5494 ,

117 5526 228 5573 extrema
241 5522 323 5594 gaudii
347 5513 434 5580 luctus
462 5532 586 5596 occupat.
616 5523 733 5594 Propter
754 5524 806 5580 boc
821 5524 893 5579 enim
948 5525 1045 5582 eodem
1060 5532 1193 5597 tempore,
1211 5541 1282 5582 nune
1297 5523 1409 5598 quidem
1424 5521 1606 5594 processionis
1619 5523 1705 5594 glorie
1719 5533 1748 5581 ει

118 5605 160 5676 qui
183 5616 272 5664 cetera
284 5627 388 5683 quoque
407 5613 490 5684 coepit
508 5612 600 5671 lacere
615 5620 642 5669 et
652 5615 761 5680 docere,
778 5628 832 5668 non
848 5628 892 5667 so·
948 5612 1046 5670 divinis
1069 5623 1111 5670 est
1134 5613 1259 5671 laudibus
1282 5615 1448 5681 bonomtus3
1472 5613 1648 5685 postmodum
1678 5629 1745 5669 vero

21 5745 22 5750 ,
118 5692 264 5751 lumverbis
281 5700 436 5769 predicans,
460 5707 549 5758 sedet
565 5702 711 5773 exemplis,
734 5703 807 5775 quod
829 5708 893 5758 ante
948 5702 1132 5776 iuterrogatus
1155 5701 1326 5762 contumeliis
1349 5710 1377 5759 et
1405 5707 1553 5769 tormento,
1568 5709 1596 5756 et
1611 5717 1670 5758 cum
1683 5715 1746 5756 sce-
