3996 6350
88 385 121 445 lt
648 381 689 440 uli
708 375 860 440 ADVBN'PU
877 373 1002 436 oculta
1018 375 1128 438 SNRNO
1145 379 1178 440 il.
1701 389 1738 456 42

86 509 197 574 interni,
231 509 287 566 sive
312 510 343 565 in
375 507 510 566 excelsum
530 523 622 580 supra.
653 505 811 563 Audivimus
833 517 880 559 re·
899 514 923 592 fl
940 503 1226 577 romsteutouispuoe
1239 509 1325 578 periit
1338 508 1426 579 (Paul.
1444 519 1736 593 summittaturque

86 598 261 668 sponsionem
299 599 367 671 ejus,
421 597 534 652 sormam
582 597 691 668 quidem
737 594 884 649 habentem
939 604 1027 662 genus
1048 593 1194 648 humanum
1212 595 1286 669 quod
1309 595 1520 672 benignissimus
1540 615 1635 677 pastor
1659 624 1735 680 quae.

7 713 10 722 ·
87 687 205 759 pietatis,
231 689 279 745 sed
301 704 356 745 non
383 688 519 745 virtutem.
551 689 665 759 Propter
692 677 744 742 hoc
768 681 886 753 deniqne
941 679 984 746 rit,
1006 679 1065 734 aliis
1079 697 1146 738 sane
1166 684 1314 755 nonaginta
1332 701 1433 743 novem
1447 690 1542 748 ovibus
1556 695 1584 751 in
1599 697 1736 756 montibus

7 833 13 842 ,
87 779 121 830 ah
137 792 171 832 eo
190 777 236 848 qui
257 777 376 833 intuetur
399 792 455 842 cor,
480 785 506 831 et
531 777 574 832 cui
602 775 747 832 confitetur
770 769 888 827 hominis
941 767 1103 824 dereclietia.
1120 770 1150 825 ln
1166 771 1309 846 hacigitur
1321 789 1372 830 ove
1385 776 1440 833 duo
1460 781 1591 850 reperies,
1611 795 1736 842 naturam

8 903 9 932 ,
87 864 217 935 cogitatio
231 865 329 920 meruit
353 865 504 936 reprobari.
526 867 585 922 Nou
609 869 714 938 petam,
737 860 834 932 inquit,
858 862 886 914 et
941 854 1058 924 dulcem,
1075 865 1198 916 naturam
1218 861 1327 932 bonam,
1344 869 1372 918 et
1385 865 1484 921 bonam
1498 868 1587 935 valdo,
1606 879 1736 945 tanquam

7 937 12 1020 j
86 969 145 1008 nou
163 954 275 1011 tentabo
285 948 819 1022 Dominum.Elatuserathchaziastigio
828 945 887 1003 solii
941 945 1088 1018 butyrum:
1107 953 1135 1002 et
1149 949 1254 1018 peccati
1268 951 1481 1023 corruptionem,
1493 962 1523 1012 ut
1533 973 1652 1014 caseum.
1667 962 1736 1018 Pide

7 1087 10 1122 f
87 1041 199 1112 regalis,
215 1049 319 1098 astutus
338 1043 463 1098 humanae
472 1041 613 1114 sapientiae
638 1039 740 1100 verbis.
756 1037 888 1094 Audierat
940 1048 1010 1104 ergo
1029 1035 1227 1107 quamoptime
1247 1054 1315 1110 puer
1334 1048 1425 1098 noster
1440 1043 1534 1117 elegit,
1550 1046 1595 1118 qni
1611 1055 1735 1106 ustursm

7 1175 9 1210 ,
88 1128 169 1200 igitur
183 1129 295 1186 isaiasa
316 1131 444 1188 Domino:
470 1131 554 1204 Vade,
577 1130 622 1188 dic
642 1129 716 1200 vulpi
743 1127 790 1197 illi,
814 1133 888 1198 petat
942 1130 1063 1178 nostram
1072 1123 1131 1182 sine
1146 1126 1200 1181 ulla
1215 1128 1319 1198 peccati
1333 1132 1508 1202 corruptione
1528 1137 1738 1209 suscepitNam

7 1265 8 1284 ,
87 1214 140 1270 sibi
154 1217 296 1290 signuma
318 1220 434 1276 Domino
457 1220 485 1275 in
507 1218 683 1290 protundum.
705 1217 792 1271 Habet
812 1213 882 1270 enim
940 1210 975 1268 de
990 1213 1177 1282 peecatoribus
1191 1213 1269 1285 legis,
1287 1218 1472 1289 coagulatum
1481 1225 1611 1280 estsicut
1635 1227 1678 1282 lac
1692 1241 1739 1284 car

7 1293 8 1302 ¹
86 1305 183 1376 vulpes
197 1305 315 1374 foveam,
331 1309 415 1365 sedin
425 1309 561 1365 infernum
576 1324 684 1381 quoque
699 1306 721 1362 si
735 1303 887 1362 descende·
940 1315 1038 1356 eoruru
1054 1300 1132 1369 (ibid.
1150 1302 1211 1372 lb);
1229 1303 1256 1357 in
1276 1303 1373 1374 quibus
1394 1307 1488 1381 utique
1501 1310 1578 1366 lactis
1593 1311 1739 1384 puritatem

7 1381 8 1390 ¹
87 1394 131 1462 rit,
147 1395 223 1452 adest
239 1396 285 1468 qui
300 1400 517 1469 comprehendat
528 1398 668 1469 sapientes
682 1395 811 1452 inastutia
826 1407 885 1447 sua.
941 1399 1101 1459 corruperat
1129 1391 1292 1449 iorruentum
1322 1397 1441 1464 malitiae,
1469 1401 1612 1473 coagulum
1633 1403 1737 1479 iniqui.

7 1535 8 1540 ,
90 1483 175 1541 ltem:
198 1485 284 1551 Vade,
306 1485 344 1541 ait
359 1487 500 1554 Dominus,
511 1487 554 1543 dic
568 1485 672 1546 volucri
685 1485 739 1550 isti,
748 1489 824 1554 petat
833 1480 887 1537 sibi
941 1480 1013 1535 tatis.

87 1569 199 1644 signum
214 1571 242 1626 in
258 1573 395 1630 excelsum
411 1589 503 1645 supra.
519 1575 606 1630 Habet
621 1573 694 1632 enim
707 1569 825 1629 volucris
843 1569 887 1624 ni·
978 1569 1003 1618 3.
1028 1565 1072 1620 Sic
1091 1574 1118 1622 ct
1146 1569 1204 1638 apis
1231 1570 1314 1627 habet
1335 1572 1422 1629 mellis
1446 1573 1631 1643 dulcedinem,
1657 1579 1739 1636 habet

87 1657 171 1726 dum,
188 1659 237 1714 sed
252 1668 280 1718 et
295 1664 316 1717 si
340 1661 369 1716 in
392 1663 490 1720 coelum
508 1661 672 1728 ascenderit,
693 1661 746 1716 illie
766 1666 818 1726 est,
841 1656 887 1728 qui
942 1652 1024 1709 eliam
1044 1655 1131 1711 acrrlei
1146 1660 1331 1728 punctionem.
1342 1661 1410 1732 apis
1425 1679 1490 1721 vero
1505 1674 1556 1732 est,
1575 1683 1637 1738 qua
1652 1669 1740 1740 pasci-

74 1749 216 1818 superbis
235 1749 376 1819 resistens,
399 1751 509 1824 propria
537 1751 623 1808 calcat
636 1751 734 1808 virtuto
748 1747 884 1820 superbo·
942 1750 984 1798 tur
998 1742 1071 1800 inter
1093 1743 1232 1816 liliaque
1247 1746 1400 1820 florigeram
1414 1751 1547 1809 inhabitat
1558 1756 1674 1827 patriam
1688 1772 1739 1816 aaut¹

87 1852 147 1892 rum
176 1846 204 1894 et
227 1837 382 1896 sublimium
410 1840 487 1898 colla.
518 1842 713 1897 Vemmtamen
737 1835 887 1894 dissimulat
902 1817 926 1896 Β
942 1831 1075 1906 gaiorum.
1093 1833 1172 1890 Unde
1187 1844 1215 1891 et
1228 1838 1263 1890 ad
1281 1836 1418 1896 civitatem
1437 1841 1581 1914 Nazareth,
1601 1845 1675 1918 quod
1701 1847 1740 1902 in·

87 1925 130 1982 ille
165 1928 308 1999 potestatis
345 1928 469 1996 excelse,
515 1945 564 1986 seu
605 1923 887 2001 incompreheusibilis
943 1929 1110 1992 terpretatur
1134 1923 1195 1993 llas,
1224 1925 1367 1993 advolavit,
1397 1935 1426 1984 et
1447 1930 1482 1984 ed
1509 1945 1593 1989 suave
1620 1931 1739 1990 olentem

89 2015 279 2088 profunditatis
302 2018 442 2090 sapientiae
462 2035 585 2092 quaerere
608 2019 740 2090 signum:
765 2024 792 2075 et
819 2027 887 2086 pro·
942 2016 1082 2080 perpetum
1105 2009 1266 2082 virginitatis
1287 2013 1381 2070 llorem
1405 2016 1540 2074 advenit:
1562 2017 1601 2076 illi
1627 2019 1737 2090 insedit,

89 2111 183 2177 pterea
203 2106 310 2182 signum
329 2107 457 2164 bonitatis
481 2116 509 2164 et
534 2107 673 2166 charitatis
691 2103 783 2162 domui
800 2101 887 2158 David
942 2097 980 2153 illi
995 2097 1119 2156 adhaesit.
1134 2099 1220 2169 Hujus
1230 2101 1289 2173 apis
1307 2103 1362 2160 mel
1375 2111 1403 2161 et
1418 2107 1541 2164 aculeum
1556 2109 1738 2188 aenignomt.

89 2194 148 2265 ipse
171 2195 301 2252 Dominus
335 2196 479 2268 promittit,
513 2205 542 2253 ut
575 2212 644 2268 quos
680 2210 731 2251 nee
754 2197 885 2264 potestas,
941 2186 988 2258 qai
1004 2187 1217 2244 misericordiam
1231 2189 1256 2246 ei
1271 2199 1299 2248 et
1312 2192 1442 2262 judicium
1456 2211 1518 2252 cum
1537 2197 1670 2272 Propheta
1688 2200 1739 2258 de·

90 2297 141 2339 uec
176 2283 310 2354 sapientia
350 2283 455 2351 terruit,
495 2284 594 2341 alliciat
631 2284 726 2340 saltem
758 2277 888 2337 exhibitio
941 2281 1034 2332 cantat
1052 2277 1141 2342 (Paul.
1157 2293 1184 2344 o,
1199 2281 1236 2346 l).
1250 2281 1377 2338 Attamen
1398 2283 1433 2338 ad
1448 2299 1498 2340 nos
1514 2285 1631 2344 veniens
1653 2288 1740 2346 solnm

91 2370 240 2428 charitatis.
268 2374 362 2429 Potest
378 2379 469 2430 tamen
483 2373 555 2429 ineo
569 2373 642 2445 quod
657 2372 704 2437 ait,
717 2371 750 2426 lu
766 2370 888 2441 proruu-
942 2364 996 2418 mel
1015 2363 1113 2430 attulit,
1137 2372 1165 2421 111
1184 2382 1238 2422 111111
1257 2369 1392 2436 aculeum,
1413 2369 1442 2426 id
1464 2378 1507 2428 est
1529 2374 1740 2434 misericordiam

90 2459 157 2515 dum
186 2461 307 2531 inserui,
329 2462 410 2518 etiam
437 2462 556 2517 charitas
587 2461 656 2534 ipsa,
680 2475 733 2532 qua
756 2459 887 2528 majorem
945 2452 1303 2523 etnonjudieiam31tuut
1319 2458 1497 2516 suadentibus
1515 2463 1739 2536 quandoquedi-

90 2562 170 2603 nemo
184 2550 288 2615 habuit‚
302 2559 332 2606 ut
345 2550 373 2605 in
387 2549 523 2606 internum
544 2565 653 2621 quoque
665 2546 889 2620 proemicismo·
943 2539 1066 2612 scipulis,
1080 2549 1110 2596 ut
1135 2541 1285 2609 civitatem,
1305 2559 1366 2616 qum
1394 2547 1533 2618 suscipere
1559 2565 1621 2606 eum
1644 2552 1740 2621 noluit,

91 2637 186 2694 riendo
214 2639 405 2706 descenderet,
434 2655 491 2695 non
517 2639 652 2695 immerito
675 2635 835 2712 designari:
859 2643 890 2692 ut
943 2630 1106 2701 praeciperet
1119 2631 1183 2700 igne
1198 2633 1332 2701 consumi,
1347 2637 1529 2707 responderit,
1542 2638 1636 2695 Filium
1651 2642 1741 2698 horni-

91 2724 264 2797 praeeipiatur
278 2729 368 2783 Achaz
381 2729 424 2785 vel
441 2729 469 2783 in
490 2728 626 2784 excelsum
642 2726 782 2797 regnantis
804 2739 889 2795 expa-
942 2719 984 2774 nis
997 2720 1175 2776 convenisse
1192 2721 1377 2793 utjudicarer,
1401 2725 1450 2781 sed
1473 2733 1502 2782 ut
1525 2727 1642 2784 salvaret
1667 2745 1745 2786 mun·

90 2829 202 2870 vescere
235 2816 408 2884 majestatem
440 2815 483 2870 vel
515 2812 706 2870 descendentis
729 2812 764 2866 ad
786 2809 890 2868 inieras
942 2805 1099 2878 dumlluo.
1115 2823 1157 2874 rx,
1179 2810 1290 2879 itt-ae).
1314 2811 1375 2868 Non
1398 2813 1515 2872 habebat
1538 2817 1660 2877 aculeum
1684 2821 1743 2894 apis

92 2901 215 2973 amplecti
226 2901 538 2958 eharitatamillolestus
552 2910 669 2973 estergo
679 2915 732 2956 non
744 2899 831 2956 solum
840 2899 889 2955 ho-
944 2901 1037 2951 nostra
1065 2896 1294 2968 :quodammodo
1322 2899 1485 2970 deposuerat
1514 2903 1599 2975 illum,
1633 2910 1742 2980 quando

90 2990 218 3056 minibus,
235 2989 379 3046 sedetiam
402 2988 470 3057 Deo,
493 2989 616 3063 quisquis
638 3005 690 3046 nec
718 2989 889 3059 majestatem
947 2989 1023 3040 tanta
1037 2984 1149 3056 indigua
1172 2988 1286 3058 patiens,
1303 2987 1516 3047 misericordiam
1542 2995 1700 3068 exhibebat,
1715 3006 1743 3054 et

92 3079 194 3154 cogitat
209 3079 236 3134 in
252 3079 359 3150 timore,
376 3095 427 3135 uec
443 3079 604 3135 charitatem
618 3095 679 3135 oum
695 3093 789 3134 amore
805 3075 889 3135 ἴω
948 3089 1002 3129 non
1015 3073 1155 3144 iudicium.
1170 3075 1225 3132 Sed
1249 3075 1333 3133 nolite
1347 3091 1459 3150 sperare
1482 3079 1510 3135 in
1525 3080 1677 3154 iniquitate,
1695 3099 1744 3142 uo-

93 3167 248 3224 meditatur.
272 3169 390 3242 Propter
405 3167 463 3236 boc,
477 3167 576 3240 inquit,
588 3167 666 3226 dubit
683 3169 818 3225 Βοιιιὶιιιιε
831 3169 891 3242 ipae
945 3161 993 3219 lite
1007 3177 1121 3236 peccare
1135 3163 1163 3220 in
1177 3179 1236 3237 spe.
1252 3165 1340 3223 Habet
1363 3167 1437 3224 enirn
1458 3169 1518 3242 apia
1540 3179 1633 3228 nostra
1659 3189 1744 3248 quan·

90 3258 163 3317 uobis
176 3259 301 3329 signum,
316 3256 344 3312 in
358 3272 426 3330 qnos
437 3257 582 3315 manifeste
597 3267 624 3314 et
634 3259 772 3329 majestas,
788 3264 815 3313 et
824 3259 889 3313 cha·
947 3251 1038 3325 doque
1052 3268 1192 3310 assumere
1204 3254 1327 3311 aculeum
1345 3272 1434 3323 suum,
1450 3265 1478 3314 et
1490 3260 1592 3318 acriter
1607 3261 1689 3319 nimis
1699 3263 1742 3319 in·

93 3346 158 3402 ritas
172 3346 890 3421 innotescat.Nceeuirqoemcipietetpametfilium,
946 3341 1030 3414 ligere
1061 3340 1136 3398 illum
1172 3342 1198 3399 in
1225 3343 1359 3401 medullas
1385 3345 1524 3404 hominmn
1549 3357 1740 3422 peccatorum:

93 3435 456 3508 etuaccba'turuomeuejau
469 3437 650 3502 Emmanuel,
665 3437 892 3508 quodinterpra-
946 3430 1075 3502 quoniam
1097 3431 1177 3488 Pater
1204 3446 1259 3489 non
1280 3431 1384 3503 iudicat
1408 3452 1582 3510 quemquam,
1605 3441 1654 3496 sed
1677 3440 1744 3497 Filio

92 3528 182 3590 tatur,
195 3527 344 3584 Nobiscum
355 3524 788 3600 Neus.NolihugercAdsm,quia
802 3525 892 3580 nobis·
946 3519 1023 3576 dedit
1039 3537 1120 3579 omne
1134 3521 1264 3592 iudicium
1274 3523 1366 3595 (toan.
1378 3540 1406 3592 v,
1421 3527 1477 3597 22).
1493 3527 1669 3584 Nuncautem
1684 3545 1745 3601 par-

92 3629 154 3669 cum
169 3615 252 3669 Dens.
268 3615 309 3670 Ne
320 3614 426 3680 timeas,
457 3616 585 3686 ohomo,
601 3631 653 3671 nec
667 3613 758 3670 audito
776 3613 826 3671 Dei
838 3629 892 3670 no-
945 3609 1022 3666 vuius
1037 3616 1130 3668 noster
1140 3610 1267 3682 butyrum
1280 3620 1308 3668 et
1332 3611 1386 3668 mel
1409 3615 1534 3681 eomedit,
1559 3619 1668 3690 quando
1695 3619 1745 3675 bo-
1840 3661 1851 3672 .

92 3702 165 3759 mine
195 3703 334 3774 terrearis,
367 3702 430 3774 qaia
457 3703 598 3759 nobiscum
628 3702 712 3760 Dens.
746 3701 892 3758 Nobiscum
952 3715 1016 3755 num
1030 3707 1134 3756 naturae
1148 3699 1392 3769 bumanae,divinae
1406 3703 1644 3764 misericordiassic
1658 3707 1745 3764 univit

91 3791 181 3848 carnis
194 3789 384 3860 similitudine,
405 3791 665 3849 nobiseumunitate
699 3789 792 3863 lolius,
819 3791 892 3847 utili·
954 3789 982 3842 in
996 3789 1153 3860 semetipso,
1164 3797 1194 3844 ut
1208 3797 1281 3845 esset
1295 3791 1376 3848 homo
1389 3808 1480 3863 verns,
1496 3801 1524 3850 et
1533 3803 1674 3866 peccatum
1690 3811 1744 3854 non

93 3879 176 3954 tate].
196 3881 312 3951 Propter
328 3895 379 3936 nos
396 3879 480 3946 venit,
498 3885 627 3951 tanquam
648 3893 719 3934 unua
742 3893 776 3934 eu
803 3878 893 3944 uobis,
956 3876 1078 3933 habeus:
1095 3876 1169 3932 Deus
1182 3877 1515 3950 misericors,etjudiciom
1529 3899 1585 3940 non
1600 3885 1741 3946 exhibens.

89 3969 181 4025 similis
195 3968 285 4036 nobis,
298 3965 442 4039 passibilis.
982 3967 1010 4020 i.
1026 3963 1066 4020 lix
1081 3964 1123 4020 his
1145 3965 1318 4024 manifestum
1337 3968 1394 4040 jam
1416 3969 1542 4040 arbitror,
1559 3985 1684 4043 quaenam
1710 3976 1746 4030 sit

126 4061 153 4113 2.
174 4056 309 4128 lienique,
324 4058 478 4128 Butyrum,
489 4053 586 4127 inquit,
602 4057 631 4110 et
644 4055 701 4114 mel
714 4055 844 4128 comedet·
853 4056 893 4110 dc
949 4053 1025 4126 virga
1039 4053 1174 4110 deradice
1186 4055 1264 4112 lesse
1279 4055 1442 4125 procedens,
1453 4057 1514 4130 quis
1527 4059 1651 4117 vemllos
1661 4077 1745 4135 super

90 4145 222 4203 sidicat:
241 4143 372 4200 Parvulas
387 4145 448 4211 erit,
461 4150 489 4200 et
507 4150 635 4201 vescetur
652 4141 821 4200 infantilibus
843 4143 891 4199 ali·
949 4156 1031 4214 quem
1050 4139 1195 4214 requiescit
1222 4141 1339 4214 Spiritus
1364 4152 1480 4201 sanetus
1501 4146 1636 4217 Quoniam
1661 4149 1745 4224 Virgo

91 4235 198 4294 mentis.
214 4235 247 4294 ut
262 4235 345 4300 sciat,
360 4231 744 4307 inquiereprobarematum,
755 4236 783 4291 et
792 4235 893 4307 eligere
953 4231 1004 4286 liei
1022 4231 1141 4306 genitrix
1155 4233 1232 4304 virga
1247 4237 1299 4302 est,
1314 4231 1457 4290 uoslilius
1475 4236 1545 4306 ejus,
1568 4235 1630 4292 Flos
1651 4237 1746 4309 ntique

91 4325 206 4382 bouum.
223 4323 311 4380 Etiam
326 4323 371 4380 hic
393 4319 494 4379 honam
509 4330 537 4378 et
551 4321 651 4377 malum
670 4321 757 4392 audis,
781 4320 850 4378 siem
864 4322 892 4377 ia
958 4319 1041 4376 Filius
1057 4320 1185 4393 l'irginis,
1200 4321 1250 4377 llos
1263 4319 1395 4377 candidus
1408 4329 1437 4378 et
1452 4323 1626 4392 rubicundus,
1643 4326 1746 4383 electus

91 4412 190 4470 arbore
203 4414 300 4479 vetita,
325 4412 395 4470 sicut
419 4412 445 4467 in
471 4411 545 4483 ligno
571 4409 805 4483 transgressionis.
837 4409 891 4465 Sed
948 4424 982 4465 ex
996 4409 1115 4465 millibus
1129 4410 1251 4480 (danda.
1267 4425 1296 4481 v,
1313 4413 1374 4484 l0);
1389 4411 1480 4469 llosin
1494 4429 1574 4486 quem
1588 4415 1745 4486 prospicere

92 4503 177 4559 multo
195 4503 290 4559 melius
304 4517 320 4556 a
334 4501 424 4574 primo
437 4501 524 4556 udam
546 4501 682 4557 secundus
695 4499 746 4556 iste
765 4498 889 4571 partitur.
907 4490 929 4568 {J
946 4500 1102 4558 desiderant
1113 4499 1214 4571 augeli,
1229 4499 1280 4556 llos
1302 4501 1337 4557 ad
1350 4503 1428 4572 cujus
1442 4502 1555 4559 odorem
1580 4503 1745 4562 reviviscunt

92 4590 205 4665 Eligens
215 4591 288 4648 enim
305 4591 418 4660 bonum,
434 4589 534 4646 malurn
550 4590 751 4661 reprobatncu
766 4587 835 4644 sicud
845 4587 891 4643 ille
950 4589 1059 4661 mortui,
1075 4597 1103 4648 et
1117 4588 1262 4660 sicutipse
1277 4596 1403 4658 testatur,
1414 4589 1466 4647 ilos
1478 4591 1566 4662 campi
1580 4593 1645 4664 est<
1662 4595 1743 4650 dunt.

92 4679 138 4752 qui
152 4679 246 4736 dilexit
260 4678 489 4745 maledictionem,
505 4683 533 4734 et
549 4676 622 4734 venit
636 4677 678 4746 ei;
695 4676 780 4734 uoluit
802 4676 892 4733 bene·
947 4695 978 4747 u,
996 4681 1033 4750 1),
1050 4684 1082 4735 et
1097 4693 1151 4734 non
1166 4676 1247 4733 horti.
1263 4679 1460 4750 Campusenim
1475 4680 1535 4736 sine
1548 4679 1746 4738 omnihumano

91 4766 250 4836 dictionem,
266 4767 432 4844 etelongata
450 4775 491 4824 est
515 4767 550 4824 ab
575 4782 609 4823 eo
638 4766 725 4838 (Psul.
740 4781 819 4835 cvru,
835 4767 890 4828 18).
945 4767 1025 4823 lloret
1046 4764 1219 4832 adminiculo,
1249 4781 1305 4821 uon
1332 4766 1480 4823 seminatus
1502 4768 1537 4824 ab
1560 4768 1660 4841 aliquo,
1688 4786 1744 4826 non

92 4855 161 4910 Nam
176 4863 205 4910 et
218 4854 246 4908 in
261 4869 294 4910 eo
308 4857 381 4926 quod
391 4855 531 4929 premisit,
539 4857 678 4930 butyrum
693 4861 721 4914 at
735 4858 792 4915 mel
805 4873 893 4914 eome-
947 4853 1072 4911 deiossus
1087 4851 1203 4925 sarculo,
1213 4868 1270 4910 non
1282 4853 1465 4926 impinguatus
1474 4854 1547 4913 limo.
1559 4855 1603 4913 Sic
1612 4857 1741 4924 omnimo,

92 4943 149 5012 det,
177 4941 322 5000 advertere
350 4943 452 5014 poteris
481 4944 584 5014 parvuli
616 4944 698 5015 hujus
720 4944 891 5003 electionem.
945 4943 984 4999 sic
1010 4940 1131 5013 Virginis
1152 4939 1229 4997 alvus
1246 4940 1345 5008 lloruit,
1369 4942 1407 4999 sie
1428 4942 1564 5012 inviolata,
1589 4945 1695 5018 integra
1716 4954 1745 5002 et

102 5032 221 5088 'lantum
234 5029 306 5086 adsit
321 5031 484 5104 ejusgratia,
498 5039 528 5088 at
542 5032 614 5104 quod
624 5041 744 5104 praestat,
757 5041 894 5105 utcunque
949 5037 1023 5087 casta
1038 5030 1128 5087 Neriae
1143 5030 1256 5099 viscera,
1271 5038 1400 5106 tanquam
1416 5047 1517 5104 pascua
1540 5034 1637 5091 aeterni
1649 5035 1745 5093 viroris

92 5120 195 5176 sentire
208 5118 306 5192 digne,
320 5124 348 5174 et
359 5120 560 5177 accommodate
571 5121 604 5176 ad
615 5120 821 5197 inteNigeutiam
831 5138 894 5194 pro-
953 5117 1047 5176 Norem
1058 5118 1193 5192 protulere
1204 5139 1212 5190 ;
1223 5121 1300 5191 cuius
1309 5120 1480 5190 pulchritudo
1493 5118 1576 5179 ηδ
1586 5137 1640 5180 non
1655 5122 1745 5180 videat

93 5209 166 5264 lerre
186 5208 329 5265 concedat.
347 5207 406 5263 Duo
420 5214 484 5263 sunt
506 5207 533 5262 in
548 5207 616 5265 lacte
631 5210 708 5267 ovis:
725 5210 852 5282 butyrum
865 5219 894 5269 et
950 5207 1163 5280 corruptionem,
1181 5209 1258 5279 cujus
1276 5207 1362 5280 gloria
1377 5207 1581 5282 inperpetuum
1599 5225 1655 5268 uon
1674 5226 1745 5266 niar-

92 5313 200 5354 caseus.
218 5297 349 5369 Butyrum
364 5296 468 5368 pingue
483 5302 510 5354 et
527 5295 666 5352 humidam
677 5316 684 5366 ;
696 5313 792 5356 caseus
805 5315 892 5356 econ·
950 5306 1050 5355 cescat.
1068 5298 1092 5354 Ο
1108 5297 1200 5368 Virgo,
1222 5297 1298 5368 virga
1316 5297 1448 5370 sublimis,
1469 5299 1496 5353 in
1519 5314 1600 5368 quam
1629 5298 1744 5356 sublime

95 5395 136 5441 tra
152 5385 243 5441 aridus
261 5393 289 5443 et
303 5385 398 5442 durus.
418 5385 491 5442 Beue
505 5400 572 5457 ergo
587 5385 714 5456 parvulus
735 5389 891 5445 nostereli-
948 5387 1081 5443 verticem
1099 5393 1223 5441 sanctum
1245 5385 1338 5458 erigisl
1364 5403 1451 5459 usque
1479 5387 1512 5442 ad
1541 5386 1688 5444 Sedentem
1716 5388 1744 5444 in

92 5490 160 5550 gere
174 5475 258 5546 novit,
273 5475 319 5547 qui
341 5474 467 5547 butyrum
490 5474 648 5542 comedens,
674 5489 782 5532 caseum
800 5475 893 5548 utique
951 5478 1061 5544 throno,
1077 5475 1213 5546 usquead
1230 5474 1374 5530 Dominum
1388 5475 1546 5546 majestatis.
1561 5477 1656 5550 Neque
1670 5478 1743 5536 enim

94 5579 149 5620 noo
167 5562 297 5620 comedit.
318 5563 385 5634 Quae
399 5573 441 5620 est
455 5562 593 5621 animovia
606 5563 764 5633 centesima,
777 5581 837 5638 quae
851 5581 895 5623 er·
944 5564 972 5621 id
982 5565 1089 5632 mirum,
1105 5563 1232 5636 quoniam
1246 5563 1275 5619 in
1288 5564 1371 5621 altum
1398 5563 1482 5620 mittis
1508 5564 1615 5623 radices
1635 5568 1745 5624 humili·

95 5651 167 5710 ravit
188 5651 300 5722 {thtlu
316 5667 398 5723 xvuv,
414 5652 470 5724 ia),
485 5659 513 5708 et
526 5651 554 5708 in
571 5649 677 5711 Psalmo
691 5651 825 5724 loquitur:
839 5659 891 5712 Hr—
947 5654 1020 5712 tatis.
1045 5652 1069 5711 0
1093 5666 1157 5711 vere
1185 5651 1301 5710 coelestis
1331 5651 1434 5724 planta,
1459 5653 1604 5726 pretiosior
1627 5658 1743 5730 cunctis,

222 5747 342 5804 Parnon.
361 5748 533 5806 ccxxxiii.
1599 5757 1617 5814 2
