4118 6346
282 451 334 506 367
734 439 763 494 S.
784 435 960 494 substulit
978 435 1122 493 ABBATIS
1141 437 1470 497 cbnsAE-vlmsrvsts
1869 443 1922 498 368

274 571 351 640 Unde
367 565 435 624 boc!
452 563 556 636 Nempe
567 563 629 635 quis
641 559 783 618 Luxvenit
793 559 821 616 in
835 560 976 628 mundum,
988 559 1067 616 etdi-
1085 575 1108 652 p
1124 559 1194 630 ojus,
1210 569 1237 616 et
1252 561 1310 617 baec
1324 561 1404 618 sedes
1418 563 1491 632 eius:
1509 561 1560 618 nisi
1570 560 1639 617 lorte
1651 560 1839 618 exciditvobis
1858 576 1924 634 quo·

270 662 396 717 leserunt
414 653 537 710 liomines
560 651 647 728 magis
661 649 790 706 tenebras
810 663 892 722 quam
916 649 1014 706 lucerii.
1033 651 1069 705 lit
1123 648 1194 703 niani
1209 651 1308 705 auimo
1318 652 1394 721 justi
1408 651 1484 708 sedes
1498 650 1649 722 sapientiis
1658 654 1700 706 est
1708 649 1828 721 (csso).
1841 650 1921 721 Quod

271 723 343 811 lus,
359 741 456 816 inquit,
476 745 508 799 ιιι
524 742 643 798 tenebris
658 741 746 808 lucet,
760 742 789 794 et
804 738 997 794 tenebrarum
1011 753 1069 795 nori
1122 750 1189 805 ergo
1199 735 1920 808 frequenter,imoetsempersdmonerecupioiratres

271 833 545 907 comprehenderunt
569 831 661 902 (loon.
687 828 758 898 ab).
782 830 821 882 ιο
835 825 857 881 si
875 826 961 884 dicct:
984 827 1019 881 lit
1039 826 1068 881 in
1122 839 1207 894 meos,
1223 826 1337 880 obsecro
1357 834 1385 881 et
1403 841 1485 891 nunc,
1506 825 1678 881 ambulemus
1697 841 1752 882 non
1768 827 1918 882 secundum

270 922 367 995 plateis
377 921 537 980 derivantur
554 935 643 994 aquis,
659 926 687 974 et
700 916 805 973 alienus
818 930 873 972 nou
884 913 951 970 bibit
964 930 997 970 ex
1012 914 1065 986 eis3
1120 927 1231 968 carnem
1247 912 1274 966 iii
1293 928 1385 981 carne,
1407 928 1441 968 ne
1460 912 1652 984 displiceamus
1672 914 1739 969 Deo.
1758 913 1817 969 Non
1832 914 1917 972 simus

271 1019 299 1084 et
318 1010 504 1068 misericordia
522 1011 551 1066 in
571 1007 661 1064 medic
684 1005 778 1078 templi
794 1011 854 1060 est:
876 1019 956 1060 nemo
975 1010 1067 1059 tumen
1120 999 1198 1054 amici
1220 1001 1301 1069 liuius
1322 1000 1423 1066 saeculi,
1453 1017 1488 1056 ne
1513 1002 1561 1059 Dei
1580 1001 1776 1058 constituamur
1802 1003 1914 1059 inimici.

267 1101 373 1158 accedit
397 1101 491 1174 lolius,
517 1114 569 1154 nec
592 1107 683 1154 tomen
706 1092 849 1166 accedunt]
874 1108 907 1149 eii
932 1092 974 1147 liis
998 1107 1067 1164 quos
1120 1089 1286 1146 Resistauius
1300 1105 1408 1162 quoquc
1421 1089 1514 1163 [olitis
1530 1091 1606 1165 ergo]
1622 1091 1740 1153 diabolo.
1756 1099 1784 1147 et
1799 1091 1915 1168 lugieta

268 1195 362 1245 manet
377 1194 479 1243 eterna
493 1184 640 1240 damnatio.
657 1182 763 1240 biedius
776 1189 968 1244 vestrumstat,
984 1194 1002 1234 o
1016 1178 1066 1234 mi·
1120 1178 1207 1246 nobis,
1228 1188 1257 1234 ut
1278 1179 1363 1237 libere
1388 1181 1446 1254 jani
1465 1181 1634 1236 ambulamus
1653 1182 1682 1236 in
1704 1179 1811 1254 spiritu,
1837 1187 1865 1238 et
1888 1179 1916 1236 in

268 1275 332 1342 seri,
358 1291 439 1348 quern
463 1290 512 1331 vos
531 1273 657 1328 nescitis:
682 1279 713 1327 ut
733 1270 892 1334 morientes,
918 1277 1065 1340 antequam
1119 1267 1202 1325 corde
1217 1268 1249 1323 sit
1264 1268 1434 1324 conversatio
1449 1277 1552 1326 nostra.
1570 1269 1710 1341 Siquidem
1728 1285 1828 1340 corpus
1842 1268 1916 1342 quod

268 1362 392 1421 videritis
406 1362 541 1419 Christum
556 1359 673 1422 Domini,
689 1373 744 1414 nori
760 1357 787 1412 in
797 1371 865 1429 pace
881 1354 1063 1426 dimittamini3
1119 1355 1310 1427 corrumpitur,
1330 1363 1471 1432 aggravat,
1487 1364 1515 1414 et
1530 1363 1651 1427 enervat,
1667 1364 1697 1413 et
1709 1356 1847 1413 effeminat
1861 1357 1918 1413 ani·

268 1450 318 1506 sed
332 1433 432 1523 ¹potius
455 1447 596 1522 rapiamini
615 1463 631 1504 a
655 1446 829 1522 rugientibus
852 1441 1011 1517 priepsratis
1030 1442 1065 1498 ad
1119 1459 1207 1511 mam;
1223 1451 1252 1500 et
1262 1453 1370 1500 terrena
1384 1444 1543 1501 inhabitatio
1562 1460 1674 1500 sensum
1686 1444 1771 1501 multa
1785 1444 1913 1517 cogitan-

269 1552 372 1594 escsm.
1119 1539 1173 1587 tem
1188 1531 1316 1603 deprimit
1330 1532 1407 1606 (Sap.
1423 1549 1464 1597 in,
1476 1534 1532 1602 ιι),
1543 1540 1572 1588 ut
1583 1532 1747 1590 adcoelestis
1758 1547 1917 1589 nonassur·

303 1629 329 1682 ³.
346 1627 531 1698 suscepimus,
543 1627 626 1690 Deus,
637 1623 862 1682 miscricordiam
874 1629 954 1680 tuam
968 1624 1064 1680 inme·
1119 1628 1175 1694 gat.
1192 1621 1269 1676 Unde
1285 1631 1313 1676 et
1323 1621 1458 1692 sapientia
1468 1623 1549 1692 hujus
1564 1622 1656 1677 mundi
1666 1622 1780 1678 stultitia
1791 1621 1918 1694 estapud

267 1716 313 1771 dio
329 1715 429 1786 tempti
444 1715 496 1770 tui.
514 1713 659 1784 longeest
674 1712 1063 1784 hocgrstiarumactioaioce
1116 1710 1204 1765 Deum
1217 1711 1245 1780 (ι
1258 1712 1318 1768 Gor.
1341 1724 1383 1777 iti,
1398 1709 1457 1781 t9);
1479 1716 1507 1765 et
1525 1725 1541 1764 a
1559 1708 1679 1781 maligno
1694 1709 1740 1782 qui
1755 1715 1911 1780 superatur,

266 1800 313 1856 illa
323 1801 473 1876 gementis:
486 1803 615 1865 Domine,
630 1802 662 1856 iii
675 1801 743 1857 coelc
754 1800 952 1859 misericordia
962 1805 1023 1868 tuo,
1035 1804 1063 1856 et
1117 1800 1142 1856 ei
1153 1808 1180 1855 et
1198 1811 1294 1856 servus
1309 1798 1452 1857 addicitur.
1470 1799 1554 1856 Porro
1568 1799 1595 1854 in
1609 1800 1692 1857 corde
1706 1798 1851 1870 suscipitur
1865 1798 1916 1855 nii-

266 1891 370 1948 vsiitos
390 1893 443 1946 tuo
461 1889 602 1963 usquead
615 1889 700 1944 nubes
712 1890 800 1960 (Psoi.
822 1904 916 1958 xsxv,
938 1892 978 1958 6).
992 1887 1063 1958 Quid
1079 1879 1101 1958 Β
1117 1887 1273 1957 sericordia,
1295 1888 1324 1943 iii
1342 1888 1549 1954 cordehahitat
1568 1887 1701 1955 cbristus,
1721 1887 1750 1942 iu
1769 1886 1853 1943 corde
1872 1885 1915 1942 lo-

267 1976 367 2032 enimi
384 1976 528 2033 videturne
544 1975 593 2030 tibi
607 1975 634 2029 in
656 1975 746 2031 medio
761 1973 845 2030 luisse
865 1973 1061 2042 misericordia,
1118 1978 1209 2048 quitur
1233 1992 1327 2048 pacem
1350 1977 1376 2031 in
1400 1975 1508 2048 plebem
1532 1992 1618 2043 suain,
1643 1984 1670 2031 et
1697 1991 1779 2046 super
1802 1983 1915 2032 sanctos

266 2081 327 2122 cum
337 2065 408 2136 apud
423 2065 654 2136 scloscoeligenss
670 2063 781 2136 spiritus
791 2060 960 2119 baberetur?
975 2065 1008 2117 ili
1018 2062 1064 2118 ubi
1117 2080 1192 2133 suos,
1207 2076 1235 2122 et
1246 2065 1273 2122 iu
1288 2080 1336 2122 eos
1350 2065 1395 2136 qui
1409 2071 1605 2120 convertuntur
1618 2063 1653 2120 ad
1667 2079 1723 2122 cor.

267 2169 334 2209 saue
349 2154 500 2208 minoratus
514 2159 555 2208 esi
570 2152 694 2208 Christus
702 2151 784 2222 paulo
798 2152 887 2208 minus
896 2153 932 2206 ab
947 2151 1062 2222 angelis,
1374 2151 1456 2210 961
1477 2152 1597 2210 SEliblO
1611 2153 1645 2210 ll.

265 2241 407 2314 laetusque
422 2247 464 2298 est
477 2241 527 2297 Dei
541 2247 570 2297 et
580 2240 716 2297 hominurn
727 2240 870 2310 mediator,
886 2255 919 2296 ac
933 2240 1008 2296 velut
1020 2239 1063 2294 ls-
1117 2243 1156 2298 Dc
1166 2243 1264 2300 ordiris
1278 2249 1303 2300 st
1312 2243 1393 2299 inodo
1402 2244 1588 2315 processionis
1599 2241 1705 2300 Gbristi
1718 2243 1750 2297 iri
1761 2244 1914 2316 ternplum.

266 2330 309 2403 pis
331 2329 470 2403 angularis
489 2328 642 2402 pacificavit
665 2347 714 2402 per
735 2329 894 2400 sanguinem
914 2345 1063 2400 suumquae
1154 2331 1180 2382 l.
1203 2328 1311 2384 Gratiis
1331 2329 1510 2400 Redemptori
1535 2336 1639 2396 nostro,
1659 2330 1705 2400 qui
1727 2336 1783 2384 lain
1803 2330 1915 2401 copiose

266 2419 293 2474 iii
307 2420 383 2476 coelis
396 2427 468 2487 sunt,
483 2427 511 2477 et
532 2435 593 2492 quae
608 2435 691 2490 super
714 2425 830 2487 terram;
851 2434 886 2474 eir
909 2420 961 2474 hoc
983 2419 1064 2489 plane
1118 2418 1251 2487 praevenit
1271 2434 1321 2474 nos
1334 2419 1362 2474 in
1380 2417 1617 2474 benedictionibus
1635 2416 1798 2488 dulcedinis,
1817 2433 1913 2474 sacra-

263 2510 319 2578 jam
329 2511 516 2582 suscepimus,
526 2508 1064 2574 Deos,misericordiomtocminmedi'o
1118 2503 1215 2559 mentis
1240 2504 1360 2560 inl'attliae
1387 2521 1444 2560 suae
1473 2504 1572 2579 gaudis
1588 2511 1687 2560 'nostra
1714 2504 1909 2576 multiplicum.

267 2599 368 2670 tempii
383 2599 438 2652 tui.
456 2597 569 2653 Eramus
588 2598 758 2654 enimetoos
769 2603 865 2652 natura
880 2595 928 2652 filii
945 2595 1063 2660 irae,sed
1117 2591 1267 2648 Celebraiis
1284 2593 1415 2664 siquidem
1435 2593 1516 2664 paulo
1529 2601 1592 2650 ante
1606 2593 1764 2658 Nobilitate,
1787 2592 1914 2649 Circum-

265 2685 406 2742 consecuti
427 2701 521 2742 sumus
544 2685 768 2742 misericordiam.
794 2686 877 2755 Cujus
890 2685 938 2741 irae
958 2683 1015 2756 lilii,
1035 2692 1064 2740 et
1116 2681 1217 2736 cisione
1232 2686 1261 2736 et
1277 2681 1455 2753 Apparitionc
1470 2681 1540 2751 eius,
1552 2680 1637 2736 festus
1653 2681 1733 2738 bodie
1745 2682 1826 2738 nobis
1840 2682 1915 2738 obla·

264 2790 345 2846 quam
360 2774 571 2830 misericordiam
585 2773 748 2831 consecuti?
762 2774 868 2843 Nempe
878 2771 1062 2844 tiliiignoran·
1121 2769 1202 2824 tionis
1227 2769 1311 2841 ipsius
1334 2769 1394 2825 dies
1428 2767 1522 2827 illuxit.
1551 2770 1637 2825 llodie
1663 2785 1781 2843 namque
1808 2771 1915 2827 sistitur

265 2864 319 2930 tiae,
345 2861 471 2936 ignavie,
497 2861 677 2934 captivitatis:
699 2869 728 2918 et
746 2861 884 2918 consecuti
908 2877 1001 2915 somus
1018 2875 1062 2915 sa·
1119 2857 1243 2914 Creatori
1258 2867 1338 2914 terrie
1352 2859 1455 2914 tructus
1476 2857 1613 2925 sublimis;
1634 2858 1713 2914 bodie
1732 2857 1872 2930 placabilis
1885 2867 1913 2916 et

263 2949 405 3022 pientiam,
420 2949 558 3018 virtutem,
579 2950 806 3022 redemptionem.
828 2949 984 3020 ignorantia
1002 2964 1062 3005 mu·
1117 2948 1174 3003 Deo
1199 2946 1312 3019 placens
1331 2947 1420 3003 hostia
1442 2947 1573 3018 virgineis
1596 2946 1723 3002 manibus
1745 2947 1860 3004 oilertur
1883 2947 1911 3003 in

261 3037 338 3092 lieris
347 3037 467 3093 seductis
481 3045 664 3094 excecaverat
675 3052 739 3110 nos;
753 3037 878 3093 mollities
890 3036 941 3094 viri
955 3037 1061 3093 abstra·
1116 3033 1227 3106 templo,
1243 3043 1367 3106 portatur
1380 3050 1396 3090 a
1408 3035 1579 3107 parentibus,
1600 3051 1616 3090 a
1635 3035 1748 3092 senibus
1766 3045 1912 3108 exspecta·

262 3126 301 3181 cti
327 3130 356 3181 et
374 3125 488 3182 illectis
512 3125 623 3197 propria
640 3125 859 3198 concupiscentia
882 3135 1061 3182 enervaverat
1116 3132 1170 3181 tur.
1186 3123 1312 3182 0l'l'ciunt
1325 3124 1426 3197 ioseph
1442 3133 1469 3180 et
1482 3126 1567 3182 llaria
1577 3124 1728 3182 sacrificum
1746 3126 1845 3194 laudis,
1864 3144 1912 3183 ss-

262 3228 330 3286 nos;
346 3213 451 3269 malitia
465 3213 564 3270 diaboli
578 3213 717 3286 expositos
730 3215 802 3285 juste
813 3215 895 3272 aDeo
910 3214 1060 3288 captivave-
1075 3181 1097 3261 Β
1113 3213 1244 3269 orificium
1269 3214 1449 3283 matutinum3
1475 3213 1586 3270 Simeon
1604 3223 1633 3270 et
1652 3216 1732 3270 Anna
1751 3216 1911 3289 suscipiunt.

262 3311 303 3358 rat
320 3318 381 3360 nos.
402 3303 447 3359 Sic
465 3318 533 3380 ergo
552 3304 688 3360 nascimur
706 3303 837 3374 universi,
856 3303 972 3376 primum
992 3303 1059 3376 qui-
1113 3302 1157 3358 ilb
1172 3301 1212 3356 liis
1225 3309 1343 3374 quatuor
1352 3302 1490 3358 celebrata
1499 3303 1637 3373 processio
1646 3311 1697 3374 est,
1708 3319 1768 3376 que
1776 3320 1828 3376 per
1841 3321 1912 3378 qua·

260 3392 323 3448 dein
341 3391 392 3448 vise
410 3391 526 3448 civitatis
540 3391 686 3448 habitaculi
700 3407 813 3464 prorsus
829 3393 935 3466 ignari3
957 3391 1058 3450 deinde
1113 3399 1174 3447 tuor
1187 3391 1263 3448 orbis
1275 3391 1384 3447 climata
1401 3393 1569 3448 solemnibus
1583 3391 1663 3449 bodie
1676 3393 1783 3466 gaudiis
1795 3394 1830 3468 ed
1845 3411 1910 3452 ine-

259 3481 410 3538 imbecilles
424 3488 452 3537 et
464 3481 565 3556 ignavi,
582 3489 621 3554 ut,
637 3481 689 3537 etsi
703 3491 767 3536 nota
781 3481 859 3536 nobis
873 3489 946 3536 esset
960 3481 1003 3536 via
1016 3481 1057 3539 vi·
1111 3480 1224 3536 moriam
1238 3488 1394 3538 revocatur.
1413 3481 1482 3550 Quia
1497 3496 1564 3552 ergo
1578 3480 1701 3537 festivam
1715 3481 1797 3537 bodie
1809 3491 1839 3540 et
1852 3499 1913 3539 nos

259 3575 304 3636 tue,
331 3569 442 3641 propria
464 3577 555 3625 tamen
580 3569 795 3641 praepediremur
823 3577 851 3625 et
872 3569 1057 3626 detineremur
1110 3569 1173 3639 ipsi,
1201 3575 1302 3640 praeter
1328 3576 1487 3624 caeterarum
1510 3569 1734 3624 consuetudinem
1754 3570 1912 3626 solemnita-

259 3658 371 3728 inertia;
390 3666 529 3728 postremo
543 3659 644 3730 captivi
657 3660 707 3713 sub
722 3659 842 3730 pessimo
856 3658 1058 3714 crudelissimo·
1112 3664 1178 3720 tum,
1200 3656 1286 3711 acturi
1305 3671 1399 3711 sumus
1423 3657 1626 3726 processionem
1651 3658 1719 3730 (so),
1739 3673 1794 3714 non
1813 3658 1910 3716 inutile

259 3762 312 3818 que
327 3752 453 3818 tyranno,
464 3753 493 3800 ut
507 3745 570 3801 iicet
584 3745 733 3816 pmdeutes
746 3761 869 3801 essemus
883 3756 964 3818 atque
979 3748 1059 3802 robu·
1111 3743 1228 3800 arbitror
1249 3744 1360 3802 moduni
1382 3745 1468 3817 ipsius
1490 3754 1519 3801 et
1536 3747 1661 3802 ordinem
1684 3746 1841 3819 diligentius
1866 3749 1909 3803 iii·

260 3835 306 3902 sti,
334 3835 394 3905 ipsa
419 3843 510 3890 tamen
542 3836 649 3890 miseras
677 3836 816 3891 servitutis
839 3839 1058 3908 opprimeremur
1112 3833 1191 3889 tueri.
1214 3833 1367 3889 Processuri
1393 3849 1486 3890 sumus
1506 3834 1562 3889 bini
1584 3843 1611 3891 et
1627 3833 1694 3906 bini,
1713 3836 1842 3892 candelas
1860 3837 1910 3892 lia·

259 3923 426 3979 conditione.
442 3921 569 3995 Nunquid
585 3939 639 3979 non
652 3923 837 3981 misericordia
856 3932 884 3979 et
902 3925 1057 3981 miseratio·
1111 3923 1207 3977 bentes
1233 3922 1261 3976 in
1285 3921 1420 3990 manibus,
1446 3923 1519 3994 ipsas
1543 3937 1651 3995 quoque
1678 3939 1836 3994 succensas,
1857 3941 1910 3982 uec

258 4026 293 4068 ne
308 4011 391 4067 multa
405 4028 474 4081 opus
489 4012 570 4068 babet
585 4019 659 4066 tanta
676 4013 805 4068 miseria?
815 4015 870 4068 Aut
883 4024 958 4069 certe
973 4015 1056 4085 sijum
1111 4009 1232 4081 quolibet
1251 4011 1325 4082 igne,
1347 4011 1398 4066 sed
1417 4011 1462 4082 qui
1481 4011 1556 4081 prius
1570 4011 1597 4066 in
1612 4011 1728 4068 ecclesia
1747 4015 1910 4070 sacerdotali

257 4099 325 4157 salvi
344 4100 409 4156 lacti
432 4115 526 4155 sumus
545 4101 580 4156 ab
596 4101 646 4155 bac
665 4101 762 4173 tripiici
782 4101 821 4156 ira
843 4117 894 4172 per
907 4102 1055 4168 Cliristum,
1112 4098 1303 4156 benedictione
1319 4100 1402 4154 inerit
1415 4109 1600 4156 consecratus,
1621 4103 1663 4156 nd
1679 4103 1738 4158 haec
1752 4101 1834 4158 lutari
1847 4113 1912 4160 sunt

258 4189 306 4262 qui
320 4189 407 4244 iactus
422 4195 465 4244 est
478 4189 559 4244 nobis
573 4189 706 4260 sapientia
721 4205 737 4244 a
753 4190 811 4245 Deo
826 4189 918 4257 Patre,
934 4198 962 4246 et
974 4191 1056 4261 justi·
1110 4187 1137 4241 in
1153 4189 1326 4258 processione
1342 4195 1435 4245 nostra
1454 4189 1593 4246 novissimi
1613 4190 1701 4262 primi,
1719 4199 1746 4246 et
1759 4192 1841 4264 primi
1861 4208 1912 4248 no-

257 4277 296 4331 tis
314 4283 343 4332 et
365 4275 550 4346 sanctificatio,
584 4286 612 4332 et
634 4278 784 4349 redemptio
817 4280 843 4342 (ι
861 4280 922 4336 Cor.
944 4282 969 4349 i,
990 4284 1053 4352 3⁰)ss
1110 4275 1229 4330 vissimi:
1260 4283 1287 4330 et
1316 4275 1485 4333 cantabimus
1510 4277 1610 4336 inviis
1637 4279 1754 4347 Domini,
1780 4281 1910 4350 quoniam

259 4375 361 4437 quanta
384 4366 463 4420 nobis
488 4359 627 4442 vigilantia
646 4380 715 4438 opus
739 4376 791 4434 est,
812 4366 991 4434 dilectissimi,
1019 4385 1055 4424 ue
1111 4380 1210 4439 magna
1225 4373 1266 4420 est
1280 4364 1365 4437 gloria
1380 4366 1497 4424 Domini.

259 4455 340 4521 forte,
352 4454 425 4528 quod
441 4454 526 4510 absiil
543 4455 717 4510 inveniantur
732 4463 826 4511 nostra
840 4456 987 4511 novissima
1001 4473 1054 4528 pe·
1146 4457 1173 4508 ι.
1189 4453 1283 4509 lleritc
1297 4469 1364 4509 sane
1379 4455 1435 4511 biiii
1455 4465 1483 4512 et
1498 4455 1553 4511 bini
1568 4458 1754 4529 procedimus:
1776 4459 1815 4517 sic
1835 4461 1909 4518 enim

258 4543 319 4614 jora
340 4544 487 4616 prioribus,
507 4543 529 4598 si
548 4545 639 4602 denuo
657 4546 797 4617 contingat
812 4545 880 4600 iram
894 4545 1053 4614 incendere,
1110 4543 1146 4598 ob
1161 4541 1425 4598 commendationem
1446 4543 1575 4602 fraternae
1593 4547 1732 4603 charitatis
1754 4557 1783 4605 et
1801 4549 1910 4605 socialis

259 4641 353 4704 utpote
377 4633 497 4706 quinon
517 4641 614 4690 namra
626 4633 697 4707 jam,
719 4637 767 4691 scd
785 4637 896 4708 propria
915 4636 1054 4692 voluntate
1110 4630 1173 4686 vite
1193 4630 1291 4686 missos
1311 4645 1327 4684 a
1344 4630 1486 4688 Salvatore
1502 4634 1648 4705 discipulos
1667 4636 1815 4708 Evangelia
1830 4654 1910 4694 sacra

258 4720 305 4777 lilii
320 4722 367 4778 irae
382 4722 498 4780 sumus?
1110 4727 1242 4774 testantur
1257 4723 1332 4789 (luc.
1348 4736 1378 4790 x,
1396 4725 1432 4793 l).
1453 4722 1556 4778 Turbat
1574 4725 1787 4797 processionem,
1804 4728 1828 4782 si
1847 4730 1910 4801 quis

296 4812 323 4866 ι.
348 4811 552 4883 Amplectamur
572 4813 664 4885 itaque
684 4811 912 4882 misericordiam,
931 4828 1013 4884 quarn
1027 4811 1055 4868 in
1109 4806 1243 4863 solitarius
1259 4807 1388 4865 incedere
1409 4819 1498 4869 curat:
1521 4827 1573 4867 nec
1601 4812 1652 4868 sibi
1672 4813 1722 4869 soli
1743 4823 1835 4880 uocet,
1857 4817 1907 4872 sed

259 4885 351 4954 medio
375 4899 467 4971 templi
481 4900 660 4972 suscepimus,
679 4907 788 4957 etcum
807 4902 887 4958 besto
906 4905 986 4956 Anna
1001 4916 1055 4957 non
1109 4897 1190 4952 etiam
1209 4898 1314 4952 ceteris
1333 4905 1376 4954 est
1394 4899 1535 4959 molestus.
1558 4901 1590 4955 lli
1609 4909 1672 4956 sunt
1692 4905 1738 4974 qui
1757 4915 1909 4980 segregant

243 4975 470 5045 ‘dimoveamura
485 4989 594 5060 templo.
614 4992 843 5063 Templumenr'm
862 4992 912 5046 Dei
924 4995 1055 5047 sanctum
1108 4985 1281 5054 semctipsos,
1302 4986 1442 5055 animales,
1462 4988 1587 5060 spiritum
1608 5005 1663 5048 non
1683 4991 1830 5060 habentes,
1855 5011 1909 5052 nec

247 5064 313 5144 cst,
338 5076 410 5150 quoti
432 5079 498 5135 estis
519 5095 575 5145 cos,
593 5079 628 5134 ait
643 5079 788 5150 Apostolus
809 5082 833 5148 (l
853 5080 914 5136 Cor.
934 5093 975 5142 ιιι,
999 5080 1054 5152 tv).
1109 5073 1216 5130 solliciti
1230 5090 1339 5131 servare
1360 5077 1490 5133 unitatem
1513 5079 1623 5150 spiritus
1644 5079 1672 5134 in
1693 5080 1801 5138 vinculo
1820 5083 1908 5154 pacis.

259 5165 348 5236 Prope
367 5174 409 5224 est
435 5168 493 5223 baro
513 5169 709 5234 misericordis,
731 5183 816 5240 prope
831 5173 873 5224 esi
893 5166 1006 5223 verbum
1027 5167 1055 5222 in
1107 5163 1167 5219 lam
1182 5179 1245 5221 vero
1259 5165 1329 5221 sicut
1344 5181 1398 5222 non
1417 5175 1459 5222 est
1471 5168 1641 5226 bouumesse
1657 5169 1795 5226 bominem
1806 5171 1907 5239 solum,

258 5269 306 5312 ore
323 5264 414 5313 vestro
430 5263 458 5313 et
471 5257 500 5313 in
514 5257 597 5314 corde
611 5263 714 5313 vestro.
731 5256 857 5329 Denique
881 5256 909 5311 in
927 5255 1055 5311 cordibus
1108 5252 1148 5308 sic
1167 5253 1194 5308 iii
1212 5263 1360 5325 conspectu
1374 5256 1483 5313 Domini
1497 5273 1610 5314 vacuum
1631 5273 1765 5332 apparere
1789 5270 1833 5316 est
1847 5277 1910 5333 pro

259 5345 358 5402 vestris
382 5361 433 5419 per
457 5345 540 5402 iidem
560 5346 663 5400 habitat
680 5343 814 5401 Christus.
838 5344 896 5400 lloc
921 5344 1054 5416 templum
1109 5341 1222 5398 bibitum
1252 5343 1352 5415 (deod.
1381 5360 1463 5411 xxiii,
1493 5347 1548 5418 15).
1569 5347 1636 5403 Cum
1658 5349 1731 5405 enini
1755 5359 1909 5426 arguantur

295 5489 406 5562 (58.59)
416 5489 465 5545 llic
474 5488 550 5544 locus
559 5493 689 5558 unquam
700 5483 884 5564 subcriptum
894 5481 1056 5564 pessimlau·
1144 5488 1200 5558 (60)
1214 5485 1271 5542 Huc
1285 5487 1403 5560 pertinet
1417 5487 1553 5545 ilbaelordi
1568 5489 1686 5563 objectio
1699 5493 1727 5548 in
1746 5493 1863 5566 epistola
1878 5499 1907 5562 5,

260 5559 339 5616 datur
353 5559 478 5617 assuetis
494 5559 627 5625 Patribus,
638 5557 802 5626 Augustino,
814 5553 947 5635 Gregorio
957 5555 1056 5638 llagnc
1109 5559 1143 5614 ad
1157 5557 1338 5614 Bernardum:
1363 5579 1375 5612 ι
1401 5561 1672 5620 Processionnniiere
1687 5572 1771 5622 totam
1790 5581 1911 5626 veneru-

258 5629 380 5703 ubisque,
400 5639 426 5689 ei
446 5647 463 5686 a
483 5629 631 5698 bernardo,
647 5633 677 5682 ut
699 5639 824 5684 sermone
839 5627 875 5708 ιι
888 5641 915 5682 in
934 5627 1055 5700 Cantica,
1109 5628 1241 5686 tionems
1258 5630 1335 5688 iobis
1349 5631 1509 5689 exclusistis.
1532 5653 1544 5684 ι

244 5702 304 5762 'ubi
318 5703 379 5763 vide
393 5709 483 5762 notas.
