4086 6344
228 353 282 414 963
693 346 721 404 S.
742 343 909 408 uuflltllttt
929 345 1069 408 tultus
1087 347 1403 414 altumvillltllus
1817 350 1871 415 964

230 475 512 542 Gonumtcremntma
525 486 599 541 mea,
610 472 643 528 tra
654 475 781 545 requiem
793 475 959 548 tuum,quia
973 475 1023 533 Do
1037 488 1061 569 g
1078 481 1138 541 ter,
1162 475 1211 532 aed
1237 485 1302 548 post
1324 475 1399 533 ubire
1426 477 1547 548 jubetur.
1566 475 1727 546 Quomodo,
1755 478 1873 552 tnqmt

227 569 325 624 nunus
338 560 543 636 tansmittit
556 561 646 633 (Ptat.
661 575 739 628 cerv,
756 561 795 630 tl.
810 563 877 618 Dico
891 577 958 635 ergo
971 577 1021 619 ro·
1077 563 1222 633 Quomodo
1249 563 1317 639 legia
1333 565 1435 623 :ttouw
1453 581 1522 622 curn
1536 567 1569 623 ia
1591 565 1696 626 itenere
1716 573 1798 635 esset,
1811 583 1872 627 nort

228 656 271 712 bie
286 672 293 710 :
307 649 381 709 Nihil
393 659 437 708 est
450 651 523 722 quod
534 650 563 705 in
573 655 676 706 tentmn
687 649 824 718 tormidet,
839 650 962 723 quisquis
971 653 1024 706 boo
1076 653 1832 728 intelteetteeumpurntosestjunreutieiusipteretr'bur,
1842 661 1872 714 et

227 739 387 799 beneficium
402 739 487 796 semel
502 739 616 810 aceepit,
631 752 714 810 quem
725 752 759 794 ue
772 737 856 813 gratia
866 737 1023 808 derelictus,
1074 740 1179 798 similis
1192 743 1286 812 suetus
1305 747 1349 799 est
1362 741 1420 799 utu
1435 743 1522 814 (Prot.
1537 757 1637 815 xtrttt,
1648 745 1705 815 tu).
1718 745 1788 802 Eece
1799 761 1872 820 quo-

227 845 339 888 neceeec
348 829 445 885 babent
458 837 548 884 denno
562 827 660 900 egredi
670 827 701 882 ed
712 829 801 882 camis
810 825 1022 894 contemtiones,
1076 831 1158 885 modu
1176 831 1210 886 de
1231 845 1316 902 grege
1341 829 1414 887 tacta
1437 839 1478 888 est
1497 830 1607 904 egregie
1627 837 1761 889 creature.
1782 833 1872 904 Puto,

227 919 283 976 imo
306 918 502 986 desolationem
530 930 690 986 rursumque
713 914 861 972 uernalium
893 931 1023 973 sensuum
1078 915 1198 974 dicerent
1218 917 1350 990 jumenta,
1366 921 1389 975 si
1416 919 1491 992 toqui
1517 920 1559 976 tas
1584 929 1679 976 esset:
1700 921 1872 979 Eacetdarn

226 1007 362 1066 sustinere
376 1005 516 1063 tumultus.
965 1042 969 1052 .
1075 1007 1169 1077 taetrae
1178 1010 1222 1064 eet
1231 1009 1314 1079 quusi
1322 1024 1397 1065 rarius
1411 1025 1448 1067 ee
1456 1008 1536 1066 uode
1545 1008 1741 1081 (demtum).
1755 1011 1827 1068 cunt
1840 1013 1872 1068 c'rt

264 1101 291 1155 2
307 1095 446 1152 Terribilis
460 1093 572 1169 proinde
582 1101 609 1150 et
622 1092 702 1150 nimis
716 1091 892 1150 formidolose
906 1093 1022 1151 commi·
1076 1096 1179 1154 bonore
1197 1099 1279 1164 esset,
1294 1095 1390 1168 inquit.
1400 1097 1430 1150 lu
1451 1111 1505 1168 quo
1520 1098 1633 1164 bonore,
1645 1099 1768 1168 quaerut
1784 1099 1873 1156 trabl-

228 1189 303 1244 uatin
318 1203 326 1243 ε
344 1185 487 1258 tipredere,
507 1188 536 1240 ct
550 1198 635 1256 pasce
653 1181 748 1240 badae
771 1189 842 1240 tuos.
860 1183 939 1254 Quod
956 1190 1022 1238 est:
1076 1185 1149 1240 tubat
1163 1185 1190 1240 iu
1204 1183 1340 1255 paradiso,
1356 1193 1384 1240 et
1403 1184 1432 1239 in
1451 1184 1511 1242 loco
1534 1186 1681 1256 uoluptatis
1702 1188 1873 1245 muneratio

228 1275 372 1349 Indignam
390 1272 534 1330 tenereris
546 1271 592 1327 illa
604 1279 652 1327 tue
660 1270 789 1326 familiari
802 1277 830 1327 et
843 1271 918 1326 suari
932 1287 1023 1327 rerum
1074 1273 1146 1343 eius.
1172 1272 1245 1327 Nibil
1273 1273 1421 1340 molestie,
1444 1273 1511 1329 nibil
1538 1273 1695 1346 indigentie
1720 1276 1870 1345 sentiebat,

228 1362 457 1434 contemplatione
474 1360 638 1426 coelestium,
665 1359 886 1432 intelligibilium,
912 1359 1022 1416 divina·
1075 1359 1218 1417 odoriferis
1230 1359 1345 1431 stipatus
1363 1360 1459 1430 malis,
1474 1359 1583 1418 fulcitus
1597 1362 1722 1430 floribus,
1737 1364 1827 1437 glorie
1843 1371 1873 1420 et

228 1468 299 1510 rum.
314 1450 502 1520 Quamobrem
512 1449 641 1520 egredere
652 1449 685 1504 de
697 1448 848 1504 sanctuario
857 1462 930 1517 meo,
941 1449 1023 1506 eorde
1076 1449 1176 1506 bonore
1196 1458 1351 1517 coronatus,
1365 1456 1393 1505 et
1415 1449 1579 1508 constitutus
1602 1467 1685 1522 super
1702 1467 1788 1524 opere
1807 1467 1871 1510 me-

228 1551 286 1609 tuo,
310 1541 356 1599 ubi
374 1547 491 1597 secretos
514 1553 661 1612 sacrosque
689 1537 809 1594 aemulis
828 1553 860 1594 aa
883 1537 1022 1610 snpientia
1075 1553 1161 1594 nuum
1176 1537 1360 1606 Ptnsmatoria;
1375 1537 1465 1611 magis
1485 1549 1574 1595 auteur
1594 1539 1631 1596 ob
1649 1539 1754 1616 insigne
1771 1541 1872 1598 diritate

227 1647 325 1688 seusus
346 1625 460 1687 1896
482 1627 593 1684 daleiter
616 1626 725 1682 haurire
743 1625 864 1698 eolebss3
890 1637 918 1683 et
935 1627 1023 1700 magis
1077 1624 1261 1684 similitudinis
1274 1627 1458 1698 precellebutq
1473 1637 1502 1683 et
1514 1639 1572 1684 eret
1584 1627 1624 1683 illi
1642 1643 1702 1686 eure
1715 1638 1743 1687 ct
1755 1628 1872 1687 societas

228 1727 356 1790 tanquam
369 1733 422 1774 una
440 1717 474 1773 de
489 1715 675 1780 saecularibus,
692 1714 833 1785 pascendis
843 1721 870 1770 et
885 1714 1024 1773 obleetan-
1039 1727 1062 1808 g
1076 1729 1138 1772 eum
1155 1713 1230 1785 plebe
1248 1714 1417 1787 angelorum,
1433 1725 1461 1772 et
1479 1715 1630 1774 cumomni
1644 1715 1739 1774 militia
1754 1717 1873 1777 coeteelia

227 1805 270 1863 dis
294 1811 346 1862 tues
369 1803 459 1861 cernis
491 1801 618 1860 sensibus
640 1799 781 1859 intricare.
805 1799 902 1856 liedes
923 1801 1023 1873 quippe
1077 1804 1223 1861 exercitus.

228 1895 285 1968 (qui
308 1901 447 1968 posonium
470 1891 633 1964 significent,
658 1899 686 1948 et
700 1890 728 1946 in
750 1889 852 1960 jndicio
874 1891 1025 1949 collocandi
1113 1892 1140 1948 b.
1153 1891 1209 1948 Sed
1222 1891 1422 1948 mneritietem
1434 1891 1549 1965 gloriam
1563 1892 1610 1952 Dei
1625 1893 1654 1951 in
1668 1893 1873 1952 similitudinem

227 1993 291 2040 aunt
314 1999 330 2038 a
349 1981 479 2052 sinistris)
493 1979 559 2037 dicit
584 1995 669 2050 vegos
687 1987 715 2034 et
729 1977 880 2050 petulanter
903 1980 1025 2051 eorporis
1079 1979 1152 2038 uituli
1171 1979 1336 2037 comedentis
1350 1980 1453 2037 tenum.
1466 1980 1533 2038 inde
1552 1983 1681 2055 estquod
1696 1981 1775 2055 panis
1788 1997 1873 2055 enge·

228 2087 337 2139 sensus,
366 2086 417 2144 per
444 2085 515 2141 quos
545 2077 697 2142 peccatum,
732 2079 856 2139 tanquam
881 2085 954 2125 mora
976 2085 1025 2141 per
1077 2066 1166 2126 lurum
1181 2068 1270 2126 iectus
1283 2077 1324 2126 est
1340 2069 1434 2126 tenum
1450 2069 1565 2140 positum
1579 2071 1607 2125 in
1625 2071 1770 2144 presepio,
1783 2085 1874 2142 eppo·

227 2158 368 2227 terrestres,
392 2157 499 2215 intrusit
518 2157 553 2214 ed
571 2156 697 2212 enimam.
713 2155 763 2212 Cui
780 2165 807 2214 et
817 2155 887 2212 benc
900 2158 1025 2230 congruit
1078 2156 1160 2213 sitnm
1174 2157 1254 2214 nobis
1267 2166 1395 2229 tauquam
1407 2158 1551 2229 jumentis.
1566 2159 1683 2216 Verbum
1693 2157 1873 2233 quippecaro

224 2251 298 2324 quod
325 2249 448 2323 sequitur
474 2249 503 2305 in
528 2247 688 2319 Scriptura:
715 2248 804 2304 taeta
833 2247 1022 2306 adamata
1077 2245 1568 2320 factumestttoanm,tt),etjuxta
1583 2247 1873 2322 prophetismum

224 2343 385 2414 pastorum.
399 2337 461 2394 Non
484 2337 559 2392 enim
583 2351 676 2407 supra,
702 2335 772 2392 sient
796 2334 870 2408 ugni,
887 2335 1024 2406 sedium
1076 2347 1143 2394 caro
1157 2337 1267 2406 serrum.
1283 2335 1320 2389 At
1333 2335 1424 2391 tenum
1437 2334 1508 2391 istud
1520 2335 1631 2391 minime
1644 2337 1810 2394 desioeetum
1819 2343 1872 2406 est,

225 2425 398 2483 tabernacula
431 2433 573 2498 pastorum
604 2424 676 2479 haedi
709 2434 866 2495 pascuntur.
898 2423 1024 2480 Pastoree
1077 2438 1129 2480 neo
1151 2439 1185 2480 ex
1208 2438 1242 2480 eo
1264 2422 1361 2480 cecidit
1375 2423 1510 2496 llos,quia
1524 2424 1657 2494 requierit
1678 2439 1761 2497 super
1780 2425 1874 2498 mum

224 2515 372 2589 siquidem,
387 2514 434 2587 qui
453 2513 510 2569 reri
524 2525 646 2586 pastores
667 2519 740 2580 sunt,
767 2511 830 2569 licet
852 2513 1024 2568 tabernacula
1077 2510 1193 2584 Spiritus
1220 2512 1339 2568 Domini.
1368 2513 1481 2584 Propter
1508 2513 1559 2569 ltoa
1585 2528 1703 2586 namquo
1727 2513 1876 2588 aliquando

225 2604 343 2660 babeant
357 2597 393 2660 de'
406 2610 478 2659 terre
491 2601 560 2658 etin
574 2609 657 2668 terra,
680 2615 796 2672 corpore
818 2599 940 2658 videlicet
964 2615 1023 2672 sua,
1075 2599 1137 2656 linis
1151 2600 1224 2660 veuit
1248 2601 1381 2658 universe
1394 2601 1492 2666 earnis,
1501 2601 1565 2672 quia
1578 2600 1702 2675 sipiritus
1722 2610 1875 2660 recesserat

223 2691 251 2748 in
262 2691 359 2750 diebus
370 2691 471 2764 quibus
486 2706 559 2748 uuna
572 2690 707 2757 milianum
718 2705 773 2746 nou
788 2703 878 2746 temen
892 2693 927 2747 de
942 2699 1021 2756 mure,
1075 2689 1147 2747 rite.
1160 2687 1283 2761 Denique
1292 2688 1329 2744 eit
1340 2705 1347 2743 2
1358 2689 1420 2746 lton
1427 2689 1604 2762 permanebit
1617 2691 1736 2762 spiritur
1748 2707 1830 2750 mmet
1841 2693 1875 2747 irr

224 2782 273 2838 sed
288 2781 323 2839 de
336 2781 493 2840 ooelestibus
509 2778 616 2851 pascuis
629 2795 728 2851 greges
741 2779 897 2836 Dominieoa
910 2794 1023 2852 pascere
1077 2778 1540 2852 materiamornumqmueare
1548 2780 1677 2852 satirica.
1686 2780 1875 2852 rutilianis

223 2877 424 2928 consueverunt
441 2888 448 2926 a
467 2883 557 2939 neque
583 2867 656 2923 enim
675 2881 751 2923 suem
776 2867 827 2936 eis,
842 2869 890 2924 sed
915 2866 1022 2925 llonrini
1076 2868 1252 2924 nominebus
1274 2868 1333 2925 looo
1347 2867 1440 2925 vudum
1454 2868 1590 2940 designari
1603 2869 1734 2942 intellige,
1748 2884 1805 2926 nou
1819 2885 1874 2925 ne·

223 2959 369 3032 pretione
392 2957 564 3014 voluntatem.
583 2957 619 3011 tt
637 2955 718 3024 beot,
740 2955 786 3026 qni
809 2964 872 3012 sunt
899 2959 1023 3028 corporis
1077 2961 1189 3013 turem:
1213 2971 1263 3014 nea
1287 2955 1357 3013 euim
1384 2955 1509 3027 spiritum
1537 2966 1631 3014 nature
1655 2958 1799 3032 expungit,
1823 2957 1875 3014 ned

223 3063 332 3117 tensus,
353 3046 473 3106 caelestia
493 3061 548 3128 non
570 3044 729 3116 requirnut3
755 3044 805 3100 sed
818 3047 904 3115 'juxta
927 3047 1020 3102 teber-
1036 3058 1058 3138 c
1073 3043 1178 3101 vitium.
1192 3045 1303 3116 Propter
1321 3044 1417 3102 titium
1430 3059 1497 3118 ergo
1517 3048 1610 3104 omnia
1628 3063 1694 3105 cara
1713 3051 1823 3119 tecum,
1840 3051 1872 3105 et

223 3136 321 3193 necule
335 3144 483 3208 pasturum,
506 3133 533 3189 in
555 3133 684 3191 omnibus
707 3131 832 3190 uidelicet
850 3134 929 3192 bonis
952 3151 1018 3191 scn-
1072 3134 1261 3206 emnieqtnrr'a
1274 3134 1480 3207 ejustauquum
1492 3135 1871 3208 arescotdaaiccatumest,

224 3223 347 3282 eibltibus
378 3224 461 3295 buius
478 3223 591 3295 [mundi
614 3237 675 3295 que
702 3226 744 3280 eat
766 3222 841 3296 regio
863 3235 1018 3296 cumomni,
1071 3222 1171 3294 inquit,
1183 3226 1292 3295 senum,
1304 3228 1334 3280 et
1347 3225 1450 3282 cecidit
1460 3225 1584 3296 ttaeetod
1597 3225 1707 3282 nunide
1720 3223 1876 3298 tloeqnide

222 3323 345 3382 sumunt,
361 3313 432 3370 unde
454 3327 503 3370 sua
525 3310 660 3369 desideria
686 3323 741 3368 non
758 3316 811 3366 tum
824 3309 1019 3386 sedentquem
1071 3311 1149 3384 uirga
1175 3325 1202 3369 et
1230 3310 1319 3368 redioe
1338 3312 1414 3368 tesso
1438 3312 1570 3380 aseendit,
1590 3327 1624 3370 eo
1637 3312 1711 3386 quod
1739 3312 1872 3386 requierit

223 3402 340 3460 irritent.
1072 3411 1231 3474 supereum
1245 3399 1364 3473 Spiritus
1378 3400 1572 3471 Dominiltsur'.
1588 3417 1629 3468 at,
1645 3403 1790 3475 t,2);nec
1802 3399 1874 3458 ittet

222 3521 226 3530 ·
258 3495 286 3550 3.
307 3491 405 3563 Turpis
430 3487 544 3548 mutatio
558 3487 731 3547 etudiomml
747 3497 778 3546 ut
800 3489 845 3546 cni
859 3497 922 3550 ente
936 3490 1019 3549 studii
1071 3488 1165 3545 tenum
1178 3489 1251 3560 quod
1267 3488 1380 3548 Verbum
1394 3493 1507 3561 facturn
1521 3495 1673 3562 eet,procu
1687 3490 1761 3562 quod
1771 3489 1869 3561 sequi·

223 3581 321 3652 iuerat,
350 3579 559 3654 perigrinantem
587 3585 615 3634 ct
639 3577 764 3635 exsulem
796 3578 915 3634 animam
942 3595 1019 3638 suem
1071 3577 1158 3634 turin
1173 3577 1315 3650 propbeta,
1331 3577 1448 3636 Verbum
1465 3583 1564 3636 autem
1582 3579 1698 3636 Donrtut
1718 3581 1818 3636 maaet
1839 3579 1872 3637 ἐκ

223 3669 307 3726 samm
332 3667 569 3738 meditationibus,
584 3674 712 3738 tanquam
727 3666 884 3725 caelestibus
908 3683 1019 3739 pnseere
1073 3669 1216 3724 eremum
1229 3665 1306 3738 (Bai.
1316 3681 1365 3734 ιι,
1376 3669 1450 3737 bt).
1463 3666 1493 3722 Si
1505 3665 1579 3722 enim
1593 3665 1686 3723 fenum
1700 3667 1833 3737 terbum,
1842 3674 1872 3722 et

140 3796 141 3799 =
222 3757 313 3828 bools,
329 3757 379 3815 Dei
394 3754 598 3827 beneplacitum
609 3765 636 3813 et
650 3754 779 3827 mysteria
792 3755 940 3813 uoluntatis
959 3757 1020 3829 eius
1075 3751 1187 3812 1891
1203 3753 1321 3812 Verbum
1333 3753 1362 3811 in
1375 3761 1508 3812 aurnum
1527 3762 1627 3824 menet,
1650 3754 1744 3812 tenum
1758 3767 1871 3827 qnoque

223 3846 371 3918 inquirere,
404 3852 547 3918 penetrare
575 3843 720 3902 deuotione
743 3843 840 3915 ambe,
875 3854 902 3903 et
929 3853 1020 3904 mente
1073 3857 1183 3901 neeesse
1204 3849 1246 3899 est
1268 3843 1417 3900 maneatin
1432 3850 1573 3900 eternum.
1587 3842 1716 3917 Alioquin
1731 3842 1874 3925 quomodo

223 3949 356 4007 supernae
378 3933 492 3991 cimuire
505 3933 672 4001 mensiones,
687 3932 805 3992 salnure
828 3941 918 4005 patres
939 3943 1020 4008 etque
1072 3931 1155 3990 ritem
1177 3932 1282 4004 praebet
1295 3939 1432 4002 eternam,
1456 3931 1479 3988 ai
1502 3931 1592 4005 ipsum
1604 3931 1717 3988 minirum
1730 3937 1823 3988 menet
1843 3929 1872 3986 in

223 4025 361 4094 apostolos
375 4031 403 4081 et
416 4025 515 4080 choros
529 4023 734 4095 propbeurum,
759 4033 964 4096 martyrumque
973 4024 1020 4080 ad·
1073 4029 1206 4078 ebenum
1217 4020 1232 4076 t
1245 4021 1291 4077 Ait
1306 4021 1380 4078 enirn
1400 4038 1407 4077 ε
1423 4021 1454 4079 st
1467 4023 1530 4094 quta
1539 4019 1756 4078 manducaverit
1771 4016 1871 4079 seduc

224 4111 315 4168 mirari
335 4111 540 4183 triumphoque
567 4120 677 4182 stupere
691 4109 894 4182 pulcherrimus
910 4111 1021 4170 ordines
1071 4125 1156 4190 parte,
1170 4111 1246 4169 uiuet
1257 4111 1291 4166 t'rt
1302 4112 1585 4183 aternumdttquettt
1592 4107 1872 4182 punendtmtppertt

222 4201 381 4275 angelorum
407 4219 414 4257 :
440 4213 513 4256 nunc
531 4198 659 4256 omnibus
679 4199 723 4255 bis
749 4199 873 4270 omissis,
889 4201 962 4272 turpi
989 4215 1020 4258 se
1073 4213 1137 4254 cum
1147 4198 1287 4271 subjungit
1307 4200 1461 4272 :titparrt'e
1474 4215 1558 4272 quem
1572 4215 1621 4272 epo
1634 4197 1713 4266 datu,
1729 4211 1872 4256 cerame·

223 4287 629 4362 mancipetcorpurisserrituti
656 4287 692 4342 td
719 4287 904 4344 obediendum
932 4289 1020 4363 cerui,
1074 4291 1181 4360 estpro
1196 4286 1477 4360 mundiuita(tuart.
1497 4302 1539 4354 vt,
1555 4291 1614 4358 tt).
1633 4285 1778 4358 dumeto
1803 4299 1872 4358 ψ

223 4382 256 4438 ad
271 4377 490 4435 satisfaciendum
506 4376 591 4435 ventri
612 4382 640 4432 et
653 4375 738 4449 gule,
761 4379 796 4432 ed
812 4377 1018 4436 mendicandum
1035 4407 1058 4485 n
1073 4385 1204 4433 aeternum
1216 4391 1273 4434 non
1286 4384 1339 4444 ert,
1355 4391 1411 4450 quo
1423 4374 1588 4435 eremeliter
1600 4375 1727 4436 mutari

223 4467 250 4524 iu
277 4469 404 4525 universe
418 4473 498 4536 terre,
529 4465 602 4522 unde
614 4481 649 4522 ex
662 4480 695 4521 ee
707 4479 770 4538 quae
782 4466 904 4539 praeterit
924 4469 1020 4525 mundi
1110 4469 1137 4524 t.
1152 4465 1207 4522 Sed
1220 4464 1311 4522 recole
1325 4479 1515 4524 nuuameoum
1530 4479 1625 4524 roeem
1639 4464 1700 4522 Filii
1712 4464 1747 4524 ad
1761 4463 1873 4522 Patren

223 4557 306 4628 bnjns
319 4555 425 4630 dgure,¹
441 4571 517 4611 suem
533 4569 642 4627 semper
663 4552 817 4612 famelicam
834 4556 1020 4615 curiositatem
1072 4553 1210 4628 loquentis
1223 4553 1251 4609 in
1264 4555 1387 4627 psalmo:
1416 4555 1479 4614 Non
1492 4554 1582 4623 datis,
1606 4553 1702 4626 iuquit,
1730 4553 1873 4612 mvta-

223 4646 394 4719 aliquatenus
417 4643 583 4701 consuletur.
610 4643 709 4700 Exitus
731 4657 863 4717 mnarum
885 4646 1021 4704 deducunt
1073 4649 1157 4702 tuum
1169 4641 1261 4700 uidere
1274 4647 1485 4718 curruptionem
1498 4643 1588 4718 (reat.
1602 4641 1873 4716 xr,tt).tianddn·

223 4735 296 4792 oculi
312 4734 365 4792 mei
382 4748 466 4807 snper
487 4733 645 4804 hujusmodi
662 4732 790 4800 animam,
815 4749 877 4807 quae
891 4749 952 4792 aum
965 4752 1017 4792 nu·
1071 4731 1150 4790 bium
1158 4732 1223 4804 quin
1233 4733 1389 4805 deuorpore
1403 4733 1486 4804 dieat,
1501 4734 1574 4805 quod
1587 4735 1751 4806 insepulcro
1762 4731 1874 4802 jteebct

225 4823 335 4879 triretur
373 4824 401 4880 in
423 4824 537 4897 croceis,
565 4822 672 4880 demum
701 4822 869 4896 amplexetur
901 4831 1020 4882 swruore
1072 4821 1207 4880 exanime.
1219 4821 1276 4879 Hoc
1289 4822 1363 4878 euim
1375 4830 1498 4879 sendum
1511 4830 1538 4879 et
1551 4821 1665 4896 angelum
1674 4823 1722 4896 qui
1737 4820 1874 4878 unumve

224 4911 339 4984 (lires.
361 4925 400 4978 rr,
416 4913 456 4983 tt).
470 4913 653 4981 Pauiterrr'rrr,
666 4911 741 4983 juxte
753 4911 888 4970 beaturi
910 4924 1020 4970 senten·
1072 4909 1189 4984 Virgini,
1204 4911 1314 4968 loeutus
1326 4921 1370 4970 est
1381 4910 1496 4968 diceus:
1512 4913 1549 4969 tt
1562 4912 1634 4986 quod
1647 4914 1787 4969 emese
1796 4913 1873 4970 este

225 5001 299 5070 tiam,
314 5001 440 5058 eterttcrn
448 5017 510 5073 qua
523 5017 582 5059 nun
598 5000 715 5060 babebat
729 5001 814 5075 fitius,
823 5005 851 5060 et
861 5001 952 5060 uidua
960 5019 1019 5060 nort
1073 4999 1466 5067 Scaurumnuautttartttttus
1478 5003 1530 5060 Dei
1544 5003 1624 5072 (tua.
1638 5015 1658 5069 t,
1669 4998 1790 5074 35).οω
1802 5013 1873 5072 crgo

223 5088 601 5162 benesecrtttnb.urr,tt).
616 5089 879 5164 utrimquesecus
893 5089 1019 5164 simplici·
1071 5095 1152 5162 ptcto
1176 5095 1298 5145 emaum
1318 5088 1411 5146 lenum
1426 5091 1639 5164 poteretsidcre
1655 5089 1873 5163 corruptionem,

222 5187 272 5250 ter,
289 5179 434 5254 spretum
446 5179 641 5252 sedepredere,
655 5177 779 5252 inquitet
792 5181 837 5236 abt
849 5183 912 5254 poet
924 5195 1019 5253 propes
1071 5177 1145 5250 quod
1159 5177 1194 5236 de
1207 5175 1357 5252 incorrupti
1369 5178 1438 5236 uteri
1449 5188 1582 5253 perpetuo
1594 5179 1684 5239 rimre
1695 5177 1874 5238 vementibus

222 5271 363 5329 eodutr'um
378 5273 505 5338 mmm,
519 5270 548 5326 et
561 5282 645 5343 putee
658 5267 751 5327 boedoa
766 5273 841 5325 tuos.
855 5269 886 5324 tn
904 5285 970 5340 quo,
989 5275 1019 5326 nt
1071 5267 1183 5339 pascuis
1197 5273 1299 5337 ortum,
1314 5267 1498 5326 etiemevidos
1511 5270 1671 5343 angelorum
1688 5271 1716 5326 iu
1735 5284 1767 5326 se
1785 5267 1872 5340 figere

222 5359 290 5416 mibi
313 5359 429 5426 videtur,
451 5372 561 5431 megnte
584 5357 728 5428 cujusdem
749 5356 790 5414 rei
813 5372 865 5413 nos
878 5357 1016 5416 admonet.
1070 5356 1160 5430 possit
1190 5356 1313 5424 obtutus,
1334 5355 1521 5414 insatiabiliter
1544 5355 1747 5415 oblectandos?
1770 5355 1871 5412 Perdat

222 5447 293 5521 Quid
305 5446 397 5507 istud?
418 5445 496 5505 licut
522 5446 596 5519 quod
610 5445 719 5520 egregia
732 5453 863 5514 creatura,
876 5446 932 5516 jem
952 5445 1019 5505 olim
1071 5459 1136 5503 eane
1149 5445 1242 5504 tenum
1255 5445 1428 5514 viriditatem,
1452 5445 1475 5503 si
1497 5446 1580 5504 lteris
1594 5445 1779 5520 virginitatem
1795 5448 1869 5503 ami·

221 5537 294 5596 iacta
314 5537 348 5596 de
370 5553 467 5612 grege,
492 5545 520 5593 et
532 5551 605 5594 nunc
617 5535 646 5591 in
660 5535 737 5607 peius
751 5535 942 5593 miserabiliter
954 5551 1018 5610 pro·
1070 5533 1146 5592 terit.
1160 5534 1233 5610 itrgo
1249 5533 1327 5593 dhus
1353 5534 1472 5594 bominis
1497 5537 1611 5596 mutarit
1635 5551 1665 5596 se
1683 5536 1712 5594 in
1735 5533 1868 5609 pabutum

223 5641 317 5700 mens,
344 5643 398 5688 aon
412 5627 508 5686 saltent
530 5624 601 5683 iuter
613 5639 714 5700 greges
733 5639 873 5684 remanere
886 5624 1021 5699 permitti·
1071 5625 1189 5698 pecoris,
1204 5621 1473 5683 bominemntetoiu
1492 5637 1588 5698 pecua
1606 5625 1666 5684 lteu
1682 5623 1767 5683 tristis
1780 5623 1865 5682 etis-
