3996 6350
143 345 182 406 as
399 311 402 316 ’
879 339 1062 406 eamean.
1759 341 1796 404 ac

142 472 209 526 berc
226 489 237 521 a
254 468 326 538 Quin
340 470 423 526 ctiam
442 470 476 524 ad
500 467 660 539 Philippum,
674 464 993 524 coloniensisEcclesiae
1012 465 1187 538 prnpns'uum
1205 469 1288 537 atque
1306 465 1477 536 imperatoris
1498 465 1705 536 cancellarium,
1724 465 1791 522 seri-

141 559 211 615 bsns
225 558 254 613 iu
268 573 386 630 persnas
402 557 492 614 hatris
504 555 630 628 Philippi,
646 563 727 628 atque
741 555 793 628 ipsi
807 555 843 613 de
852 553 1192 626 itinerelercselymitauu
1207 553 1411 624 onnfflatulans,
1429 555 1491 623 ejus
1503 555 1707 622 bibliothecam,
1725 569 1791 612 sane

140 647 314 717 locupletem,
330 645 447 718 postusld
461 643 504 700 bis
516 644 608 702 verbis
621 643 743 716 epistolas
762 648 796 700 sti
813 660 821 700 ι
842 665 853 696 ι
872 644 970 701 Sedet
986 641 1063 699 illum
1086 641 1262 713 singulariter
1281 643 1437 698 nresamum
1460 649 1547 714 tuuan,
1561 641 1793 702 nobilemleiblic·

142 737 247 791 thecam
260 734 366 807 loquer,
383 748 464 806 ᾳιιιιιι
483 733 578 805 utique
601 739 656 788 ιιιιι
670 731 832 790 mirabiliter
846 749 928 805 quam
942 730 1195 804 incomparabiliter
1208 729 1379 802 congessisti,
1395 727 1459 786 vide
1470 737 1502 786 ιιι
1524 730 1664 803 relinquas
1686 747 1791 806 paupe-

140 823 215 880 ribus
228 821 343 894 christi,
359 822 406 894 qui
420 835 471 894 pre
490 829 517 878 te
531 827 613 878 orent
625 831 653 878 et
667 821 786 892 plorem,
803 828 832 878 ut
846 837 1008 893 prosperum
1027 821 1079 878 iter
1094 819 1176 876 laciat
1187 819 1260 876 Deus
1274 817 1432 874 salutarium
1446 824 1612 875 nostrarum.
1632 840 1644 870 a

175 910 462 982 >saliniensem
478 910 634 982 religiosum
649 917 792 981 praestaret
805 910 942 982 Nicotaus,
959 923 1015 964 uon
1033 909 1119 965 solum
1140 924 1236 965 versus
1251 906 1376 980 exemplo
1394 905 1664 964 cnm-Vallensium
1681 923 1791 966 suorum

140 1001 233 1073 legere
251 1000 396 1067 detrectat,
411 1001 462 1055 sed
486 998 567 1054 etiam
582 998 700 1056 tunicam
722 997 774 1054 sibi
792 999 829 1054 ab
854 998 941 1054 amico
955 998 1150 1067 transmissam,
1166 997 1244 1070 quasi
1266 1011 1363 1068 parum
1384 995 1473 1053 ordivai
1497 1011 1548 1054 suo
1566 995 1790 1067 sauvamentum,

140 1087 261 1144 reudttit.
277 1088 317 1142 De
332 1086 455 1144 versibus
469 1088 522 1143 hoc
537 1087 621 1144 habet
636 1085 663 1142 iu
688 1086 803 1158 epistola
818 1090 852 1142 td
868 1105 874 1142 :
892 1107 904 1138 a
923 1087 1024 1142 Versus
1038 1084 1141 1142 satan
1160 1085 1223 1151 mei,
1239 1084 1293 1142 imo
1309 1093 1337 1142 ct
1355 1084 1403 1154 tui,
1420 1084 1541 1141 nendum
1556 1083 1650 1142 habuit
1666 1085 1722 1142 Sed
1741 1085 1792 1140 etsi

138 1175 276 1243 vidissem,
293 1191 347 1233 uun
363 1175 558 1247 perlegissem
575 1175 643 1247 quia
659 1189 710 1231 uos
723 1175 790 1231 nibil
810 1174 958 1247 recipimus
981 1175 1054 1245 quod
1078 1173 1196 1230 metricis
1219 1174 1326 1246 legibue
1349 1182 1502 1230 coercetur.
1520 1195 1532 1226 ι
1549 1173 1681 1230 Tunicam
1694 1171 1745 1244 ipsi
1764 1173 1791 1228 in

137 1263 261 1320 amicitie
274 1264 381 1337 agnum
398 1263 512 1321 dederat
525 1264 587 1321 Odo
604 1263 781 1320 Pulterieueis
798 1265 884 1319 abbas
896 1279 912 1320 e
926 1279 1040 1320 numero
1054 1263 1201 1336 Nigrorum
1215 1280 1222 1318 ι
1239 1263 1287 1318 sed
1308 1279 1369 1318 eam
1383 1263 1512 1320 Nicolaue
1526 1261 1617 1320 reddit
1631 1277 1692 1319 cum
1707 1261 1791 1317 multa

138 1351 286 1427 gratiarum
299 1353 405 1410 actione
416 1352 531 1425 epistola
547 1354 591 1419 27,
607 1351 735 1408 nimirum
749 1352 822 1423 quod
839 1374 851 1404 ι
868 1349 948 1408 nimis
963 1359 1037 1408 esset
1051 1351 1176 1424 speciosa
1191 1357 1220 1408 et
1232 1350 1370 1424 pretiose;
1388 1353 1464 1408 ahcc
1477 1351 1547 1419 solo,
1562 1371 1573 1404 a
1591 1350 1691 1423 iuquit,
1709 1371 1720 1402 a
1737 1363 1792 1406 non

137 1441 219 1509 bona,
235 1441 299 1512 quia
314 1440 425 1496 nimium
448 1441 531 1496 bona.
549 1459 560 1491 ι
576 1441 645 1496 Tum
667 1441 769 1496 subdit.
788 1461 799 1492 ι
815 1440 873 1496 Neo
886 1440 1027 1508 volo,.uee
1040 1439 1126 1506 valeo,
1147 1440 1201 1496 imo
1225 1455 1281 1496 non
1299 1439 1389 1496 debeo
1412 1439 1526 1496 iuduere
1550 1438 1633 1495 illam.
1649 1439 1723 1494 luter
1744 1452 1792 1494 eos

136 1526 183 1598 qni
205 1527 356 1597 panniculis
378 1537 406 1584 et
431 1528 607 1584 semicinctiis
629 1528 794 1598 vcstiuntur,
813 1543 872 1584 uec
883 1535 1059 1600 purpuratus,
1076 1541 1127 1584 uec
1152 1543 1207 1584 uon
1231 1527 1367 1584 tunicatus
1387 1527 1523 1586 incedam.
1549 1527 1643 1594 hbsit,
1658 1526 1740 1592 absit,
1763 1532 1792 1580 ut

137 1614 280 1684 peccatrici
300 1615 375 1670 carm
399 1616 485 1673 vestis
505 1617 603 1672 iterum
627 1615 772 1687 splendida
794 1622 1000 1686 cuspinianus
1019 1622 1142 1687 raptetur
1159 1616 1196 1671 nd
1215 1615 1333 1687 ineptias
1347 1631 1419 1672 sues.
1434 1617 1583 1689 Propterea
1602 1614 1714 1674 remitto
1730 1629 1791 1670 eam

136 1702 224 1771 vohis,
241 1717 302 1760 cum
316 1719 372 1761 uon
385 1703 419 1760 eit
434 1705 505 1761 inter
519 1719 569 1760 nos
583 1703 628 1777 qui
641 1703 685 1761 vel
698 1703 808 1776 audeat,
824 1703 868 1762 vel
881 1704 984 1761 debeat
1000 1703 1075 1760 illam
1088 1703 1214 1760 induere.
1231 1701 1285 1760 Vas
1301 1703 1407 1760 induite
1419 1704 1504 1769 ilum,
1519 1703 1630 1760 domiue
1646 1705 1737 1769 Pater,
1747 1693 1791 1758 cni

136 1791 314 1848 cteucrdine
327 1792 402 1860 licet,
417 1799 444 1848 et
458 1808 491 1850 ex
512 1792 657 1866 dignitate.
673 1792 741 1848 cum
769 1791 842 1848 enim
864 1793 983 1850 tunicam
999 1791 1122 1864 induitis,
1139 1791 1208 1848 ultra
1231 1791 1458 1850 cousuetudinem
1477 1800 1595 1850 vestram
1618 1791 1716 1849 tacitis.
1734 1790 1789 1848 Sed

136 1879 208 1936 scitis
221 1883 283 1952 qule
296 1880 418 1937 dixerit:
436 1883 466 1938 St
479 1882 546 1955 quid
558 1882 811 1954 supercroqcvmis,
824 1899 873 1954 epo
888 1898 955 1938 cum
968 1882 1079 1940 rediere
1094 1881 1214 1938 reddam
1230 1881 1282 1938 tibi
1296 1879 1364 1953 (luc
1378 1897 1399 1936 x
1414 1883 1469 1953 35).

171 1968 253 2024 XLV.
264 1967 327 2023 cria
340 1968 368 2023 iu
383 1969 425 2024 his
439 1969 531 2026 serbis
551 1969 741 2027 observatione
756 1969 838 2040 digne
853 1976 925 2026 sunt.
942 1969 1059 2026 Primum
1079 1977 1121 2026 est
1144 1969 1179 2024 de
1194 1968 1382 2036 semicinctiis,
1398 1968 1445 2024 ubi
1458 1968 1482 2024 si
1496 1968 1621 2026 vocabuli
1645 1967 1787 2040 preprium

135 2057 493 2123 usumretinnithicelaus,
508 2058 571 2113 inde
585 2057 761 2114 semicinctiis
774 2073 839 2115 usos
853 2055 939 2114 luisse
957 2057 1155 2115 cistercienses
1170 2056 1334 2128 colligimus.
1348 2056 1419 2127 Qtrid
1433 2057 1469 2113 eit
1487 2065 1578 2114 autem
1592 2055 1788 2113 semiomctium

134 2144 294 2218 intelligitur
308 2163 342 2202 ex
361 2145 491 2202 Herherti
505 2145 575 2202 libro
594 2161 603 2200 ι
618 2147 658 2203 lle
673 2146 810 2204 miraculis
828 2146 1052 2212 cisterciensem,
1068 2145 1157 2218 capite
1176 2151 1204 2212 s,
1219 2146 1269 2209 ubi
1281 2146 1304 2202 is
1318 2146 1352 2202 de
1368 2145 1529 2204 schocelino
1541 2145 1600 2217 agri
1619 2143 1789 2202 Trevircnsis

134 2233 248 2290 eremita
262 2249 359 2306 egens
375 2233 410 2288 ita
426 2250 485 2290 rem
503 2234 619 2306 explicat
635 2251 643 2290 ι
661 2257 673 2286 ι
693 2236 819 2292 Habebat
832 2249 943 2308 quoque
958 2235 998 2291 vir
1009 2234 1055 2292 ille
1067 2233 1297 2304 locupletissimus
1310 2234 1522 2306 circumligatam
1536 2233 1648 2293 renibus
1660 2231 1787 2289 municiu-

132 2322 221 2378 ctiam·
237 2321 319 2379 vilem
342 2331 424 2395 atque
442 2323 642 2392 brevissimam,
658 2339 718 2395 quse
739 2324 908 2382 verecundas
930 2323 1104 2380 solummodo
1128 2325 1252 2396 corperis
1275 2331 1369 2395 partes
1390 2324 1499 2396 operire
1513 2323 1566 2381 ‘via
1587 2328 1710 2396 poterat,
1726 2336 1787 2376 cnm

132 2425 195 2466 eum
210 2410 365 2469 homiuibus
388 2425 521 2484 apparere
546 2411 723 2484 compelleret
747 2412 797 2468 ista
821 2421 875 2467 mm
894 2411 1058 2468 inevitabilis
1082 2427 1173 2467 causa.
1191 2432 1203 2462 a
1222 2410 1397 2468 humbarinm
1421 2420 1531 2468 vetares
1552 2409 1736 2483 appellabant.
1751 2408 1789 2463 Et

133 2498 243 2567 quidem
256 2498 453 2555 Cisteroienscs
470 2498 603 2569 ejusmodi
626 2499 803 2556 semicinctiis
817 2497 949 2572 principio
969 2513 1035 2556 unns
1058 2498 1143 2554 luisse
1157 2498 1382 2554 verisimillimum
1405 2506 1448 2554 est
1465 2517 1472 2557 :
1488 2497 1604 2554 maxime
1628 2513 1689 2553 curu
1712 2495 1787 2552 tuni.-

132 2599 192 2641 cam
206 2584 292 2641 eobm
306 2587 381 2642 carni
392 2586 582 2644 adherentem
594 2592 753 2660 gestarent3
768 2587 851 2658 idque
865 2584 1052 2644 uenenarium
1067 2586 1207 2643 videretur
1220 2586 1254 2640 ad
1268 2585 1452 2656 honestatem,
1467 2601 1529 2642 cum
1548 2586 1657 2655 abjecta
1683 2583 1788 2640 cuculla

8 2707 17 2720 .
133 2671 220 2729 lahori
243 2688 370 2728 manuum
393 2673 537 2730 anement.
562 2673 685 2728 Alterum
708 2681 803 2730 notatu
822 2673 935 2745 dignum
957 2681 1013 2737 est,
1029 2688 1078 2728 cur
1103 2671 1220 2728 tunicam
1241 2671 1358 2728 iuduere
1381 2673 1454 2728 dicat
1478 2673 1606 2730 Nicolaus
1628 2687 1690 2728 esse
1712 2670 1785 2728 ultra

131 2760 356 2816 consuetudinem
370 2768 400 2815 et
420 2760 544 2816 ordinem
568 2761 673 2816 abbatis
700 2759 884 2816 Pultsriensis.
901 2761 926 2814 le
949 2759 1050 2831 quippe
1064 2757 1203 2830 professus
1228 2767 1286 2814 erat
1309 2759 1396 2814 munti
1412 2759 1553 2816 Benedicti
1575 2759 1717 2831 Reguhm,
1733 2773 1788 2831 qua

133 2845 272 2902 monacbis
285 2845 340 2903 suis
355 2846 489 2903 interulis
502 2846 619 2902 tunicam
633 2847 759 2904 concedit
772 2849 863 2918 capite
875 2847 920 2904 bd.
934 2847 964 2902 ld
978 2845 1089 2918 quidem
1103 2861 1198 2902 verum
1215 2862 1222 2902 ι
1238 2851 1267 2900 at
1285 2845 1338 2902 illis
1353 2845 1521 2918 temporibus
1534 2846 1563 2902 iu
1573 2861 1623 2902 usu
1637 2851 1696 2902 erat
1709 2845 1785 2918 apud

133 2935 281 2991 monachos
293 2944 357 3010 toga
373 2934 475 2999 talaris,
490 2949 545 2992 uon
565 2933 667 3001 tunica,
682 2952 745 3006 qnae
765 2934 810 2992 vix
832 2935 868 2990 ad
883 2935 1001 2992 medum
1021 2935 1114 2992 tiltiam
1129 2935 1278 3000 dellucbat,
1293 2933 1404 3008 qudem
1417 2935 1564 3006 gesnbam
1578 2927 1784 3002 cistercienses,

133 3027 175 3078 hu
189 3037 255 3080 vero
275 3023 394 3079 tunicam
415 3023 502 3092 illam,
518 3023 589 3080 haud
612 3023 694 3080 duhie
713 3023 866 3090 candidam,
882 3039 964 3095 quarn
982 3022 1043 3079 Odo
1067 3023 1153 3080 abbas
1174 3022 1286 3080 Nicolao
1316 3021 1506 3078 transmiserat
1518 3022 1604 3094 (quod
1628 3021 1710 3080 tertio
1724 3022 1785 3080 loca

133 3111 309 3184 notandum),
323 3111 411 3168 Odoni
434 3111 527 3168 abbati
551 3112 666 3168 induere
684 3111 795 3182 licebat,
811 3112 851 3168 uti
868 3111 965 3168 scribit
985 3111 1122 3179 Nicolaus,
1140 3132 1152 3163 a
1168 3118 1198 3167 et
1216 3127 1250 3168 ex
1273 3109 1426 3178 ordinem
1448 3126 1483 3167 ex
1504 3110 1656 3182 dignintet
1679 3130 1691 3162 s
1715 3109 1785 3179 Quid

132 3199 228 3256 enimi
241 3217 276 3255 eu
292 3208 357 3257 tunc
370 3201 495 3258 monachi
515 3200 593 3277 Nigri
607 3201 732 3258 candidis
751 3201 921 3258 utebantur?
936 3202 991 3258 cnr
1004 3215 1071 3273 ergo
1083 3208 1158 3258 ιιιιιιι
1172 3199 1244 3257 inter
1258 3215 1307 3257 eos
1316 3207 1345 3257 et
1358 3199 1556 3258 cistercienses
1569 3200 1604 3256 de
1619 3205 1695 3257 veste
1704 3199 1787 3271 pulla

133 3297 160 3344 et
172 3288 234 3344 elba
251 3287 437 3362 disceptatio?
453 3290 556 3345 Verum
573 3289 699 3357 madida,
714 3289 810 3346 saltem
824 3289 986 3364 quibusdam
1005 3289 1034 3344 in
1055 3289 1131 3356 locis,
1149 3287 1317 3346 bendictiui
1330 3288 1420 3346 tunica
1441 3289 1601 3358 utebantur,
1616 3287 1666 3344 sed
1680 3287 1787 3345 cuculla

132 3385 201 3447 atra,
215 3394 277 3435 cum
300 3377 390 3456 ιιιιιιιι
412 3385 552 3452 gestarent
575 3377 780 3437 eistcrcieoeeo.
803 3380 874 3436 Sane
897 3380 926 3436 iu
948 3377 1135 3436 caeremoniali
1159 3377 1316 3446 helenensi,
1339 3377 1413 3451 quod
1437 3375 1482 3434 illa
1499 3381 1581 3434 aetats
1603 3379 1629 3434 in
1654 3393 1704 3433 usu
1723 3383 1787 3434 ¹erat

133 3482 181 3537 pro
195 3466 336 3524 monachis
349 3467 453 3542 Nigris,
469 3465 572 3538 depicti
585 3476 733 3524 mruuutnr
747 3483 803 3524 nou
817 3483 873 3524 uuo
890 3466 918 3522 in
943 3467 1003 3524 loco
1017 3467 1143 3524 monachi
1162 3473 1227 3539 toga
1240 3465 1358 3526 candida
1371 3465 1469 3538 induti,
1484 3475 1512 3524 at
1525 3464 1632 3524 menta
1646 3467 1758 3524 subatra
1777 3484 1785 3521 a

131 3555 205 3626 quod
223 3564 369 3626 utrumque
388 3555 472 3612 etiam
488 3555 694 3612 observavimus
705 3556 734 3611 in
752 3555 813 3610 aliis
832 3555 956 3626 picturis,
968 3555 1086 3614 maxime
1100 3556 1130 3612 in
1151 3555 1221 3614 libro
1235 3555 1341 3614 lldaani
1354 3555 1437 3612 Mauri
1453 3555 1488 3612 de
1506 3555 1602 3622 Grues,
1622 3554 1669 3610 uhi
1682 3553 1709 3610 is
1723 3569 1785 3612 sum

131 3643 223 3698 tunica
234 3641 297 3697 alhs
310 3641 477 3714 depingitur.
493 3642 656 3715 Quanquam
670 3658 726 3700 nou
739 3644 826 3700 sulum
840 3645 875 3700 dc
894 3643 1015 3711 cucullae,
1031 3646 1083 3702 sed
1095 3644 1178 3702 edan
1192 3644 1227 3700 de
1241 3645 1341 3702 tunicas
1355 3645 1449 3702 colom
1462 3643 1655 3701 Gluniacenses
1668 3643 1742 3700 inter
1754 3658 1786 3698 sc

131 3731 327 3787 Cistercienses
345 3739 406 3786 erat
422 3730 594 3802 disceptatio,
607 3738 637 3786 ιιι
657 3729 795 3804 colligitur
807 3747 841 3788 eu
855 3732 928 3788 Petri
943 3732 1117 3789 Venerabilis
1140 3731 1316 3804 epistolabia
1336 3737 1444 3804 itinn.
1461 3737 1630 3791 staterum
1655 3731 1699 3788 hin
1720 3747 1787 3788 usus

130 3819 203 3891 apud
219 3825 327 3875 nostros
342 3819 554 3890 haudquaquam
576 3817 718 3875 unilorrais
734 3827 803 3876 erat.
819 3823 963 3892 Postquam
978 3827 1069 3876 autem
1083 3835 1149 3876 usus
1173 3821 1245 3892 apud
1260 3835 1320 3886 ecs,¹
1334 3821 1380 3894 qui
1403 3821 1465 3878 elba
1478 3821 1570 3878 tunica
1588 3813 1784 3890 induebantur,

131 3907 255 3974 invaluit,
266 3909 409 3964 uttnuicre
425 3918 488 3982 toga
502 3907 680 3978 adjiceretur,
694 3915 722 3962 et
735 3907 860 3978 deposita
874 3914 951 3964 estre
965 3906 1199 3982 choruurcuculla,
1210 3909 1357 3983 quodclim
1373 3925 1408 3964 ue
1423 3908 1451 3964 iu
1464 3909 1536 3966 lecto
1551 3909 1662 3981 (μιιιειιι
1674 3908 1784 3978 licebat,

131 4005 196 4070 toga
209 3997 267 4054 sula
288 4011 348 4052 cum
372 3994 508 4066 scapulari
530 3995 656 4052 sultioere
676 3995 735 4052 visa
749 4004 792 4052 est
810 3996 846 4051 ad
868 3995 1042 4054 retinendum
1066 3996 1193 4054 monachi
1217 3997 1325 4069 insigne
1341 4013 1347 4050 :
1364 4003 1422 4052 turn
1443 3996 1553 4053 demum
1577 4003 1641 4068 tuga
1659 3996 1785 4068 enaim

132 4085 213 4141 etiem
228 4099 322 4157 panus
343 4083 451 4156 ubique
464 4083 540 4140 lacta
558 4091 611 4151 est,
627 4089 654 4140 et
668 4083 768 4141 lunicoe
782 4085 856 4140 celer
874 4085 955 4140 albus
976 4091 1100 4142 servatus
1115 4102 1122 4139 ι
1138 4085 1182 4141 cui
1196 4085 1331 4141 staminas
1343 4083 1484 4154 sacsoesit,
1500 4084 1703 4157 superinducta·
1712 4091 1785 4156 poet·

132 4174 242 4230 modum
261 4172 362 4244 tunica,
378 4187 440 4244 quae
463 4177 560 4228 nostro
583 4177 706 4245 tempore
729 4173 813 4228 etism
834 4172 863 4228 iu
877 4173 983 4244 ιιιειιιιιι
1006 4170 1126 4230 colorem
1150 4170 1272 4229 mutavit.
1289 4167 1485 4229 listereienses
1507 4187 1573 4229 vero
1596 4172 1699 4246 primis
1713 4179 1785 4230 tam·

132 4261 253 4335 poribus,
267 4261 324 4318 sola
346 4259 437 4318 tunica
456 4270 485 4316 et
509 4260 625 4329 cuctdla,
641 4268 687 4317 aut
709 4261 821 4319 cuculle
845 4261 905 4319 lacn
923 4260 1056 4334 scapulari
1080 4260 1216 4327 mutemi,
1240 4266 1327 4336 mnae,
1342 4261 1399 4318 eive
1422 4260 1570 4334 simplices,
1583 4261 1785 4335 staminaque

133 4353 297 4420 rejecerunt.
1329 4351 1335 4365 ¹

167 4439 261 4495 thll.
275 4439 454 4496 Revernmnr
468 4437 504 4494 ad
515 4437 667 4504 Nicolaum,
679 4437 726 4511 qui
740 4453 809 4510 quos
823 4437 851 4494 in
864 4436 948 4510 priori
958 4437 1124 4494 monmtcrio
1138 4453 1188 4494 eno
1198 4437 1390 4494 heremarensi
1400 4438 1502 4496 amiam
1514 4437 1567 4496 sibi
1582 4438 1785 4505 mudliaverat,

131 4527 284 4584 litterarum
298 4525 396 4584 officiis
410 4525 463 4583 sibi
478 4526 598 4583 refluere
611 4526 678 4583 satis
693 4527 758 4600 egit,
771 4526 922 4598 praesertim
936 4527 1032 4583 Petrus
1043 4525 1122 4596 duos,
1134 4525 1343 4584 cluniacensem
1356 4531 1385 4583 et
1398 4525 1552 4585 cellerm
1566 4527 1691 4584 abbates.
1703 4528 1786 4584 Biana

132 4623 238 4674 tantum
251 4615 286 4672 ad
301 4615 512 4674 cluniacensem
523 4616 583 4685 ejus
598 4616 727 4688 epistolas
738 4617 869 4673 habemus
882 4615 910 4671 iu
924 4615 988 4682 illis,
1000 4630 1068 4687 qnae
1082 4621 1147 4672 aule
1156 4630 1233 4671 suam
1243 4616 1278 4672 ab
1293 4614 1397 4671 Ordine
1410 4615 1586 4673 cisterciensi
1599 4615 1784 4674 delectionem

132 4706 250 4776 scripsit,
268 4721 367 4776 nempe
386 4705 457 4762 duas
474 4712 628 4785 postremas
648 4722 656 4760 ι
672 4711 700 4762 at
713 4705 795 4777 longe
809 4705 902 4776 plures
916 4703 951 4759 ed
965 4704 1074 4761 Petnuna
1091 4703 1253 4761 cellensem.
1268 4703 1359 4760 Prima
1378 4713 1422 4760 est
1435 4703 1551 4776 epistola
1565 4709 1609 4772 2⁰,
1623 4705 1653 4761 in
1667 4720 1785 4777 persona

128 4795 195 4850 tdae
214 4792 350 4860 monachi,
366 4793 412 4865 qui
435 4809 470 4850 ea
484 4792 601 4850 cellensi
615 4795 782 4851 monasterio
805 4794 839 4850 sd
863 4793 1109 4851 clare-Vallenses
1129 4793 1303 4866 migraverat.
1318 4793 1412 4850 Altera
1436 4801 1478 4850 est
1490 4796 1566 4868 aba
1588 4795 1661 4853 inter
1681 4795 1784 4854 amicos

126 4883 291 4940 amicissimo
305 4881 415 4937 domino
428 4884 510 4939 Petro
525 4883 645 4940 cellensi
668 4884 759 4941 abbati
776 4904 788 4934 ι
804 4883 888 4956 ipsius
901 4884 1005 4942 Nicolai
1029 4883 1138 4942 nominc
1153 4883 1296 4956 iuscripta,
1310 4899 1363 4955 qua
1387 4884 1493 4942 litteras
1511 4885 1704 4960 frequentandi
1717 4885 1782 4944 cffi-

126 4973 197 5029 cium
210 4973 383 5043 deprecatur.
399 4970 553 5028 cousiuvilia
577 4980 620 5029 est
643 4972 735 5030 titulus
757 4973 881 5046 epistolae
896 4977 930 5031 ts
957 4992 964 5032 :
982 4995 994 5026 a
1012 4972 1131 5046 speciali
1155 4978 1183 5030 et
1205 4987 1277 5044 pene
1290 4973 1423 5045 nugnleri
1447 4975 1537 5033 amice
1560 4977 1640 5034 Petro
1663 4959 1783 5034 cellsusi

126 5061 226 5118 abbati.
244 5079 256 5110 a
274 5059 397 5132 ltemque
412 5059 535 5130 epistolae
550 5063 594 5117 ts.
609 5061 723 5120 brevior
744 5063 793 5119 sed
808 5061 967 5118 familiarior
982 5062 1105 5135 epistole
1127 5060 1277 5134 sequentis,
1294 5082 1305 5114 ι
1324 5063 1379 5118 Suo
1394 5077 1459 5120 suns
1477 5081 1483 5122 :
1502 5086 1514 5116 a
1531 5072 1560 5122 et
1573 5067 1617 5138 (ιιι
1639 5063 1785 5138 epistolam

124 5154 155 5205 dl
169 5148 337 5220 omittamus)
352 5147 477 5220 epistole
491 5151 561 5214 bn«
579 5149 769 5209 succedanei
783 5166 850 5208 suus
863 5149 1105 5217 Clarae-vallensis,
1115 5151 1189 5222 quod
1203 5165 1279 5206 suus.
1293 5170 1305 5200 a
1317 5151 1385 5226 llec
1400 5154 1534 5226 quamob
1549 5169 1608 5210 rena
1620 5151 1782 5226 diligentias

123 5240 278 5305 observem,
293 5253 327 5294 eu
341 5235 456 5292 iuferius
468 5235 592 5292 diosmis
603 5240 756 5310 apparebit,
773 5247 803 5295 ut
816 5239 921 5297 scilicet
935 5239 1154 5296 Nicolaum-ante
1168 5253 1245 5294 susm
1259 5238 1442 5298 desertionem
1458 5243 1539 5298 Petro
1559 5241 1678 5296 Cellensi
1693 5241 1782 5314 proles

123 5325 272 5400 cognitum,
287 5331 370 5398 atque
391 5324 554 5381 familiarem
577 5326 711 5384 exstitisse
736 5343 857 5384 asseram
873 5347 880 5384 ι
897 5343 929 5384 ac
948 5327 1064 5400 prolude
1093 5326 1176 5383 alium
1199 5342 1260 5382 esse
1282 5342 1299 5383 a
1321 5328 1432 5386 Nicclso
1459 5329 1506 5385 illc
1529 5327 1673 5405 nnumin
1696 5345 1779 5403 quem

123 5415 218 5471 Petrus
231 5413 375 5479 Cellensis,
390 5419 520 5487 unquam
535 5413 564 5471 iu
579 5415 716 5472 hominem
731 5416 783 5472 sibi
797 5416 866 5473 lacis
884 5416 1018 5488 ignotum,
1035 5414 1165 5472 vindicias
1179 5431 1229 5487 pro
1244 5417 1384 5472 bernardo
1397 5419 1454 5486 ism
1469 5425 1576 5474 mortuo
1591 5417 1712 5490 scripsit.

159 5502 264 5560 XLVll.
281 5503 351 5560 Dum
369 5504 442 5575 apud
455 5503 685 5560 Claram-Vallem
708 5513 827 5562 moratur
841 5505 971 5562 Nicolaue
991 5505 1125 5572 Francus,
1140 5503 1229 5561 varias
1247 5503 1361 5562 eborum
1378 5505 1490 5562 nominc
1511 5507 1644 5578 epbmlas
1661 5506 1779 5580 scripsit,

122 5607 224 5664 nempe
236 5591 444 5667 nomina-ipsius
467 5592 611 5660 Βοιιιιιιιι,
625 5593 740 5652 llualem
764 5592 874 5667 prioris,
892 5599 928 5653 et·
946 5595 1060 5652 sumum
1083 5593 1290 5665 mnnsmomm,
1305 5607 1403 5653 omnes
1425 5609 1539 5655 aunem
1555 5595 1680 5670 mineus
1698 5611 1781 5668 supra
