4118 6346
238 427 293 482 tta
692 415 721 472 S.
741 413 923 476 amulam
941 413 1089 474 utulate
1108 408 1433 475 masculitanus
1836 413 1888 468 tau

238 543 363 604 interiori
373 555 433 598 eam
443 538 546 596 carceri
557 539 663 596 tradere
674 539 948 617 malignus1cdditor
961 544 1032 600 citos
1051 557 1074 636 Α
1090 541 1173 599 eorde
1194 537 1303 617 penitus
1316 537 1402 608 arido,
1426 535 1523 594 ductus
1545 527 1743 593 consuetudine
1761 534 1888 608 quadam,

239 643 266 694 et
291 627 457 702 tautonibus],
482 628 659 703 acceleraret,
684 631 734 686 sed
757 633 785 686 ct
804 641 922 690 castrum
945 632 1033 705 ipsum
1091 631 1170 706 plane
1188 629 1265 704 quasi
1279 629 1361 687 vitula
1375 625 1514 700 Ephraim,
1531 624 1610 680 docta
1625 619 1739 694 diligere
1754 621 1886 683 trituram.

236 722 344 797 ignibus
358 734 481 776 cremare
507 719 657 791 perpetuis,
673 727 703 776 ut
717 720 799 795 digna
820 721 938 792 perjuris
952 721 1035 776 etiam
1090 720 1261 778 Exteriorum
1275 733 1337 792 quae
1352 718 1385 774 ad
1400 714 1537 773 modicum
1557 711 1659 780 valent,
1683 727 1717 767 ue
1736 727 1821 768 unum
1835 713 1889 770 iota

238 813 315 870 deret
329 808 471 868 retributio
484 809 625 876 membris,
641 809 737 866 lortior
760 809 927 882 supervenit.
944 811 1035 866 lutra·
1091 809 1268 884 praetaritaut
1282 808 1387 881 apicem
1403 821 1504 874 uuum;
1521 803 1570 859 sad
1581 799 1713 858 camelum
1724 801 1812 874 glutit,
1825 802 1889 858 dum

237 903 276 960 vit
290 901 318 956 in
332 899 470 957 castellum
484 899 574 967 iesus,
588 899 633 972 qui
649 899 746 955 lortem
764 899 885 974 alligans,
902 901 961 970 ejus
974 915 1038 955 vasa
1092 899 1203 957 culicem
1229 897 1322 970 liquat.
1347 897 1377 952 ln
1397 893 1479 951 corde
1498 892 1571 950 enim
1591 907 1686 948 servus
1707 901 1749 948 est
1772 892 1890 966 propriae

238 990 364 1062 diripuit3
380 997 410 1045 ut
425 1003 485 1062 qma
499 989 575 1061 prius
586 995 664 1045 erant
677 989 704 1044 iu
726 988 928 1054 contumeliam,
938 987 1039 1044 iaceret
1092 985 1247 1054 voluntatis,
1262 985 1351 1042 cultor
1365 983 1493 1052 avaritiae,
1510 982 1605 1056 glorioe
1623 981 1747 1054 cupidus,
1764 981 1889 1039 ambitio·

237 1082 266 1138 in
285 1083 427 1138 honorem.
454 1079 585 1136 contrivit
608 1085 699 1150 portas
728 1095 823 1146 areas,
849 1085 877 1134 et
905 1077 1040 1152 confregit
1094 1077 1136 1132 nis
1157 1082 1280 1148 amator3
1305 1082 1351 1132 aut
1374 1075 1432 1130 baec
1454 1073 1554 1141 omnia,
1577 1079 1623 1128 aut
1646 1071 1754 1147 singula
1773 1087 1890 1146 quaeque

238 1170 344 1227 lerreos
362 1177 463 1239 vectes,
488 1166 607 1224 vinctum
621 1167 656 1222 de
679 1168 760 1224 domo
774 1167 890 1223 carceris
903 1175 931 1223 et
944 1168 1040 1222 umbra
1093 1166 1166 1222 intus
1179 1164 1244 1222 vitia
1263 1164 1359 1222 lovens
1374 1181 1381 1220 ι
1398 1171 1426 1218 et
1450 1162 1579 1219 mentitur
1604 1161 1732 1234 iniquitas
1755 1162 1817 1234 sibi,
1841 1160 1890 1216 sed

239 1260 334 1316 mortis
349 1263 476 1316 educens.
493 1257 576 1312 Porro
591 1271 719 1329 egressus
740 1258 800 1327 ejus
814 1257 842 1312 in
856 1255 1038 1313 consessione.
1093 1256 1167 1312 Deus
1181 1270 1235 1312 non
1249 1252 1387 1311 irridetur.
1400 1249 1500 1309 Videas
1514 1252 1585 1309 enim
1601 1251 1736 1308 interdum
1750 1252 1789 1308 sic
1798 1249 1891 1324 pallia·

239 1349 302 1422 Ipsa
316 1357 357 1405 est
371 1347 443 1404 enim
457 1359 551 1415 scopa,
567 1359 620 1418 qua
634 1345 779 1402 mundatus
804 1359 899 1402 carcer
912 1351 941 1401 et
955 1361 1037 1402 orna·
1095 1351 1151 1400 tum
1174 1342 1321 1412 homiuem,
1337 1350 1367 1398 ut
1385 1339 1496 1398 seducat
1508 1341 1589 1397 etiam
1608 1340 1793 1414 semetipsum,
1809 1339 1890 1412 peni-

240 1445 295 1506 tus,
315 1437 447 1508 deinceps
461 1434 627 1504 regularium
648 1433 848 1491 institutionum
867 1434 956 1506 juncis
975 1435 1036 1507 qui·
1095 1440 1139 1489 tus
1151 1447 1207 1488 non
1221 1432 1364 1490 attendens
1382 1445 1512 1499 vermem,
1528 1427 1574 1502 qui
1583 1428 1714 1485 interiora
1726 1427 1890 1500 depascitur.

240 1527 353 1583 busdam
369 1524 481 1596 pulchro
496 1522 647 1579 virentibus
671 1523 705 1579 de
720 1539 831 1598 carcere
853 1523 922 1580 rodit
940 1523 967 1578 in
987 1523 1040 1580 do·
1095 1521 1186 1578 Manet
1199 1521 1271 1578 enim
1285 1518 1453 1594 superficies,
1471 1520 1582 1576 etsalva
1596 1518 1649 1574 sibi
1663 1518 1753 1575 omnia
1772 1517 1890 1573 arbitra-

240 1631 322 1674 mnm.
339 1613 427 1670 Habet
449 1627 519 1685 ergo
532 1611 629 1668 mulier
639 1613 695 1682 jam
714 1613 825 1670 domum
848 1629 934 1684 suam,
958 1613 1041 1668 habet
1096 1621 1148 1670 tur.
1166 1609 1413 1681 commaculatam
1429 1611 1571 1684 propheta,
1585 1610 1766 1668 olieuirobur
1780 1610 1851 1682 ejas,
1863 1613 1892 1664 et

186 1699 190 1708 '
240 1705 286 1761 ubi
301 1701 432 1775 suscipiat
445 1717 518 1773 eum,
535 1701 579 1759 cui
592 1715 676 1774 super
690 1703 772 1759 tantis
795 1701 937 1760 beneficiis
952 1708 1040 1759 exstat
1094 1698 1512 1776 ignorauitwsee.vn,9).[)icit:
1524 1697 1890 1770 Qatautuessametnutttm

240 1793 367 1851 obnoxia.
379 1791 505 1863 Alioquin
515 1807 556 1848 vae
567 1791 603 1858 ei,
613 1791 635 1846 si
647 1807 708 1848 eum
720 1791 942 1865 excipererenuit
952 1791 975 1848 si
985 1807 1040 1848 uon
1095 1807 1250 1865 eqcorcum
1269 1790 1303 1846 sit
1315 1803 1433 1864 pauper,
1452 1788 1547 1859 miser,
1567 1792 1595 1845 et
1609 1787 1776 1846 miserabilis
1796 1787 1891 1859 (Apoe.

229 1881 355 1954 detinet,
372 1880 464 1938 sinon
479 1878 552 1952 cogit
565 1895 677 1937 manere
696 1895 799 1954 seeum,
815 1881 944 1954 quoniam
959 1880 1040 1937 adve-
1057 1874 1078 1952 Β
1095 1897 1136 1948 ιιι,
1158 1879 1212 1954 tt).
1235 1879 1304 1935 Nam
1324 1885 1351 1934 et
1370 1877 1480 1948 inventa
1494 1874 1637 1934 occasione
1652 1874 1763 1932 ebullire
1779 1874 1893 1946 saniem,

241 1969 509 2045 sperascit.lledieus
519 1968 592 2026 euim
602 1970 648 2042 qui
661 1969 737 2042 prius
748 1971 853 2041 ejectus
864 1969 1039 2040 c'st,munda-
1095 1987 1156 2043 quae
1170 1970 1271 2026 latebat
1291 1968 1319 2024 in
1334 1967 1436 2038 ulcere,
1456 1973 1483 2022 et
1497 1965 1625 2032 excisam,
1648 1979 1703 2022 non
1717 1962 1893 2036 exstirpatam

242 2066 295 2115 tam
307 2058 417 2132 quidem
423 2063 579 2114 ctornatam
589 2056 875 2129 domumiuvcnit,sed
887 2065 1038 2115 vacantem.
1096 2058 1222 2116 arborem
1232 2058 1259 2114 iu
1276 2057 1370 2114 silvam
1384 2055 1515 2128 pullulare
1526 2055 1620 2111 videas
1632 2053 1798 2112 densiorem.
1813 2051 1893 2123 Quod

277 2145 491 2220 5.Relinquitur
517 2145 650 2219 siquidem
670 2147 778 2204 mulieri
801 2148 897 2204 domus
918 2161 964 2203 sua
993 2147 1042 2202 de·
1096 2149 1246 2222 periculum
1267 2147 1289 2203 si
1313 2146 1437 2204 volumus
1459 2143 1609 2212 declinare,
1628 2143 1744 2201 securim
1758 2157 1893 2216 ponamus

243 2245 325 2304 serta,
342 2251 423 2310 quam
436 2234 529 2308 [olion
551 2234 623 2308 quia]
640 2235 786 2293 Salvatoris
799 2236 916 2308 bospitio
931 2236 1041 2309 dignam
1096 2253 1211 2295 necesse
1226 2244 1267 2294 est
1279 2235 1312 2291 ad
1328 2233 1434 2291 radices
1447 2234 1584 2305 arborum,
1598 2249 1653 2292 nou
1669 2232 1704 2289 ad
1717 2248 1815 2290 ramos.
1830 2231 1892 2288 Nou

243 2326 372 2384 exhibere
387 2324 517 2398 neglexit.
532 2323 685 2394 Quomodo,
707 2324 818 2399 inquis?
832 2324 970 2383 Poteritne
989 2326 1041 2382 do·
1097 2328 1154 2386 sola
1174 2324 1327 2384 inveniatur
1350 2325 1377 2380 in
1400 2323 1478 2380 nobis
1500 2322 1659 2380 exercitatio
1685 2321 1842 2396 corporalis,
1858 2318 1893 2376 ad

242 2433 306 2474 mus
328 2415 457 2471 mundata
481 2413 653 2470 consessione
677 2414 989 2485 priorumdelictorum,
1016 2422 1043 2469 et
1098 2417 1231 2474 modicum
1259 2414 1352 2472 valens
1369 2413 1440 2470 :sed
1463 2413 1618 2471 inveniatur
1645 2411 1718 2470 utilis
1743 2410 1778 2466 ad
1803 2409 1893 2468 omnia

242 2505 432 2563 obseruatione
447 2503 610 2574 regularium
625 2502 824 2560 institutionum
847 2513 953 2572 ornata,
969 2502 1042 2558 indi·
1097 2507 1194 2582 pietas,
1209 2511 1238 2562 et
1256 2503 1414 2561 exercitium
1433 2502 1582 2574 spirituale.

241 2611 297 2670 gna
325 2595 412 2651 adhuc
438 2591 553 2661 judicari
586 2593 739 2650 habitaculo
777 2593 881 2667 gratiae,
895 2591 1043 2650 salvatoris
1133 2598 1159 2651 7.
1171 2595 1280 2661 Mulier,
1291 2592 1387 2666 iuquit,
1400 2593 1506 2650 llortlrn
1519 2591 1760 2664 comine‚aacepit
1769 2589 1852 2646 iilam
1862 2591 1893 2646 ira

243 2683 386 2759 ingressu?
415 2683 518 2738 Poterit
542 2683 602 2738 sine
616 2682 710 2751 dubio,
745 2683 767 2737 si
793 2681 939 2754 superficie
965 2688 1044 2737 tcnus
1098 2685 1211 2743 doricum
1232 2683 1331 2740 avum!
1345 2686 1372 2739 et
1388 2681 1453 2739 licie
1472 2685 1535 2740 erut
1557 2696 1645 2748 soror,
1665 2681 1780 2738 nomino
1795 2681 1893 2736 llario.

242 2775 387 2830 emundata
410 2779 438 2827 ct
459 2771 557 2840 juncis,
581 2779 610 2826 ut
633 2771 733 2826 dictum
757 2781 809 2840 est,
835 2778 918 2826 strata
933 2769 1045 2827 virenti·
1099 2774 1213 2831 Sorores
1232 2777 1304 2843 sunt,
1327 2777 1354 2828 et
1372 2771 1475 2828 debent
1494 2786 1554 2826 esse
1573 2767 1790 2826 contubernales.
1806 2767 1893 2824 Occu·

242 2862 304 2928 hus,
319 2861 432 2915 interius
447 2859 526 2930 ploua
540 2858 575 2913 sit
588 2857 654 2916 luto.
671 2858 736 2927 Quis
756 2861 828 2914 onim
843 2859 1044 2930 suscipiendum
1098 2871 1178 2936 patur
1196 2864 1254 2918 haeo
1272 2861 1343 2917 circa
1361 2860 1491 2934 frequens
1506 2859 1695 2924 ministerium,
1712 2856 1756 2914 illa
1770 2855 1892 2912 Domini·

243 2950 388 3007 Dominum
401 2949 550 3004 arbitretur
563 2948 590 3001 in
615 2946 746 3002 dealbatis
768 2950 1036 3021 mortuorumsepul-
1099 2953 1137 3009 cis
1162 2959 1204 3010 est
1230 2951 1336 3008 intenta
1359 2949 1540 3007 sermonibus.
1566 2948 1608 3004 Ad
1635 2947 1764 3002 blartham
1791 2952 1895 3020 spectat

244 3038 307 3108 oris,
321 3053 382 3110 quaa
401 3035 559 3094 uidentura
578 3035 642 3091 ioris
657 3035 791 3107 speciosa,
815 3036 977 3093 intrinsecus
991 3053 1043 3092 au·
1097 3051 1220 3109 ornatus,
1240 3040 1289 3096 sed
1311 3038 1433 3111 impletio
1447 3039 1482 3095 ad
1496 3037 1617 3094 llariam.
1639 3036 1722 3092 Vacat
1741 3036 1813 3092 euim
1837 3037 1894 3092 llo·

245 3134 300 3184 tem
314 3125 443 3198 spurcitia
457 3132 485 3181 ct
508 3125 598 3180 sanies
616 3125 741 3180 universa
766 3123 898 3196 replevit?
918 3127 984 3182 Esto
1003 3126 1042 3182 si·
1098 3128 1181 3198 mino,
1199 3136 1298 3186 utnon
1313 3128 1347 3183 sit
1362 3127 1457 3184 domus
1480 3141 1589 3184 vacans.
1618 3124 1672 3182 Sed
1691 3123 1894 3180 mundationem

245 3215 355 3290 quidem
370 3213 559 3287 utaliquando
574 3221 703 3286 tanquam
717 3215 776 3286 ipsa
809 3214 953 3286 superlicio
968 3213 1043 3272 dele·
1098 3218 1141 3275 cui
1156 3217 1291 3291 possimus
1305 3215 1475 3273 attribuere?
1494 3214 1553 3272 llrit
1567 3213 1652 3285 enim,
1666 3213 1689 3270 si
1704 3219 1732 3269 et
1744 3213 1807 3280 boc,
1820 3213 1897 3272 iuve-

245 3313 343 3371 etatus,
370 3303 474 3374 incipet
498 3303 573 3360 velut
599 3302 717 3376 primurn
735 3317 874 3376 apponere
903 3303 1043 3376 pedem,ei
1098 3308 1228 3376 uenimus,
1259 3306 1366 3376 domus,
1395 3305 1421 3362 in
1449 3322 1504 3378 qua
1531 3303 1654 3363 Salvator
1683 3302 1838 3376 suscipitur,
1868 3309 1897 3358 et

245 3393 290 3466 qui
305 3391 458 3464 hujusmodi
474 3399 524 3460 est,
541 3391 654 3465 primam
669 3392 786 3464 aliquam
811 3393 971 3450 visitationis
986 3409 1042 3449 suae
1097 3398 1208 3462 munda,
1224 3391 1254 3453 ct
1266 3403 1371 3464 ornata,
1387 3403 1416 3452 et
1439 3411 1492 3452 non
1508 3410 1617 3452 vacans.
1642 3393 1743 3449 Demus
1765 3408 1826 3449 eam
1840 3391 1896 3449 La·

245 3483 359 3555 gratiam
372 3480 539 3557 indulgendo
555 3498 562 3536 :
579 3481 700 3554 uunquid
716 3496 769 3537 non
785 3481 886 3538 resiliet
900 3483 971 3540 illico
981 3497 1042 3538 oum
1097 3501 1171 3555 zaro,
1187 3487 1248 3543 siet
1263 3485 1339 3544 vobis
1353 3485 1390 3540 ita
1405 3483 1520 3542 videtur.
1552 3485 1584 3539 [t
1604 3481 1628 3539 ei
1643 3481 1778 3555 siquidem
1791 3480 1894 3538 irater-

244 3571 451 3643 indiguatioue?
483 3570 606 3642 nunquid
643 3585 697 3626 non
728 3571 852 3644 aufugiet
877 3571 1040 3628 clamitans:
1097 3576 1187 3632 nitatis
1200 3576 1262 3647 jure
1276 3591 1340 3632 cum
1354 3573 1493 3631 sororibus
1503 3573 1647 3631 estdomus
1661 3571 1713 3626 ista
1732 3571 1894 3628 communis.

248 3658 1043 3734 infixuasumiait'moprosaudi,elnooestaubstuntia?
1097 3664 1162 3722 Dico
1189 3673 1278 3720 autem
1308 3663 1447 3732 Lazarum,
1477 3679 1558 3735 quem
1592 3659 1810 3734 quatriduanum,
1839 3661 1896 3732 jam

246 3751 333 3819 (Psoi.
354 3763 450 3818 uxvttr,
473 3747 513 3820 3.)
524 3749 635 3805 Virtutis
650 3748 722 3805 enim
742 3748 859 3820 species,
884 3757 912 3805 et
925 3765 978 3806 non
995 3765 1042 3805 ve·
1095 3757 1206 3827 jamque
1228 3754 1358 3812 letantem
1379 3752 1523 3810 amortuis
1538 3750 1639 3808 excitat
1659 3765 1711 3808 vox
1729 3749 1845 3818 virtutis,
1866 3754 1897 3808 ut

247 3838 322 3904 ritas,
339 3837 418 3910 quasi
433 3837 548 3909 qualitas
562 3845 615 3904 est,
632 3853 685 3894 non
697 3839 856 3897 substantia.
871 3837 967 3910 Neque
977 3855 1042 3896 vero
1097 3844 1222 3902 videatur
1240 3845 1306 3902 satis
1325 3861 1445 3920 congruo
1469 3843 1583 3900 sormam
1607 3855 1705 3916 gerere
1727 3839 1894 3912 paenitentis.

245 3925 399 3998 ingressum
413 3927 473 3996 ejus
497 3927 640 3983 exterioris
658 3935 748 4000 potest
770 3927 984 3985 conversationis
999 3937 1042 3984 te·
1097 3932 1182 3992 Intret
1205 3948 1272 4008 orgo
1294 3933 1404 3990 domum
1424 3931 1556 3998 Salvator,
1580 3937 1607 3988 ct
1628 3929 1788 4002 frequenter
1806 3927 1896 3986 natea

245 4016 306 4072 uuis
320 4015 479 4088 superficies
493 4015 641 4084 sustinere;
658 4017 786 4088 quoniam
799 4017 891 4074 omnia
905 4023 1039 4089 penetrat,
1097 4039 1167 4090 eam,
1183 4039 1265 4096 quam
1280 4022 1416 4095 poenitcns
1426 4023 1545 4078 Lazarus
1555 4019 1677 4088 mundat,
1691 4025 1770 4076 ornat
1780 4017 1894 4084 llartba,

245 4111 273 4161 et
285 4105 314 4160 in
337 4104 438 4160 intimis
462 4105 589 4161 cordibus
613 4106 674 4175 ejus
701 4105 832 4163 habitatio
857 4113 908 4163 est.
926 4105 1004 4176 Quod
1020 4105 1042 4162 si
1097 4121 1125 4168 ea
1139 4111 1222 4168 Maria
1244 4112 1332 4184 replet
1345 4111 1460 4169 internas
1475 4109 1567 4166 dedita
1580 4107 1813 4182 contemplationi.

244 4208 418 4266 nequaquam
441 4193 558 4265 spiritus·
575 4193 725 4265 disciplinae
748 4193 886 4250 subditum
901 4193 1042 4251 manifeste
1133 4203 1159 4254 8.
1186 4200 1241 4255 Sed
1264 4198 1334 4256 lorte
1351 4198 1484 4256 curiosius
1498 4198 1641 4272 quisquam
1662 4195 1795 4270 requirat,
1810 4193 1895 4252 curin

244 4281 363 4354 peccatis
377 4297 477 4353 eorpus
501 4281 644 4350 inhabitat,
669 4281 760 4338 fictum
784 4283 878 4358 utique
893 4300 947 4340 non
961 4284 1042 4341 modo
1097 4287 1226 4359 prasenti
1250 4287 1407 4362 evangelica
1429 4288 1546 4345 lectione
1574 4286 1646 4344 nulla
1669 4300 1782 4359 prorsus
1802 4285 1895 4342 Lazari

245 4369 372 4441 declinat,
388 4371 436 4426 sed
452 4380 479 4428 et
494 4369 591 4442 affugit
605 4377 686 4443 atque
701 4371 845 4444 elongatur
858 4372 893 4428 ab
913 4388 947 4428 eo
963 4373 1040 4447 (Sap.
1097 4377 1199 4434 mentio
1214 4375 1270 4434 fiat.
1287 4377 1413 4435 Arbitror
1426 4393 1492 4434 sana
1507 4392 1543 4432 ue
1557 4374 1584 4431 id
1603 4374 1713 4448 quidem
1726 4389 1742 4430 a
1756 4373 1896 4448 proposita

246 4475 268 4528 ι,
281 4459 373 4532 tt).An
392 4475 459 4517 vero
474 4459 547 4515 aliud
563 4468 605 4515 est
620 4475 701 4532 quarn
724 4459 797 4517 fictio
826 4461 1004 4528 exsecranda,
1020 4463 1042 4518 si
1057 4498 1082 4577 υ
1097 4466 1270 4524 similitudine
1296 4467 1438 4524 dissidere.
1468 4465 1634 4538 virginalem
1660 4463 1762 4520 etenim
1785 4464 1896 4521 domum

245 4556 385 4619 peceatum
401 4547 547 4621 superficie
560 4549 735 4618 tanusradas,
746 4547 836 4607 Μ
849 4566 904 4607 nou
914 4550 1042 4608 iutriusc·
1096 4556 1212 4631 intelligi
1226 4557 1321 4615 volens
1336 4555 1463 4628 Spiritus,
1480 4555 1553 4612 siluit
1569 4570 1623 4612 non
1641 4553 1791 4627 incongrue
1805 4553 1896 4624 poeni·

245 4651 294 4696 cus
304 4637 552 4696 eradicosiCertus
560 4638 758 4712 estoquoniam
767 4637 909 4710 pullulabit
921 4640 1040 4714 uberius,
1098 4645 1219 4714 tentiam,
1236 4661 1298 4718 quae
1312 4644 1411 4700 malurn
1434 4643 1529 4717 utique
1554 4643 1707 4701 comitatur.
1727 4641 1808 4699 Absit
1822 4641 1896 4698 enim

245 4733 273 4781 et
287 4727 443 4783 mundatam
462 4727 511 4785 sad
522 4733 663 4784 vacantem
674 4727 784 4784 domurn
796 4745 856 4786 curn
866 4729 1043 4802 nequioribus
1097 4743 1126 4792 ut
1149 4734 1251 4808 proprii
1270 4734 1416 4808 quidquam
1435 4731 1633 4806 inquinamenti
1655 4733 1751 4788 domus
1765 4731 1825 4787 baec
1847 4729 1896 4786 ali·

246 4817 530 4890 septemquiejeotus
539 4817 637 4890 iuerat,
650 4817 749 4888 hospes
759 4817 850 4891 [ulios
861 4819 956 4893 bostis]
967 4820 1043 4875 mali·
1097 4822 1205 4895 quando
1225 4821 1352 4878 habuisse
1374 4819 1489 4888 dicatur,
1513 4830 1542 4878 ut
1564 4821 1592 4877 in
1611 4836 1644 4878 ea
1670 4820 1786 4894 proinde
1812 4835 1897 4893 scopa

223 4965 228 4976 ¹
245 4920 316 4976 gnus
330 4905 450 4962 intrabit.
466 4907 601 4963 Reversus
616 4906 687 4962 onina
703 4906 737 4963 ad
748 4909 877 4964 vomitum
891 4909 977 4974 oanis,
987 4909 1043 4965 odi·
1096 4911 1189 4968 Lazari
1204 4919 1384 4983 quareretur.
1402 4908 1513 4981 Quodsi
1528 4909 1688 4984 originalem
1706 4909 1897 4982 aparentibus

247 4990 309 5048 bilis
320 4994 373 5050 erit
383 4995 467 5052 multo
477 4995 538 5066 plus
549 5011 629 5067 quam
642 4996 891 5066 ante3etlictlrlius
908 4999 1042 5070 gehenna
1096 5000 1227 5057 maculam
1246 5000 1346 5069 traxit;
1363 5002 1411 5056 sed
1426 4998 1515 5056 miuus
1533 5017 1549 5056 a
1567 4999 1684 5056 teremia
1698 4997 1895 5056 sanctiticatam

246 5081 1043 5157 multiplieiter,quipostindulgcntiamdoliotorumineas
1096 5088 1124 5144 iu
1147 5096 1235 5158 utero,
1265 5097 1311 5146 aut
1334 5105 1390 5145 nou
1413 5089 1499 5161 magis
1519 5105 1535 5144 a
1553 5089 1658 5145 loanne
1680 5085 1782 5159 Spiritu
1800 5095 1897 5143 sancto

246 5171 1040 5243 damdenuoaordesineiderit,utsuslotaiuvolutabroluti.
1096 5178 1228 5250 repletam
1250 5179 1364 5238 credere
1387 5177 1511 5250 probibet
1534 5177 1621 5252 pietas
1643 5175 1819 5234 Christiana:
1844 5190 1897 5232 uec

283 5265 309 5320 6.
326 5261 374 5322 vu
400 5262 494 5320 videre
518 5263 684 5330 mundatam,
710 5271 834 5320 ornatam
850 5271 878 5319 et
902 5273 1041 5348 vacantem
1095 5267 1168 5323 caim
1192 5265 1269 5323 iestis
1287 5265 1411 5323 laudibus
1435 5281 1552 5322 nascens
1579 5265 1770 5330 honoraretur,
1794 5263 1817 5319 si
1838 5278 1895 5320 non

246 5349 377 5408 domum?
403 5351 544 5416 llominem
564 5351 673 5410 intuere
697 5352 744 5425 qui
776 5351 917 5410 confessus
939 5362 990 5422 est,
1014 5363 1042 5413 ct
1095 5365 1189 5413 sancta
1208 5363 1369 5414 nasceretur
1383 5356 1464 5430 (titi').
1486 5357 1626 5411 Postremo
1646 5370 1707 5410 oum
1732 5353 1897 5410 omnimodis

246 5437 367 5496 deaenrb
384 5439 525 5522 manifesta
539 5439 843 5513 peccaupracadentia
856 5441 1040 5516 adjudicium,
1096 5453 1212 5513 wustet,
1229 5447 1263 5504 ab
1278 5445 1403 5522 originali
1418 5444 1544 5517 contagio
1565 5443 1623 5501 sola
1635 5443 1723 5518 gratia
1736 5442 1897 5499 mundatam

246 5524 446 5585 etnunceoias
460 5536 553 5586 movet
575 5545 673 5584 manus
686 5527 721 5584 ad
734 5543 819 5600 opera
841 5531 1039 5604 mandatorum,
1098 5550 1159 5594 esse
1179 5533 1303 5604 Monam,
1328 5535 1429 5610 quippe
1450 5549 1511 5592 oum
1533 5541 1560 5592 et
1583 5548 1656 5592 nuuc
1679 5531 1710 5590 iu
1732 5531 1896 5608 baptismate

282 5677 354 5752 (dd'i
369 5677 439 5738 llale
452 5681 525 5754 apud
539 5679 686 5750 Horatium,
703 5683 766 5739 lloec
781 5685 858 5742 euim
871 5686 951 5756 scutis
965 5685 1093 5747 leodibus
1106 5703 1227 5748 ιιιικιιιι
1241 5689 1566 5750 amnemamnem.
