3996 6350
862 371 889 430 S.
906 370 1077 444 utentum
1092 375 1230 437 Abalus

590 754 925 878 servent
996 719 1521 874 nannenus

791 984 937 1042 seems
957 983 1289 1046 CLllliAE-VALLENSIS

502 1185 908 1316 sunnovus
998 1187 1097 1316 ou
1190 1139 1577 1322 vunvonu.

904 1447 1160 1470 -ιι--μ-

830 1597 870 1663 uv
893 1595 1078 1664 novumn
1100 1597 1247 1667 oomni.

428 1813 614 1896 too-m
637 1814 754 1876 SlillliO
774 1815 794 1872 l.
1026 1813 1152 1906 fiinibus
1166 1817 1301 1888 personis,
1317 1834 1385 1893 quas
1403 1819 1431 1877 in
1449 1835 1554 1876 summa
1566 1819 1696 1880 Trinitnte
1710 1821 1859 1887 erminus.

227 1909 263 1964 lie
282 1905 412 1964 Adventu
431 1907 553 1978 Domini,
571 1909 599 1962 et
615 1921 666 1962 see
684 1905 910 1964 circumstantiis
924 1905 996 1972 eins.
1065 1902 1228 1961 eonfitemur
1250 1915 1278 1962 et
1299 1907 1454 1976 adoramus,
1474 1923 1530 1964 non
1553 1909 1643 1980 Pater,
1662 1925 1718 1966 non
1742 1909 1861 1982 Spiritus

251 1999 275 2050 l.
290 1994 387 2061 Hodie,
409 1992 517 2060 iratres,
539 1993 711 2051 celebramus
724 1994 864 2050 Adventus
886 1992 1008 2060 initium;
1063 1999 1173 2048 sanetas
1186 1993 1307 2062 advenit,
1330 1997 1496 2054 sedAiilius?
1511 1997 1618 2054 llinime
1637 1997 1748 2071 quidem
1762 2013 1815 2070 ego
1831 1999 1857 2054 id

211 2083 292 2156 eujus
304 2082 408 2156 ntique,
432 2082 501 2139 siout
522 2090 551 2140 et
564 2089 723 2140 cannarum
742 2079 943 2138 solemnitatum
956 2096 1007 2136 no·
1062 2078 1163 2136 laetum
1181 2097 1242 2139 esse
1257 2083 1374 2142 arbitror
1394 2079 1453 2143 sine
1468 2101 1559 2144 eausa.
1579 2085 1635 2144 Sed
1654 2087 1714 2158 quis
1727 2089 1857 2158 cognovit

213 2187 275 2228 men
298 2171 409 2244 quidem
430 2171 538 2228 celebre
560 2171 639 2239 sads,
663 2179 692 2234 et
713 2177 808 2228 notum
832 2170 943 2238 mundo,
958 2171 1008 2226 sed
1061 2171 1426 2245 sensnmllomlniieutquis
1434 2173 1606 2232 nomiliarius
1615 2175 1675 2246 ejus
1684 2174 1855 2246 tuitifflom.

211 2260 408 2318 rationominis
422 2258 492 2317 lorte
507 2275 563 2315 non
576 2259 624 2316 ite.
640 2259 765 2316 lnieliees
774 2259 847 2317 enirn
856 2258 902 2316 lilii
909 2259 1006 2327 Adam,
1061 2271 1103 2321 xv,
1124 2258 1181 2327 ³4.)
1200 2257 1297 2330 Neque
1315 2259 1388 2316 enim
1411 2261 1470 2316 sine
1484 2260 1615 2317 altissimo
1630 2260 1770 2318 Trinitatis
1786 2276 1855 2316 eon-

210 2348 319 2404 omissis
339 2349 412 2406 veris
434 2356 463 2404 et
482 2346 646 2404 salutaribus
666 2347 772 2416 studiis,
788 2347 890 2406 eadnoa
917 2347 1007 2418 potins
1059 2341 1121 2399 silio
1135 2343 1235 2401 betam
1249 2354 1302 2412 est,
1318 2355 1348 2402 ut
1370 2347 1453 2407 Filias
1471 2348 1614 2406 adveniret
1630 2367 1637 2408 ι
1652 2350 1719 2406 etsi
1732 2349 1856 2405 oonside-

211 2443 239 2492 at
262 2436 416 2494 transitoria
440 2442 574 2510 qnaerunt.
599 2433 704 2506 Quibus
722 2433 930 2492 assimilabimus
952 2435 1004 2491 ho·
1060 2447 1151 2490 remus
1166 2433 1251 2490 exsilii
1264 2435 1350 2492 nostri
1365 2451 1483 2506 eausam,
1496 2435 1618 2496 fortassis
1629 2436 1774 2496 advertere
1789 2451 1855 2508 pos·

209 2523 298 2582 mines
320 2525 505 2598 generationis
528 2525 620 2594 hujus,
647 2532 694 2579 aut
715 2523 813 2596 quibvs
833 2523 1005 2596 comparabi·
1059 2537 1152 2580 sumus
1165 2524 1209 2582 vel
1223 2541 1263 2584 ea.
1279 2533 1368 2598 pente,
1392 2542 1474 2599 qnam
1487 2543 1638 2600 congruum
1663 2527 1744 2584 luerit
1757 2541 1773 2582 e
1787 2527 1855 2584 Fllio

210 2613 355 2682 basilios.
375 2629 446 2686 qnos
463 2613 587 2672 sidereus
605 2612 753 2670 everrente
771 2619 800 2670 et
817 2612 1005 2684 eorporalibus
1058 2623 1110 2668 nos
1131 2613 1248 2670 maxime
1271 2612 1391 2674 liberari.
1415 2614 1525 2674 Lneiler
1542 2616 1616 2684 eninr
1638 2615 1855 2688 inequitasse

207 2702 437 2760 oonsolationibns
449 2700 530 2759 avelli
551 2701 730 2773 separarique
743 2715 798 2756 non
810 2704 915 2774 posset
936 2702 1004 2757 Pro·
1058 2697 1207 2770 trimeter,
1225 2715 1275 2771 pro
1298 2717 1333 2757 eo
1354 2700 1437 2758 m
1456 2702 1528 2774 quod
1544 2701 1674 2758 Altissimi
1696 2701 1853 2760 similitudi-

207 2791 278 2849 ieoto
291 2789 393 2848 drudes
417 2789 537 2850 sentiris
558 2789 605 2861 qui
620 2788 755 2844 submersi
775 2785 1003 2862 periclitentnrin
1059 2797 1122 2840 nem
1145 2790 1277 2857 usurpem
1299 2787 1423 2858 tentavit,
1450 2799 1477 2846 et
1499 2791 1622 2862 rapinam
1644 2790 1790 2847 arbitratus
1813 2801 1855 2847 est

207 2879 296 2954 aquis.
311 2877 445 2936 Nimirum
459 2876 554 2937 videas
568 2891 617 2934 eos
632 2882 760 2934 tenentes
768 2883 874 2943 tenere,
885 2893 936 2935 nee
950 2877 1004 2935 nlla
1058 2887 1120 2930 esse
1138 2885 1169 2930 se
1183 2873 1315 2948 aequelem
1328 2877 1386 2934 Deo
1397 2878 1481 2952 (quod
1495 2878 1588 2952 ntique
1603 2877 1661 2934 Filii
1675 2881 1739 2950 est),
1755 2895 1851 2951 precr-

207 2968 312 3026 mipng
327 2969 457 3026 (imper-g
474 2965 549 3038 quod
567 2965 686 3036 primum
704 2965 854 3022 adrumpit
866 2965 1003 3038 manibus,
1059 2959 1161 3031 piletus
1174 2961 1246 3020 illito
1261 2965 1371 3034 torruit,
1386 2966 1516 3038 quoniam
1526 2967 1622 3027 zelavit
1631 2982 1681 3039 plo
1691 2967 1759 3026 Filio
1772 2967 1856 3026 Patet·

207 3055 339 3132 quidquid
353 3055 388 3113 sit
402 3055 479 3125 illud,
494 3053 558 3111 lieet
571 3054 627 3110 tale
637 3054 674 3109 sit
684 3049 796 3126 siquid,
805 3056 881 3128 qaod
892 3055 1004 3116 omniuo
1057 3057 1087 3105 et
1096 3065 1180 3122 opere
1190 3051 1291 3114 dixisse
1299 3052 1407 3110 videtur
1421 3072 1429 3110 :
1446 3055 1512 3112 liiii
1525 3055 1692 3127 uindictam,
1708 3060 1737 3113 et
1746 3073 1794 3130 epo
1807 3073 1854 3114 ro·

206 3145 340 3220 prodesse
371 3158 428 3202 non
460 3141 556 3216 possit,
577 3150 613 3199 ut·
629 3149 693 3199 sunt
715 3141 823 3200 radices
845 3143 1002 3216 berbamm,
1019 3139 1043 3218 Β
1059 3138 1281 3210 bilnomfflom.
1294 3157 1345 3211 ιιιι,
1362 3143 1417 3214 it).
1433 3141 1568 3200 Continuo
1582 3143 1708 3200 videbam
1722 3143 1853 3200 &tanam

207 3237 362 3308 crebraque
385 3231 494 3294 similis.
514 3233 584 3292 Nem
607 3239 636 3290 et
653 3231 677 3288 si
695 3231 742 3305 qui
755 3231 790 3288 ed
806 3247 854 3293 eos
867 3231 939 3291 iorte
953 3250 1003 3291 ve·
1059 3233 1187 3302 nuquam
1196 3225 1286 3302 fulgur
1299 3229 1442 3288 cedentem
1452 3229 1488 3288 de
1501 3231 1656 3304 ooelo(l.no.
1675 3249 1702 3300 n,
1717 3237 1772 3304 lt).
1783 3233 1854 3302 Quiri

206 3323 283 3380 nient
296 3331 326 3386 ug
339 3322 512 3392 subvemat,
525 3333 722 3393 nonnunquam
739 3320 829 3378 volem
841 3321 1001 3396 wrthen..
1057 3318 1181 3388 inigitur
1195 3318 1330 3389 superbis,
1352 3329 1426 3378 terre
1438 3328 1466 3376 et
1482 3319 1575 3378 emisi
1591 3321 1619 3378 Si
1633 3320 1854 3393 superbientibus

205 3427 251 3470 sos
263 3410 404 3469 involvere
418 3425 512 3468 seeum
527 3427 535 3468 z
549 3409 620 3468 adeo
631 3415 663 3464 nt
674 3410 730 3480 jam
744 3421 797 3466 neo
810 3409 870 3478 sibi,
885 3423 938 3467 nee
949 3411 1003 3466 illis
1055 3405 1162 3478 angelis
1176 3406 1250 3464 Deus
1268 3408 1324 3464 non
1337 3409 1482 3480 pepercit3
1498 3418 1601 3481 quanto
1617 3411 1706 3484 magis
1724 3411 1782 3478 tibi,
1799 3426 1852 3482 pn-

205 3499 331 3560 auxilinm
349 3499 423 3557 ierre
442 3495 618 3571 praevslesm.
640 3495 685 3555 Sie
699 3505 817 3569 pereunt
829 3498 858 3554 in
871 3499 923 3555 bor
933 3499 1001 3556 mari
1056 3494 1134 3552 tredo
1153 3500 1181 3551 et
1193 3495 1315 3553 vermis?
1328 3495 1402 3554 Nihil
1416 3495 1460 3554 ille
1474 3497 1550 3567 ieeit,
1566 3497 1633 3554 nibil
1647 3505 1777 3572 operatus
1790 3509 1850 3556 est:

205 3603 306 3666 φημι)
315 3596 342 3646 gt
356 3587 486 3662 muoso,
506 3587 546 3645 gig
563 3586 881 3660 peremtmige113dum
896 3587 1001 3660 peritu-
1055 3590 1159 3640 tantum
1174 3582 1303 3656 rogitavit
1316 3585 1488 3658 superbiam
1504 3593 1533 3644 θῐ
1544 3585 1574 3643 in
1588 3591 1738 3655 momento,
1753 3587 1782 3644 in
1796 3587 1850 3644 iotu

203 3695 235 3734 ra
253 3683 401 3747 sepimine,
428 3677 553 3733 amittunt
581 3675 679 3748 solida,
703 3675 801 3749 quibus
822 3677 1002 3748 apprehensis
1053 3672 1135 3738 oculi.
1156 3671 1372 3745 irreparabiliter
1399 3675 1585 3748 precipitatus
1607 3685 1668 3744 estr
1693 3677 1755 3749 quia
1774 3678 1850 3747 juxta

203 3779 349 3840 emergere
364 3771 393 3822 et
416 3763 524 3822 salvare
548 3769 662 3837 possent
684 3763 788 3820 enimes
811 3779 884 3821 snas.
902 3761 999 3838 Neque
1054 3761 1268 3836 evangelistam:
1282 3765 1315 3819 ln
1328 3765 1848 3837 ventatenonrtetttitoon.vrn‚tt).

204 3853 278 3912 enim
293 3853 328 3912 de
343 3853 479 3924 venibis,
495 3853 544 3910 sed
560 3851 595 3910 de
607 3851 731 3924 veritate,
748 3851 868 3912 dieitur:
893 3853 999 3928 Copno·
1089 3849 1115 3904 3.
1142 3847 1238 3925 Fugite
1258 3849 1424 3922 superbiam,
1447 3849 1546 3908 iratres
1559 3851 1631 3920 mei;
1657 3865 1761 3924 queam
1781 3853 1850 3909 mul-

201 3943 404 4009 militarunt
414 3941 597 4006 titmotitoos
607 3941 767 4014 (toonmru,
775 3939 894 4014 illitos
903 3941 996 4015 igitur,
1054 3942 1111 3994 tum
1135 3937 1230 4012 fugite.
1255 3938 1364 3996 Initium
1385 3940 1473 3996 omnis
1486 3941 1593 4014 peronii
1616 3941 1767 4013 superbia:
1787 3957 1857 4014 que

202 4029 315 4100 belm,
325 4030 426 4104 queas
442 4037 573 4103 unquam
590 4030 715 4102 parvulis
728 4029 834 4088 revelat
849 4031 924 4086 bens
938 4045 999 4100 que
1053 4031 1109 4085 tem
1119 4026 1249 4086 velociter
1262 4027 1351 4100 ipsum
1361 4043 1471 4102 qnoque
1483 4028 1618 4088 sideribus
1632 4029 1736 4086 eunobs
1750 4027 1849 4086 elarim

201 4116 361 4178 msmndiu
378 4126 473 4174 sunta
489 4115 659 4188 sapientibus
672 4125 700 4173 et
719 4113 913 4187 prudentibus3
928 4117 999 4174 eirea
1053 4113 1198 4172 mimntern
1220 4123 1324 4174 eterna
1336 4116 1452 4190 ealigine
1466 4117 1656 4175 obtenebravit
1669 4117 1846 4175 insederam:

200 4221 234 4262 aa
250 4219 312 4280 qun
329 4220 396 4263 rere
410 4203 537 4260 salutaria
558 4210 633 4276 sunt,
653 4201 748 4260 sedule
762 4203 924 4278 supinatione
937 4219 1000 4261 ver·
1053 4217 1115 4276 qnae
1133 4218 1189 4260 non
1203 4203 1285 4261 modo
1300 4207 1436 4278 angelum,
1451 4205 1500 4262 sed
1516 4204 1676 4278 angelorum
1690 4205 1805 4277 primum
1820 4205 1848 4260 in

200 4283 309 4361 nmini,
334 4301 363 4351 et
387 4291 533 4370 diligenter
558 4297 672 4364 pensate
700 4291 834 4350 rationem
860 4291 1000 4350 Adventus
1053 4289 1192 4350 diabolum
1214 4295 1398 4352 eommutavit.
1421 4293 1498 4352 Unde
1526 4301 1555 4351 et
1577 4293 1701 4366 protinus
1723 4293 1848 4352 invidens

201 4382 295 4454 ludus.
309 4389 467 4456 querentes
480 4380 607 4438 nimirum
622 4379 684 4454 qais
697 4381 734 4438 sit
745 4381 901 4454 palveniat,
913 4381 998 4448 unde,
1053 4380 1167 4451 bomini,
1181 4396 1263 4455 qnam
1277 4391 1441 4455 oonoeperat
1454 4383 1482 4439 in
1497 4383 1655 4455 semetipso,
1670 4382 1698 4440 in
1712 4398 1746 4442 eo
1760 4398 1847 4456 pepe-

200 4466 317 4547 quo,'ad
326 4471 402 4545 qaid.
417 4470 538 4544 quando,
554 4479 583 4528 et
596 4483 660 4544 qua.
677 4468 832 4526 tardabitis
840 4469 901 4527 sine
914 4471 998 4528 dubio
1013 4498 1035 4577 c
1052 4468 1088 4523 rit
1105 4469 1291 4543 iniquitatem:
1314 4471 1433 4528 madens
1446 4479 1476 4528 nt
1489 4470 1592 4544 lignum
1607 4472 1721 4530 vetitum
1734 4478 1849 4545 gustam

200 4560 341 4620 euriositas
362 4559 415 4618 iste
437 4565 481 4615 est
512 4566 541 4615 et
563 4556 700 4616 salubris:
724 4571 814 4632 neque
846 4557 919 4617 enirn
941 4565 997 4616 tam
1051 4557 1130 4616 lieret
1151 4559 1223 4616 siout
1244 4561 1326 4628 Deus,
1353 4559 1442 4617 solens
1466 4561 1568 4616 bonum
1596 4567 1624 4617 et
1641 4561 1751 4616 malum.
1776 4561 1847 4630 Quid

200 4651 298 4712 devote
311 4647 433 4708 Eeelesia
447 4646 574 4706 universa
591 4656 757 4721 presentem
775 4647 927 4708 oelebraret
940 4649 997 4707 Ad·
1050 4647 1122 4704 enim
1136 4643 1284 4721 polliceris,
1306 4647 1371 4721 quid
1395 4647 1541 4720 promittis,
1565 4647 1649 4705 inber
1665 4667 1672 4705 r
1688 4663 1749 4706 enm
1765 4647 1847 4704 Filius

200 4749 324 4812 vestm,
344 4737 397 4797 nisi
414 4737 512 4799 tatem
532 4737 560 4794 in
580 4751 616 4798 eo
630 4751 760 4808 magnum
780 4735 890 4812 siquod
903 4729 1008 4797 savrra·⁸
1049 4735 1181 4794 Altissimi
1209 4737 1330 4794 seientiae
1357 4736 1462 4795 elavem
1477 4737 1585 4806 babeat,
1609 4737 1664 4794 imo
1683 4747 1712 4795 et
1733 4737 1793 4810 ipae
1811 4736 1847 4794 sit

197 4831 331 4888 mentum
1051 4825 1140 4883 olonis
1147 4825 1846 4901 ltooidpuiotondtt,etnernooperittApoommi).

232 4919 262 4974 2.
282 4915 373 4973 l’rimo
397 4913 481 4990 igitur
498 4914 559 4972 loeo
581 4929 644 4973 enm
664 4913 794 4988 Apostolo
818 4921 946 4989 stupente
968 4926 996 4976 et
1049 4913 1080 4970 ln
1094 4929 1128 4972 eo
1142 4919 1205 4972 sant
1218 4913 1443 4971 omnestbesauri
1457 4913 1767 4986 sapientieeetsoientie
1780 4915 1846 4971 abs·

198 5002 352 5062 admirante
376 5001 535 5061 intueamini
559 5009 587 5062 et
600 5018 660 5071 vos,
685 5011 802 5078 quantur
825 5003 861 5062 sit
880 5005 933 5064 iste
949 5009 995 5080 qni
1049 5002 1277 5077 oondititdoloss.
1292 5019 1322 5068 u,
1338 5002 1367 5074 3)
1388 5021 1394 5056 ι
1413 5008 1545 5073 tuneeos,
1559 5010 1589 5060 ut
1603 5003 1706 5061 bomini
1719 5011 1843 5075 prestes,

191 5093 373 5166 inpeditur:
390 5093 449 5166 ipse
462 5091 536 5150 enim
549 5093 750 5156 saturandus
765 5090 901 5150 Gabrielis
915 5095 993 5150 testi-
1048 5089 1142 5164 inique
1156 5091 1312 5150 furaberis?
1325 5090 1430 5150 Videtis
1442 5093 1504 5165 quia
1516 5093 1594 5164 juxta
1608 5093 1718 5150 Domini
1731 5099 1844 5149 senmu-

198 5181 331 5252 montam,
355 5179 484 5237 Altissimi
507 5179 590 5238 vibus
602 5182 682 5252 (ino.
705 5197 726 5253 1,
750 5183 806 5250 32),
822 5195 854 5237 eo
878 5181 993 5255 proinde
1048 5180 1113 5247 dam
1126 5181 1253 5238 mendae
1267 5180 1320 5235 iste
1333 5189 1385 5248 est,
1401 5186 1429 5239 et
1441 5185 1596 5256 potorojus
1606 5182 1698 5252 (teon.
1714 5195 1774 5247 ιιιι,
1786 5183 1843 5250 li).

200 5269 378 5329 coaltissimus
392 5270 462 5344 ipse.
486 5267 582 5343 Neque
606 5269 679 5327 enirn
701 5268 742 5326 ias
766 5277 808 5326 est
830 5269 881 5328 bei
895 5269 993 5327 Filium
1047 5269 1116 5326 Nam
1130 5268 1289 5324 etmenden
1303 5265 1363 5336 luit,
1381 5268 1490 5327 diosus:
1514 5269 1623 5328 Similis
1636 5287 1683 5329 oro
1697 5271 1842 5329 Altissimo

200 5356 366 5432 degenerem
376 5357 527 5432 suspirari:
543 5357 592 5416 aed
607 5357 718 5430 equalis
733 5355 813 5417 fateri
825 5374 940 5417 neeesse
951 5367 993 5416 est
1048 5356 1126 5428 (leui.
1141 5369 1201 5430 ιιι,
1219 5357 1279 5429 ll);
1297 5363 1324 5412 et
1337 5357 1471 5416 mendacii
1484 5365 1573 5430 peter,
1591 5373 1653 5414 oum
1665 5356 1843 5414 inhominem

201 5445 360 5513 dendus.
384 5453 413 5506 et
435 5445 561 5519 eiusdem
582 5446 691 5519 penitas
712 5446 862 5522 dignitatis.
881 5447 993 5506 Nemet
1049 5453 1398 5517 quoquevenenetumsuae
1414 5446 1537 5503 ielsitatis
1545 5443 1840 5510 seminariumeiiudit

177 5549 192 5590 .·
207 5533 279 5595 illos
290 5533 604 5611 prinoipurrprinsipes3
614 5533 918 5612 emmrsgumrsgss
930 5549 993 5593 esse
1051 5531 1147 5590 disens
1162 5551 1170 5590 ι
1186 5535 1273 5594 Eritis
1287 5536 1411 5594 rtontdii
1425 5536 1506 5607 (Gen.
1521 5549 1562 5606 ιιι,
1577 5535 1616 5606 t).
1630 5535 1672 5591 tn
1689 5547 1809 5608 qnoque,
1824 5547 1840 5589 o

206 5625 268 5700 quis
285 5623 412 5684 nudari
432 5623 623 5685 Verumtamen
645 5625 712 5699 qrrid
728 5623 782 5681 miti
804 5621 861 5682 vnit
884 5621 992 5698 quode
1052 5621 1143 5692 homo,
1160 5623 1183 5680 si
1195 5623 1273 5682 vides
1288 5623 1386 5694 tarem,
1406 5623 1493 5682 enrris
1505 5637 1568 5680 eum
1582 5637 1627 5682 eo.
1642 5621 1773 5689 Audistis,
1788 5621 1840 5680 lra-
