4118 6346
264 355 317 410 ιιι
721 338 741 395 S
766 338 939 434 tenuntur
975 337 1121 398 tutans
1139 337 1477 400 catum-vatatatmts
1866 345 1920 400 ³88

265 477 322 535 sola
336 471 453 530 mundus
468 467 560 532 babet,
570 461 817 536 concupiscentiam
828 463 927 531 camis,
937 462 1063 534 concupi·
1078 477 1102 556 fl
1116 463 1175 520 reio
1184 464 1388 538 indignationis.
1404 465 1569 538 Factumque
1584 472 1627 520 eet
1636 473 1667 521 nt
1679 463 1795 538 laplmus
1810 465 1838 522 in
1852 467 1921 526 Pro·

228 565 235 572 “
265 562 395 622 scentiam
409 556 558 621 oculorum,
574 560 601 612 et
616 553 771 626 snperbiam
784 552 1063 614 vitmiiisabatrecta
1117 555 1212 624 plteta:
1229 555 1678 620 Dominairacoelomiaerr'cordia
1692 560 1795 623 tumet
1811 559 1919 615 ueritas

263 659 291 708 et
307 649 396 705 illecta
424 641 637 703 misericordiam
650 655 759 697 omnem
781 638 900 696 crudelia
916 645 1003 696 mater
1018 640 1064 694 ab
1118 647 1168 699 tua
1182 659 1268 716 usqua
1281 644 1318 699 ad
1329 643 1418 699 nutes
1432 646 1523 712 (Pani.
1538 657 1630 708 xxxv,
1651 641 1690 712 i).
1706 642 1811 700 Medius
1825 653 1918 703 actem

263 739 337 810 iecit.
354 737 400 794 Sic
413 733 549 802 etAdam,
565 732 612 805 qui
626 729 731 802 mulieri
746 717 960 790 male‘misertus
974 735 1016 784 est
1034 736 1063 784 ut
1119 731 1196 786 Pater
1209 731 1342 787 luminum
1356 731 1505 794 residebat.
1523 737 1550 787 et
1564 739 1680 803 utraque
1697 747 1746 802 pro
1768 741 1846 803 parte
1869 747 1919 793 stra
1974 781 1982 794 .

265 844 325 884 cum
340 843 373 882 ea
386 832 524 898 peccaret,
548 821 619 878 bene
637 819 723 877 noluit
739 817 872 882 misereri,
895 825 923 872 ut
954 830 1063 888 poenam
1116 818 1207 874 utilius
1222 820 1295 892 qnod
1310 819 1427 876 babebat
1440 819 1613 891 loquebatur,
1629 818 1696 888 Quis
1709 825 1790 891 putas
1804 820 1841 876 ibi
1856 821 1916 877 col-

264 915 411 973 sustineret
438 913 534 986 latias,
563 918 610 966 aut
635 923 745 981 poenam
773 904 916 978 sustinere]
942 920 990 976 pro
1019 921 1061 962 ea.
1116 907 1208 979 loquio
1234 908 1333 964 meruit
1353 907 1497 974 iuteresse,
1519 917 1546 964 et
1568 907 1699 964 iudicabit
1733 909 1831 969 nobb-l
1856 909 1918 982 quis

266 1005 372 1062 Privata
399 1011 442 1060 est
468 1002 550 1058 otiam
573 998 672 1054 mulier
693 994 817 1061 veritate,
841 994 928 1066 primo
954 995 1063 1066 quidem
1116 995 1229 1060 audivit,
1244 1003 1274 1053 et
1290 995 1447 1052 enarrabit?
1465 995 1545 1054 Forte
1572 995 1764 1052 inenarrabilia
1788 1006 1860 1066 sunt,
1889 1005 1917 1056 et

266 1094 336 1150 rnale
344 1093 512 1164 detorquens
523 1088 594 1160 quod
606 1086 737 1153 audierat,
751 1085 971 1141 Mortemorieria
981 1084 1061 1153 (Gen.
1117 1099 1172 1140 non
1186 1084 1250 1140 licet
1264 1084 1366 1140 bomini
1390 1085 1473 1156 loqui.
1489 1085 1591 1142 Sumne
1614 1093 1705 1144 tamen
1726 1087 1917 1150 controversie

265 1197 295 1251 ιι,
312 1183 372 1254 tiiq
389 1189 418 1237 et
431 1180 536 1242 dicens,
553 1178 591 1233 Νι
601 1177 676 1248 loric
689 1177 862 1230 moriamur:
878 1171 987 1228 demum
1006 1185 1064 1227 ser·
1117 1172 1200 1228 totius
1212 1173 1269 1229 haec
1284 1171 1367 1229 luisse
1381 1173 1501 1230 videtur.
1519 1174 1587 1244 Eget
1599 1173 1774 1232 miseratione
1790 1181 1916 1232 creatura

265 1271 342 1344 penti
355 1269 480 1336 credens,
495 1264 603 1337 penitus
617 1260 764 1332 abneganti
780 1267 808 1316 et
821 1258 932 1320 dicenti,
948 1259 1062 1331 licque-
1117 1260 1265 1326 rationalis,
1290 1261 1328 1316 ιιι
1353 1261 1545 1330 Misericordia,
1570 1264 1697 1333 quoniam
1720 1261 1818 1318 ιιιιιιιι
1846 1264 1916 1319 laem

266 1376 353 1433 quom
366 1356 537 1414 moriemini.
549 1353 720 1407 Privatusest
735 1358 762 1404 ιι
776 1348 861 1404 Adam
876 1347 999 1412 veritate,
1016 1346 1062 1402 ubi
1117 1356 1168 1414 cst,
1194 1355 1222 1404 et
1243 1348 1407 1406 miserabilia
1430 1349 1521 1406 valde.
1546 1350 1628 1407 Venit
1649 1357 1756 1423 tempus
1769 1351 1918 1408 miserendi

265 1463 327 1504 eam
341 1444 463 1502 confiteri
477 1440 596 1508 erubuit,
618 1438 692 1510 lolia,
716 1439 768 1493 boc
795 1444 836 1492 est
858 1435 1062 1495 excusationum
1117 1439 1186 1508 ejus,
1201 1437 1333 1508 quiajam
1347 1437 1477 1509 praeteriit
1503 1445 1620 1508 tompus.
1652 1441 1769 1499 Econtra
1793 1438 1916 1496 Veritas:

264 1534 443 1608 operimenta,
460 1529 640 1603 praetendens.
658 1527 796 1599 Siquidem
817 1526 878 1598 ipsa
898 1524 977 1580 dicit:
1010 1526 1062 1594 Qui
1116 1525 1241 1598 Oportet,
1256 1525 1354 1597 inquit,
1369 1525 1477 1597 impleri
1491 1541 1646 1586 sermonem
1663 1527 1859 1599 quemlocutua
1871 1543 1918 1595 es,

266 1622 410 1682 erubuerit
436 1635 481 1678 mc
496 1635 592 1676 coram
608 1617 776 1680 bominibus,
792 1616 953 1674 erubescam
964 1618 991 1670 ιι
1014 1629 1061 1685 epo
1117 1615 1239 1672 Domine.
1255 1615 1339 1672 Totus
1353 1615 1484 1672 moriatur
1496 1615 1581 1674 Adam
1600 1630 1715 1675 necasse
1728 1623 1771 1672 est
1784 1630 1846 1672 cum
1862 1631 1919 1674 em-

266 1725 333 1766 aum
346 1723 443 1765 coram
459 1707 545 1762 Patre
560 1718 620 1760 mco
635 1703 713 1772 (Lac.
724 1714 766 1765 ιιι,
776 1699 832 1770 to).
845 1699 941 1754 Pacem
951 1712 1061 1768 quoquo
1078 1691 1082 1716 ¹
1115 1703 1195 1760 nibus
1210 1703 1298 1774 quiin
1317 1719 1351 1759 eo
1374 1712 1463 1770 ιιιιιι,
1484 1703 1600 1776 quadie
1628 1703 1740 1763 vetitum
1764 1719 1874 1776 pomum
1890 1704 1918 1760 in

264 1796 388 1870 protinus
406 1793 567 1857 amiserunt,
584 1790 647 1862 quia
660 1806 719 1846 aaa
738 1788 972 1861 cooperimenta,
993 1786 1061 1845 dicit
1078 1785 1101 1866 Β
1117 1792 1339 1864 prevaricatione
1357 1793 1484 1863 gustant.
1502 1792 1601 1864 thuid
1616 1807 1692 1866 ergo,
1709 1793 1746 1848 ιιι
1761 1793 1918 1851 Misericor-

265 1886 405 1942 nominas
419 1884 493 1952 ilrai.
510 1895 614 1943 ιιιιιι,
630 1877 686 1946 tt).
701 1877 799 1938 Nonne
813 1876 885 1932 enim
898 1873 1062 1933 maneriam
1117 1881 1171 1948 dia,
1187 1880 1341 1952 utquinme
1358 1880 1478 1952 genuisti
1490 1889 1567 1952 panas
1580 1880 1659 1938 nnius
1671 1881 1839 1953 parituram?
1862 1881 1919 1938 sun

264 1973 355 2049 legent
369 1972 531 2029 invenerant
552 1968 580 2024 itt
599 1966 729 2027 membris
749 1965 814 2034 suia,
843 1963 968 2036 quoodo
994 1977 1064 2019 novo
1119 1969 1190 2026 enim
1206 1967 1312 2036 Veritas
1335 1969 1394 2044 ipsa
1407 1969 1534 2042 quoniam
1557 1968 1746 2029 misericordia
1759 1977 1805 2026 tua
1824 1971 1918 2042 periit,

263 2061 369 2134 pudere
379 2066 501 2132 coeperat
511 2056 662 2114 nudiuttst
677 2057 832 2126 limuiepo,
844 2052 940 2126 iuquit,
952 2068 982 2110 co
993 2051 1064 2124 quod
1118 2067 1144 2116 et
1164 2058 1235 2114 nula
1249 2065 1302 2123 est,
1325 2058 1349 2113 si
1365 2072 1418 2114 non
1433 2057 1579 2130 aliquando
1599 2059 1765 2116 miserearis.
1789 2058 1920 2116 Similiter

265 2150 363 2208 nudus
376 2165 466 2208 oracta
480 2148 561 2219 (Gerr.
577 2147 631 2216 tri).
647 2145 708 2202 Non
716 2144 757 2200 sic
768 2143 860 2212 miser,
871 2157 927 2202 non
936 2141 976 2198 sic
985 2141 1064 2213 paulo
1116 2153 1208 2204 autem
1231 2163 1247 2204 e
1271 2146 1406 2205 contrario
1421 2139 1456 2204 ιι
1470 2146 1515 2202 illa
1544 2146 1717 2219 loquebatur:
1746 2146 1814 2216 Quis
1842 2147 1917 2206 enim

265 2248 329 2306 apte
354 2237 484 2294 timebas:
510 2249 566 2294 non
589 2232 732 2306 quaerebas
766 2230 838 2306 totu.
867 2230 930 2288 litei
950 2244 1064 2301 corpore
1118 2234 1221 2292 nesciat
1234 2235 1306 2306 quod
1321 2234 1344 2290 si
1357 2235 1516 2306 praedictam
1530 2235 1581 2290 sibi
1596 2235 1786 2306 praevaricatur
1800 2243 1918 2294 eonten-

266 2327 366 2396 nudus,
382 2327 453 2382 siam
467 2333 494 2382 et
504 2323 596 2380 modo.
1117 2323 1183 2378 tiam
1198 2323 1291 2378 mortis
1318 2323 1442 2391 evaserit,
1459 2323 1550 2394 periit,
1568 2339 1619 2380 nec
1632 2323 1802 2396 permanebit
1815 2324 1871 2394 jam
1887 2323 1915 2378 in

301 2421 328 2474 9,
343 2417 383 2471 Ex
407 2415 460 2472 boc
482 2428 549 2470 sane
571 2411 613 2482 (ut
636 2409 779 2481 Prophetae
799 2407 885 2481 ipsius
907 2407 1065 2479 parabolam
1118 2420 1250 2470 aeternum
1263 2412 1366 2470 veritas
1383 2419 1439 2479 tua,
1453 2412 1589 2472 Domine?

265 2518 474 2577 prosequamur,
498 2500 546 2574 qui
561 2497 614 2556 sibi
622 2497 748 2557 obviasse
762 2513 819 2564 eas,
835 2508 864 2554 et
878 2497 1065 2558 reconciliatas
1155 2505 1198 2558 tt.
1215 2501 1285 2558 Ecce
1300 2515 1366 2558 vero
1384 2517 1454 2558 unus
1472 2500 1506 2558 de
1526 2499 1658 2564 cherubin
1682 2499 1809 2573 [additur
1831 2501 1917 2569 eliac,

266 2591 294 2648 in
310 2592 403 2648 oscado
417 2589 585 2658 memoravit)
603 2587 694 2660 gravis
707 2586 833 2659 maedam
857 2586 929 2646 inter
951 2586 1065 2642 virtutes
1117 2591 1146 2646 id
1160 2600 1204 2648 est
1216 2589 1308 2662 magni
1320 2589 1425 2654 consilii
1439 2589 1570 2662 augens]
1585 2589 1620 2646 ad
1635 2605 1729 2662 regem
1744 2589 1919 2648 διιοιιοιιιιι

265 2679 374 2738 ridetur
388 2685 447 2736 orta
461 2676 610 2736 contentio.
626 2675 764 2747 Siquidem
782 2675 883 2734 veritas
910 2682 938 2732 et
962 2674 1065 2745 justitia
1118 2678 1241 2751 suggerit
1250 2694 1311 2736 asse
1324 2678 1485 2743 mittendam
1501 2677 1629 2750 quoniam
1648 2677 1725 2744 Filio,
1751 2677 1848 2749 inquit,
1866 2679 1917 2734 da·

265 2768 395 2825 miserum
409 2767 586 2839 arripennem
602 2779 654 2836 pax
668 2774 697 2822 et
710 2763 897 2825 misericordia
909 2763 960 2822 zeli
983 2764 1064 2834 buius
1118 2775 1175 2824 tum
1189 2775 1232 2824 est
1245 2783 1326 2824 omne
1338 2766 1469 2838 judicium
1482 2767 1575 2840 (ioca.
1586 2783 1615 2833 v,
1626 2769 1685 2836 tt).
1700 2766 1736 2822 Bt
1747 2765 1917 2840 insjnserqo

266 2863 395 2930 expertes
416 2854 576 2925 iudicabant
603 2852 689 2926 magis
712 2868 774 2912 csse
799 2853 975 2924 parcendum..
998 2853 1065 2910 Sunt
1117 2864 1265 2928 conspectu
1287 2855 1470 2918 Misericordia
1484 2865 1513 2914 et
1528 2854 1634 2913 Veritas
1657 2855 1835 2915 obviaverunt
1854 2854 1917 2921 sibi,

265 2946 369 3003 etenim
383 2943 559 3002 cobactaneae
578 2943 620 2998 ιιι
635 2941 697 3000 dum
716 2941 779 3012 sibi,
804 2941 1013 3013 quemamodum
1036 2946 1078 2994 et.
1118 2945 1214 3004 eadem
1238 2960 1299 3016 quae
1327 2960 1409 3016 supra
1430 2944 1603 3002 meminimus
1627 2944 1711 3000 verba
1738 2942 1918 3016 querimoniae

264 3033 381 3107 priores·
397 3033 476 3089 Unda
495 3037 523 3094 el
537 3031 637 3088 iaciunt
652 3036 680 3086 cl
694 3038 724 3086 ut
746 3028 985 3100 perseverantibus
1010 3027 1061 3088 illis
1119 3041 1285 3106 repetentes.
1302 3033 1409 3102 Fateor,
1423 3033 1460 3088 ait
1479 3033 1596 3100 vuitus,
1611 3031 1698 3093 uelum
1718 3032 1820 3090 bouum
1835 3031 1917 3090 ilisa-

265 3123 293 3178 in
308 3121 422 3182 ultione.
438 3128 467 3176 et
478 3118 715 3192 prevaricatorem
730 3118 792 3178 binc
807 3117 869 3175 inde
884 3114 1061 3183 cadentibus,
1075 3083 1102 3164 Β
1118 3122 1235 3182 ricerdis
1257 3123 1348 3190 babet,
1378 3122 1427 3180 sed
1450 3121 1554 3180 utinam
1582 3121 1733 3180 meandum
1762 3119 1915 3179 scientiam.

265 3217 295 3267 st
317 3217 467 3283 presentes
491 3207 575 3266 m
602 3205 741 3270 molestias
761 3204 843 3266 lutari
866 3203 1065 3266 cumulantibus
1117 3213 1299 3276 Nuncautsm
1313 3210 1378 3282 quid
1402 3209 1606 3283 praevaricatori
1620 3209 1710 3281 potius
1730 3225 1810 3281 quant
1830 3209 1919 3268 sorori

264 3298 474 3357 comminatione
488 3295 623 3368 supplicii,
638 3296 691 3354 illm
700 3296 862 3356 secederent
871 3293 899 3354 iu
909 3309 957 3354 cor
966 3293 1062 3370 Patria,
1116 3299 1219 3371 judicat
1233 3315 1294 3356 esse
1305 3299 1497 3371 parcendum?
1512 3301 1546 3356 tt
1561 3306 1600 3366 tu,
1615 3297 1703 3371 iuquit
1716 3295 1917 3363 misercordia,

268 3389 416 3446 redeuntes
435 3388 470 3444 ad
484 3386 629 3444 Dominum
645 3384 692 3457 qui
704 3385 764 3443 illas
778 3383 862 3441 dedit.
878 3383 958 3443 Solus
977 3383 1063 3455 siqui·
1117 3388 1208 3446 neutri
1221 3387 1321 3459 parcis
1337 3388 1385 3444 aad
1400 3395 1475 3452 muta
1491 3386 1676 3460 indignatione
1692 3386 1770 3444 savis
1779 3386 1808 3441 ιιι
1817 3400 1920 3458 praesa·

264 3478 330 3534 dem
343 3475 401 3548 ipse
414 3475 554 3547 cogitabat
568 3473 750 3545 cogimtmnes
763 3471 850 3545 pecie,
864 3471 1062 3532 otunaillictio-
1107 3477 1270 3543 ,ricatorem
1284 3483 1314 3531 ut
1328 3476 1448 3533 involvas
1462 3475 1564 3548 pariter
1578 3483 1605 3532 et
1614 3490 1750 3538 sororem.
1764 3473 1836 3544 Quid
1854 3471 1917 3530 mali

264 3566 308 3622 nis
323 3564 403 3637 plenu
418 3563 509 3622 omnia
527 3563 696 3620 riderentur.
712 3560 851 3629 siquidem
864 3575 919 3618 non
939 3561 1064 3618 cessabat
1097 3631 1100 3636 ,
1116 3565 1222 3623 meruit
1237 3564 1266 3622 Si
1281 3564 1347 3638 quid
1357 3565 1441 3621 babes
1451 3564 1597 3622 adversum
1613 3580 1668 3632 me,
1683 3563 1766 3620 dicito
1780 3562 1861 3620 mibi:
1877 3562 1920 3620 sin

265 3671 329 3727 par,
344 3669 399 3712 non
417 3652 444 3708 ei
467 3649 653 3708 misericordia
676 3648 759 3706 dabat
777 3647 923 3715 aientium,
948 3649 996 3709 sed
1020 3648 1064 3720 pio
1117 3661 1219 3722 autem,
1235 3653 1299 3728 quid
1314 3670 1357 3711 me
1374 3652 1567 3726 persequeris?
1581 3652 1700 3710 Grandis
1718 3651 1918 3718 controversia,

265 3743 383 3816 quodam
397 3739 517 3800 susurrio
541 3746 655 3812 paterna
677 3739 816 3810 pulsantes
839 3738 943 3798 viscera
969 3737 1065 3810 loque-
1117 3743 1225 3809 iratres,
1251 3750 1278 3798 et
1300 3743 1425 3800 intricata
1447 3741 1561 3798 nimium
1585 3740 1758 3814 disceptatio.
1783 3739 1850 3811 Quis
1864 3755 1919 3798 non

265 3833 378 3886 bantur:
401 3829 534 3904 Numquid
555 3829 587 3884 iu
606 3835 746 3886 curnam
757 3828 890 3900 proiiciet
904 3827 998 3884 Deru?
1012 3832 1065 3887 cut
1117 3831 1171 3890 illic
1183 3829 1301 3888 diceret:
1315 3833 1419 3889 Βιιιιιιιι
1442 3831 1522 3890 nobis
1536 3837 1597 3888 erat
1611 3829 1633 3888 si
1647 3836 1728 3890 natas
1744 3845 1800 3886 non
1824 3827 1921 3893 ιιιιιιιι

266 3937 324 3976 non
346 3921 469 3992 apponet
493 3921 527 3974 ut
540 3917 736 3988 complacitior
750 3917 786 3973 sit
801 3915 917 3975 adbuc?
931 3915 1064 3988 Numquid
1118 3921 1199 3978 bomo
1220 3920 1292 3976 istei
1315 3920 1361 3978 Sic
1384 3927 1442 3978 erat
1465 3918 1642 3990 ιιιιιιιιιιιιιιι,
1665 3917 1776 3978 omniuo
1790 3916 1832 3979 sio
1845 3925 1918 3974 erat:

265 4008 446 4065 obticiscctur
459 4006 591 4063 moereri
604 4005 700 4062 Deua?
714 4010 765 4062 aot
779 4004 936 4062 continebit
963 4006 997 4062 iu
1019 4007 1064 4064 ira
1118 4025 1172 4066 non
1186 4009 1489 4082 videbaturquomodo
1508 4009 1588 4066 simul
1608 4015 1723 4080 possent
1739 4021 1807 4082 erga
1829 4005 1919 4062 horni-

266 4113 317 4153 suo
335 4094 544 4152 Memmiae
567 4093 657 4150 titii?
676 4093 763 4162 (Posti
789 4108 885 4160 1Χ1111,
910 4097 936 4160 8.
963 4093 1008 4166 10)
1029 4093 1065 4152 m
1118 4115 1181 4156 nem
1203 4097 1387 4156 Misericordia
1410 4105 1438 4156 et
1461 4097 1568 4156 Veritas
1601 4095 1770 4157 materiari.
1796 4095 1922 4168 Cumque

265 4182 443 4256 quamvistlitt
461 4181 632 4253 multumque
645 4180 719 4240 visits
736 4181 772 4244 eil
786 4180 957 4241 dissimulare
985 4183 1065 4241 Pater
1118 4186 1250 4256 adiiceret
1264 4183 1756 4259 Veritasinipaumquoqueiudicam
1766 4182 1921 4256 periissem

265 4270 481 4336 miserationum,
496 4279 526 4327 ut
539 4269 648 4328 interim
658 4269 828 4330 satisfaceret
841 4269 901 4330 zelo
911 4271 1024 4342 iustitie
1037 4280 1065 4330 et
1118 4275 1245 4346 injuriam
1268 4275 1421 4349 retorqueri
1447 4274 1543 4350 iulias,
1556 4275 1655 4333 merita
1675 4273 1858 4346 retorquerel,
1873 4272 1919 4330 di-

266 4359 402 4426 veritatls;
423 4367 583 4418 nontamen
598 4358 764 4419 infructuosa
784 4359 834 4418 luit
854 4359 1063 4432 supplicantium
1076 4388 1102 4472 ῃ
1118 4377 1185 4422 cena
1204 4365 1354 4426 cavendum
1379 4365 1493 4428 omnino
1515 4381 1550 4422 ne
1574 4365 1653 4422 lieret
1675 4363 1782 4430 irritum
1803 4361 1920 4426 verbum

265 4448 465 4521 importunitas,
477 4447 526 4506 aad
541 4447 754 4508 ιιιιιιιιιιιιιιι
769 4455 1061 4520 temporeopportuno.
1118 4453 1213 4522 Patris,
1234 4469 1270 4514 ne
1284 4467 1375 4520 sermo
1388 4453 1465 4516 virus
1480 4461 1508 4512 et
1522 4453 1619 4515 eltiuax
1636 4451 1758 4526 qualibet
1771 4450 1919 4518 occasione

302 4541 347 4595 to.
362 4538 442 4594 Forte
457 4537 530 4593 anim
549 4537 785 4608 interpellantibus
808 4537 861 4594 tale
887 4539 990 4596 dicmnr
1013 4540 1063 4596 de·
1118 4549 1309 4607 evacuaretur:
1326 4543 1443 4611 Parcite,
1458 4559 1563 4614 quaeso,
1578 4544 1616 4602 ait
1631 4544 1695 4610 Pax,
1710 4539 1814 4613 parcite
1827 4539 1921 4598 verbis

265 4625 339 4684 disse
356 4641 535 4698 responsum:
553 4625 699 4699 Usquequo
709 4631 938 4698 praecaveatur?
951 4625 1066 4685 Debilor
1117 4631 1284 4702 hujusmodi·
1299 4633 1359 4696 Non
1373 4648 1424 4693 uos
1437 4631 1497 4696 talis
1515 4631 1655 4693 altercatio
1669 4632 1764 4690 decet:
1784 4628 1920 4694 rirtmurn

265 4731 324 4772 cum
344 4723 373 4772 et
386 4713 528 4772 sumtibus
546 4715 739 4788 ventrisquae
761 4715 897 4775 accinctas
914 4715 1065 4790 videtislad
1117 4727 1162 4778 ιιι
1173 4720 1318 4781 nbonesu
1330 4721 1479 4781 contendo.

264 4804 417 4862 ιιιιιιιιιιιιι
431 4803 578 4862 vindictam
592 4803 620 4860 in
632 4805 807 4871 nadonibns;
821 4805 932 4876 justitiae
946 4814 975 4862 et
993 4806 1065 4864 veri·
1154 4811 1198 4866 ta.
1214 4812 1298 4868 Porro
1319 4810 1410 4872 iudex
1430 4809 1565 4876 inclinans
1579 4825 1620 4877 ιι,
1636 4808 1723 4884 digito
1737 4805 1876 4867 scribebat
1890 4804 1919 4861 in

265 4892 326 4950 tati.
342 4893 491 4955 vocemur.
505 4893 627 4958 remant,
640 4901 669 4952 et
685 4909 769 4966 super
782 4895 835 4952 boe
853 4895 938 4954 verbo
964 4895 1065 4967 pariter
1118 4905 1201 4958 terra.
1216 4899 1300 4960 aaut
1314 4907 1404 4964 autem
1420 4899 1508 4962 ,rerba
1522 4899 1680 4971 scripture,
1697 4912 1757 4970 que
1779 4897 1835 4966 Pax
1858 4894 1919 4966 ipsa

265 4979 451 5038 conteramus.
476 4980 614 5038 Festinant
636 4996 703 5054 erqo
727 4983 809 5054 legati
831 4982 966 5044 coeleues.
992 4991 1020 5042 ιι
1034 4991 1065 5042 ut
1117 4985 1184 5059 legit
1204 4986 1233 5045 in
1246 4987 1491 5050 senoniensium
1505 4987 1551 5061 (ea
1565 4987 1698 5060 siquidem
1712 4983 1827 5058 propius
1846 4983 1922 5040 assi·

170 5121 173 5132 .
264 5069 393 5128 viderunt
407 5071 546 5146 miseriam
560 5071 700 5130 bominum
716 5077 743 5130 et
757 5071 1065 5144 crudelempquamut
1118 5074 1226 5148 debat):
1242 5075 1307 5138 linc
1316 5077 1394 5146 dicit,
1411 5077 1530 5143 Periiai
1555 5077 1642 5135 tuan
1655 5090 1711 5132 non
1722 5072 1871 5146 moriatum
1890 5079 1920 5130 et

266 5160 397 5234 pmpbeaa
410 5160 538 5233 loquitur,
558 5163 658 5234 tapeti
669 5162 749 5236 pacis
763 5161 1063 5233 internitentium.
1117 5165 1176 5224 ιιι
1199 5163 1277 5228 dicit:
1291 5163 1380 5232 ttae
1397 5166 1484 5236 .Perii,
1509 5167 1561 5227 nisi
1582 5163 1795 5222 maeneordtun
1818 5175 1917 5220 conm-

265 5263 368 5319 xxarn,
384 5251 423 5322 t).
439 5248 494 5320 Qut
505 5250 580 5308 enim
594 5249 701 5312 fidelius
714 5256 1064 5327 quaerereatautrpgarent
1117 5261 1225 5327 quatur.
1239 5254 1300 5313 Fiat
1313 5269 1388 5318 mars
1401 5257 1483 5322 bona,
1498 5262 1527 5312 ιι
1540 5254 1622 5312 hebet
1631 5261 1747 5326 atraque
1756 5249 1915 5322 quodpetit.

264 5354 327 5412 quae
340 5340 375 5394 ad
386 5353 483 5412 pacem
502 5346 576 5407 sunt,
600 5353 681 5411 quam
703 5337 794 5410 angeli
813 5338 906 5411 pacis?
930 5339 1003 5406 Sane
1029 5357 1063 5405 ar
1117 5343 1288 5416 Obstupuere
1297 5359 1395 5408 omnes
1409 5343 1437 5400 in
1450 5345 1535 5406 verba
1551 5342 1694 5416 sapientire
1703 5348 1732 5404 st
1745 5341 1835 5404 torma
1842 5354 1918 5396 com-

265 5427 460 5490 deliberatione
483 5429 620 5488 communi
641 5425 766 5490 senon
786 5427 936 5492 ueriusad
956 5431 1062 5500 consti·
1116 5431 1258 5506 positionis
1271 5434 1463 5507 peractaeque
1476 5431 1731 5505 judicii:siquidem
1741 5427 1917 5495 naulicatuut

266 5524 351 5574 tutam
368 5516 451 5590 diem,
466 5515 651 5576 aedascendit
670 5518 805 5590 usquead
819 5518 923 5578 nubes:
944 5519 1063 5582 nemum
1117 5522 1167 5584 luit
1189 5521 1290 5588 ιιιιιιιιιι
1314 5523 1355 5584 eis
1373 5523 1553 5598 querimoniae
1580 5521 1752 5586 mersionem
1780 5516 1913 5591 relinquia

267 5605 460 5683 planeluclda,
475 5607 525 5666 aed
547 5605 715 5664 subobscura
738 5613 767 5664 et
791 5607 947 5668 obnubilata
974 5609 1063 5671 adbuc
1117 5611 1252 5686 siquidem
1270 5611 1331 5672 beri
1343 5621 1438 5688 posset
1459 5615 1534 5690 qnod
1555 5621 1671 5686 utraque
1693 5609 1815 5687 petebat,
1830 5615 1862 5665 ut
1889 5614 1919 5668 et

1364 5847 1376 5876 ἱ
