4086 6344
124 447 176 508 etl
765 441 935 506 subuculis
954 443 990 504 Iu
1005 441 1154 505 ulmus.
1722 464 1780 526 342

130 569 240 630 ΙΜῚ
256 573 284 628 d.
309 571 451 644 Exaggera
481 569 654 642 quantumvis
668 567 773 637 merita,
788 577 815 626 et
828 569 926 625 extolle
942 585 966 665 Α
982 571 1100 628 bominis
1114 571 1240 643 formam,
1256 585 1359 646 quanto
1373 581 1461 638 serius
1484 591 1557 642 nuto
1577 587 1711 648 sincerius
1729 607 1774 649 re·

128 661 258 717 sudores:
281 657 626 718 meliorestmIsericordia
640 656 748 714 Domini
764 656 926 730 supervitas
981 657 1101 716 formare
1124 657 1263 718 festiuum.
1284 663 1317 719 Et
1338 666 1381 722 bae
1401 679 1428 726 et
1448 669 1502 728 illae
1530 689 1596 731 sane
1624 677 1773 748 proficiant,

128 751 217 824 (Psnl.
245 765 315 806 ιιιιι.
337 750 374 820 i).
391 749 497 816 Fateor,
514 763 568 804 non
584 747 700 804 sustinui
716 747 886 819 pondnsdiei
900 757 927 804 et
981 762 1035 804 non
1057 746 1181 804 deficiant
1208 765 1294 822 neque
1319 751 1474 827 fatigentur,
1498 761 1548 816 etsi
1569 765 1683 820 nemum
1696 766 1775 838 plene

128 848 231 908 sestus3
255 839 303 895 sed
317 839 415 912 jugum
446 853 527 894 suave
542 845 650 892 etouns
677 836 737 892 leve
767 853 814 907 pro
842 837 926 893 bene·
980 835 1190 906 inserentium,
1206 839 1521 916 uudedicautetipsae:
1540 849 1775 925 Oleamessasom

127 929 227 1000 placito
251 927 453 1000 patrisfamilias
475 935 564 998 porto.
590 926 666 997 Opus
680 942 771 981 meum
786 927 832 983 vix
846 928 927 983 unius
980 941 1084 982 nomen
1099 931 1191 983 taum.
1201 927 1258 984 Nec
1272 930 1344 986 enim
1358 931 1459 988 audent
1472 936 1680 997 adolescentuiae
1689 959 1775 1013 perse

126 1025 169 1072 est
184 1019 256 1074 borae
268 1037 276 1084 ς
290 1025 316 1073 et
335 1015 358 1072 si
374 1019 434 1088 plus
452 1015 544 1088 fufius,
560 1015 666 1088 plurisl,
691 1031 745 1086 prm
760 1031 853 1072 amore
870 1032 925 1071 non
980 1012 1070 1070 faeere
1091 1015 1172 1072 verba
1197 1031 1309 1088 sponso.
1332 1018 1432 1076 'famen
1456 1022 1479 1078 si
1499 1025 1633 1098 magistrae
1651 1031 1775 1104 vestigiis

127 1107 229 1172 sentio,
243 1105 352 1160 iudaeus
369 1104 493 1177 proprias
513 1105 643 1161 exercitet
658 1104 750 1172 vires;
771 1103 838 1159 milri
859 1119 926 1175 pro-
981 1102 1098 1174 pressius
1116 1103 1248 1162 inbaerere
1269 1109 1384 1176 student,
1407 1109 1487 1170 effusi
1509 1113 1562 1169 olei
1577 1117 1671 1172 saltem
1690 1119 1775 1176 odore

128 1195 193 1250 bare
207 1193 280 1260 libet,
305 1208 367 1266 quae
382 1193 418 1248 sit
441 1193 566 1249 voluntas
580 1191 687 1248 Domini
707 1192 786 1260 bona,
798 1202 825 1248 ct
843 1193 927 1248 bene
981 1193 1195 1267 delectabuntur,
1211 1203 1239 1253 et
1253 1196 1433 1256 incitabuntur
1450 1200 1531 1258 etiam
1552 1203 1587 1260 de
1600 1205 1693 1262 odoris
1708 1225 1773 1281 per-

129 1280 250 1356 placens,
270 1291 297 1338 et
307 1281 438 1353 perfecte.
458 1281 497 1338 Ex
512 1297 545 1337 ea
568 1297 634 1336 sane
647 1280 736 1352 operis
749 1295 780 1337 ac
796 1280 928 1354 temporis
982 1281 1106 1354 ceptione
1120 1299 1220 1354 cupere
1232 1291 1260 1340 at
1272 1299 1393 1357 quaerere
1406 1288 1522 1359 potiora.

130 1373 228 1428 damna
245 1368 310 1425 mibi
337 1369 466 1427 resarcio.
488 1369 536 1426 llle
559 1376 638 1440 pacto
660 1368 855 1437 conventionis,
876 1383 929 1441 ego
1019 1373 1046 1426 li.
1062 1369 1227 1443 Frequenter
1239 1386 1291 1446 eqo
1306 1374 1376 1446 ipsc,
1390 1375 1463 1448 quod
1480 1375 1558 1434 fateri
1573 1395 1628 1436 non
1643 1397 1775 1440 verecun-

131 1459 229 1531 placito
251 1457 528 1527 voluntatisinnitor3
544 1459 637 1529 credo,
653 1459 791 1515 etnonad
803 1459 929 1529 Insipien·
983 1446 1230 1532 dor,.marim'eqne
1244 1460 1271 1516 in
1294 1460 1371 1520 initio
1395 1467 1577 1524 conversionis
1599 1485 1678 1542 meae,
1694 1473 1776 1529 corde

131 1548 195 1604 tiam
224 1546 306 1603 mibi:
335 1561 396 1601 nam
429 1545 483 1604 vita
507 1545 537 1601 fn
564 1545 703 1604 voluntate
716 1547 785 1617 ejus.
801 1537 850 1600 flla
864 1545 930 1601 mibi
982 1548 1067 1604 durus
1082 1555 1110 1603 et
1132 1547 1256 1620 frigidus,
1274 1555 1301 1606 ct
1324 1567 1448 1624 quaerens
1467 1571 1548 1627 quem
1566 1559 1648 1615 vellet
1658 1559 1777 1633 diligere

132 1634 287 1692 reconciliat
303 1635 418 1704 Patrem,
438 1632 484 1688 Illa
501 1631 686 1689 haereditatem
700 1631 825 1703 restituit,
849 1631 929 1689 etiam
983 1635 1074 1690 anima
1089 1649 1149 1690 mea
1163 1652 1171 1690 ε
1187 1651 1237 1692 nec
1251 1636 1325 1694 euim
1338 1640 1428 1699 adbuc
1439 1643 1554 1720 diligere
1574 1653 1680 1718 poterat
1696 1664 1776 1722 quem

132 1722 302 1782 cumulatiori
322 1723 422 1796 qratia3
449 1719 628 1792 symphoniis,
653 1728 681 1777 et
702 1726 796 1776 cantus
822 1728 850 1778 et
863 1734 928 1792 epu·
945 1751 967 1828 Β
983 1721 1101 1778 nondum
1116 1722 1265 1792 invenerat,
1280 1734 1328 1782 ant
1341 1736 1414 1788 certe
1427 1730 1517 1789 minus
1529 1750 1609 1806 quam
1626 1736 1777 1794 relfeldili·

133 1813 228 1877 Iamm,
259 1826 291 1868 ac
321 1809 403 1867 totius
435 1807 584 1866 exultantis
615 1807 723 1866 familiae
755 1808 929 1866 celeberrima
982 1807 1071 1877 gabat,
1087 1815 1114 1862 et
1128 1807 1227 1865 abhoc
1244 1814 1382 1884 quaerebat
1400 1825 1429 1872 ut
1443 1821 1532 1894 magis
1549 1822 1778 1898 diligeret;quem

133 1898 232 1971 gaudia
249 1899 360 1954 suscitat
374 1897 450 1956 mibi,
476 1896 504 1953 Si
518 1896 675 1972 IndIgnalur
697 1897 781 1954 frater
794 1913 871 1954 meus
883 1914 929 1956 se·
983 1907 1152 1966 nequaquam
1170 1907 1313 1971 quereret,
1341 1901 1392 1957 nisi
1412 1905 1467 1972 jam
1486 1907 1655 1980 aliquatenus
1666 1913 1779 1972 dilexis·

134 2003 194 2042 ntor
218 1985 275 2054 ille,
303 1985 350 2057 qui
364 1985 470 2042 baedum
490 1986 632 2042 comedere
645 1984 747 2042 mavult
760 2001 821 2044 cnm
839 1987 932 2043 amicis
984 1991 1035 2040 set.
1052 1982 1120 2038 Cum
1142 1999 1209 2058 ergo
1229 2000 1290 2043 eum
1311 2003 1472 2062 quaererem,
1488 1993 1516 2048 in
1539 2013 1593 2068 quo
1607 2002 1781 2059 marmoree

134 2073 285 2142 salsioris,
304 2087 385 2144 qnam
406 2089 512 2130 meeum
526 2072 554 2128 in
576 2081 688 2146 patema
714 2073 796 2130 domo
818 2072 931 2130 vitulum
986 2079 1066 2145 atque
1081 2073 1263 2146 requiesceret
1283 2075 1393 2148 spiritus
1417 2095 1503 2148 meus,
1518 2083 1613 2156 utique
1628 2096 1740 2160 torpeus
1755 2095 1783 2146 et

134 2161 295 2233 saginatum,
315 2161 523 2234 respondebitur
536 2159 589 2218 illis
605 2161 726 2234 Epulori
755 2167 785 2220 el
813 2161 933 2234 paudus
987 2161 1137 2234 lanquens3
1153 2177 1204 2220 nee
1225 2162 1280 2219 ulla
1298 2165 1422 2238 deporta
1437 2173 1653 2247 occurreretqui
1669 2173 1782 2234 ΙΜΟ

135 2253 255 2323 oportet,
271 2249 568 2322 quicticliliuemees
586 2251 837 2324 mortuasfaercl,
852 2255 936 2308 etre-
989 2257 1182 2320 succurreret,
1215 2265 1263 2324 per
1294 2269 1375 2326 quem
1406 2255 1529 2316 videlidet
1564 2259 1661 2320 bruma
1692 2265 1784 2339 rigens

134 2339 227 2406 oinit,·
238 2338 697 2411 perierutmtiooenlasestfbuc.
711 2353 759 2407 xv,
773 2339 829 2396 tal.
840 2338 937 2398 Adbuc
990 2337 1084 2410 lullus,
1109 2338 1207 2410 pruina
1224 2339 1336 2415 rIqensl,
1360 2357 1422 2415 que
1444 2359 1541 2404 sensus
1555 2349 1703 2427 stringebat
1715 2352 1787 2410 iuter

135 2426 278 2499 Synagoga
287 2424 354 2482 foris
369 2426 495 2496 epulatur
508 2443 572 2484 cum
582 2427 677 2484 amicis
690 2426 936 2502 suisdaemonibus,
990 2441 1051 2498 uos,
1067 2425 1270 2501 dissolveretur,
1285 2439 1314 2488 et
1325 2433 1444 2490 vernaIIs
1457 2433 1504 2491 illa
1522 2438 1642 2494 suavitas
1654 2453 1687 2496 ac
1701 2440 1786 2514 apiri-

136 2514 239 2584 quibus
260 2512 324 2570 satis
338 2514 435 2585 placet,
466 2514 542 2587 quod
556 2515 666 2572 baedam
681 2515 784 2586 peceati
806 2513 939 2588 fnsipiens
992 2514 1070 2572 taulis
1084 2516 1226 2574 amoenitas
1240 2525 1419 2577 reverteretur
1434 2538 1441 2577 ι
1459 2527 1522 2580 tuuc
1543 2525 1631 2601 magis
1649 2543 1681 2584 ac
1701 2529 1789 2603 magis

137 2600 698 2676 devornttrausqlutieus‚,atqnequodam
708 2601 940 2660 modcoccultans
993 2603 1149 2677 languebat,
1174 2612 1202 2662 et
1222 2606 1347 2679 tedebat,
1369 2615 1395 2666 et
1417 2609 1578 2668 dormitabat
1599 2613 1687 2671 anfma
1711 2631 1787 2688 mear

137 2701 164 2748 et
180 2706 316 2763 reponens
334 2691 385 2748 sibi
399 2689 466 2748 illud
480 2691 508 2746 in
518 2691 752 2749 ventresocordiae
765 2699 794 2748 et
809 2690 939 2764 fusipien-
994 2706 1051 2766 prae
1072 2693 1164 2761 taedio,
1186 2693 1271 2752 tristis
1294 2704 1320 2754 et
1342 2711 1412 2767 pene
1430 2698 1590 2771 (imperem,
1604 2709 1632 2758 et
1644 2704 1790 2762 mussitans

137 2781 183 2836 tiae
211 2797 278 2847 suae,
294 2781 359 2838 dum
383 2789 560 2838 contemnens
578 2780 630 2837 liei
646 2777 792 2851 justitiam,
808 2787 836 2836 et
863 2795 939 2838 suam
996 2780 1179 2862 secumillud:
1200 2783 1433 2856 afsnea'esriqora's
1444 2785 1531 2860 bajas
1544 2790 1607 2861 qais
1620 2789 1794 2850 resonabit?

138 2869 236 2928 volens
261 2870 441 2939 constituere,
470 2867 537 2927 dicit
563 2885 593 2926 se
611 2885 664 2927 non
677 2871 776 2927 babere
790 2880 941 2943 peccatum,
994 2869 1080 2939 (Pscl.
1096 2884 1201 2939 amur,
1217 2871 1274 2945 II.)
1289 2872 1355 2930 Cam
1374 2873 1463 2930 subito
1480 2873 1551 2932 forte
1564 2879 1730 2949 adalfatnm,
1749 2881 1791 2939 vel

139 2973 192 3018 nec
206 2965 295 3016 morte
310 2974 392 3034 egere
420 2957 498 3017 vituli
520 2959 645 3034 saginati,
660 2958 789 3016 mundam
808 2958 943 3033 siquidem
998 2957 1079 3014 etiam
1092 2965 1229 3030 asperatum
1242 2961 1392 3032 cujuspiam
1403 2962 1548 3032 spiritualis
1559 2967 1792 3042 perfacIIqueriri,

139 3052 295 3124 justumque
314 3065 348 3106 ex
372 3049 443 3123 legis
459 3048 587 3121 operibus
606 3065 637 3105 se
664 3057 800 3122 reputans.
818 3052 855 3107 nt
876 3061 943 3106 vcro
958 3028 980 3107 ῧ
998 3044 1134 3102 interdurn
1159 3054 1185 3104 et
1207 3048 1241 3102 ad
1265 3047 1351 3104 solam
1374 3049 1493 3108 defuncti
1517 3065 1565 3108 sen
1589 3056 1711 3112 absentis
1733 3072 1794 3114 ιιιο-

141 3138 275 3205 Ecclesia,
303 3135 389 3194 scisso
416 3137 476 3195 velo
504 3137 651 3196 occidentis
673 3139 770 3196 litterae
798 3137 828 3193 iu
855 3144 943 3194 morte
998 3135 1122 3200 moriam,
1145 3131 1226 3190 flabat
1248 3133 1370 3206 spiritus,
1387 3142 1414 3192 et
1436 3135 1556 3196 fluebant
1569 3147 1705 3214 aquae;et
1719 3153 1797 3202 erant

142 3227 224 3286 Verbi
237 3225 369 3291 crncifixi,
384 3227 513 3284 audacter
535 3226 570 3282 ad
583 3225 806 3300 ejuspenetralla
820 3232 943 3299 praeunte
996 3221 1064 3278 mibi
1089 3222 1212 3294 lacryma
1240 3223 1294 3308 illae
1316 3239 1401 3294 panes
1423 3225 1467 3282 die
1492 3243 1524 3284 ac
1548 3238 1637 3286 nonu.
1662 3231 1796 3301 Quidnam

143 3314 239 3388 spicitn
259 3314 390 3372 libertatis
409 3313 544 3386 frrnmpil,
568 3313 735 3390 agnoscitur,
751 3316 849 3387 placet,
864 3313 944 3370 sorli-
998 3309 1082 3377 istud,
1103 3310 1154 3366 nisi
1176 3313 1244 3368 odor
1268 3311 1418 3369 exhalantis
1442 3315 1585 3384 nacionis,
1601 3334 1655 3392 qua
1669 3329 1726 3376 erat
1749 3321 1797 3378 illa

141 3403 301 3462 turaemulse
324 3403 426 3470 locum,
440 3402 471 3458 fit
487 3417 597 3474 sponsa,
613 3401 711 3459 fmitnr
729 3401 869 3476 praereptis
883 3418 942 3458 am·
998 3397 1148 3470 perfusus?
1168 3399 1230 3456 Non
1252 3399 1325 3456 enim
1348 3401 1453 3474 unctio,
1476 3417 1538 3475 quse
1559 3405 1592 3460 ad
1612 3423 1656 3464 me
1670 3409 1796 3466 nimimm

145 3493 286 3564 plexibus·
311 3499 339 3548 et
358 3491 385 3546 iu
406 3490 495 3548 calore
510 3491 622 3565 spiritus
638 3489 745 3548 Christo
760 3489 886 3560 Domino,
901 3489 945 3547 cui
998 3486 1051 3542 nisi
1074 3485 1186 3544 bomine
1206 3488 1339 3545 medianto
1360 3503 1416 3546 uon
1439 3492 1618 3564 pertingebat.
1641 3495 1674 3550 Et
1687 3504 1798 3568 propter

145 3581 318 3648 conluantur,
333 3581 361 3638 in
376 3582 494 3646 harena,
508 3579 622 3638 stillante
638 3595 670 3638 ac
684 3579 811 3636 fundente
825 3579 944 3652 undique
999 3575 1050 3632 etsi
1070 3574 1218 3647 gaudebam
1241 3577 1275 3634 de
1296 3593 1423 3646 munere,
1453 3579 1639 3640 confundebar
1659 3592 1748 3642 tamen
1770 3593 1797 3642 et

147 3685 204 3726 suae
224 3670 314 3728 oleum
334 3668 517 3740 exunuonis,
537 3668 589 3725 boc
615 3668 660 3724 illa
689 3683 743 3740 prae
767 3666 946 3741 participibus
1000 3663 1169 3734 humiliabar,
1191 3665 1262 3736 quod
1286 3665 1344 3723 sola
1363 3667 1398 3723 ad
1420 3683 1464 3726 me
1488 3670 1576 3726 munis
1603 3673 1746 3738 exhalatio.
1762 3674 1797 3747 {et
1848 3657 1852 3670 '
1916 3671 1921 3682 “

147 3758 191 3817 sui
221 3756 369 3830 excipiens,
383 3757 437 3816 nit:
467 3757 564 3814 Oleum
590 3757 720 3828 effusum
734 3771 838 3814 nomen
852 3758 944 3814 mam.
1000 3767 1054 3810 non
1080 3754 1189 3826 pinguls
1212 3754 1334 3825 aspersio
1356 3758 1535 3827 pervenisset.
1561 3758 1680 3819 Odoratu
1697 3763 1797 3836 quippe

147 3844 220 3915 Quid
235 3845 336 3901 mIrnm
350 3845 375 3900 si
393 3845 514 3915 ungitur,
532 3859 592 3916 quae
611 3851 722 3900 unctum
750 3843 946 3916 amplectitur?
1000 3840 1157 3907 delectatus,
1174 3857 1228 3898 non
1247 3851 1329 3910 tactu
1344 3843 1486 3919 iudignum
1505 3863 1549 3904 me
1563 3851 1677 3920 proinde
1690 3867 1794 3926 cogno·

183 3937 211 3990 d.
240 3931 363 3990 Ecclesia
377 3948 442 4008 ergo
455 3932 591 3989 recumbit
602 3931 683 4000 intus,
700 3933 747 3989 aed
766 3930 888 3989 Ecclesia
902 3933 945 3989 in·
1000 3931 1120 3995 scebam,
1135 3928 1179 3986 cui
1193 3945 1243 4000 per
1258 3931 1378 4002 seipsum
1401 3933 1565 3991 dulcesceret
1579 3937 1662 3994 Deus.
1678 3939 1713 3997 Et
1726 3955 1797 3998 nnnc

146 4023 225 4082 terim
240 4023 434 4098 perfectorum.
451 4023 518 4095 Spes
536 4029 627 4080 tamen
640 4031 682 4079 est
694 4031 722 4079 et
736 4021 825 4079 nobis.
853 4023 945 4080 Excu·
1000 4018 1121 4090 idipsum
1134 4018 1159 4074 si
1178 4018 1289 4086 accidui.
1312 4018 1405 4076 tridua
1426 4021 1535 4092 quidem
1553 4026 1674 4097 suscipio
1696 4044 1796 4086 munus

145 4115 245 4170 bemus
276 4126 326 4184 pro
352 4112 456 4171 foribus
473 4111 519 4183 qni
535 4110 749 4183 miuusperfecti
769 4127 873 4179 sumus,
897 4127 946 4184 spe
1000 4106 1142 4175 indultum,
1166 4111 1329 4182 gratumque
1351 4107 1452 4180 babeo;
1476 4110 1523 4166 sed
1543 4111 1637 4168 dolens
1657 4113 1734 4172 doleo
1749 4133 1796 4186 per

145 4201 307 4274 gaudentes.
331 4201 455 4276 Sponsus
481 4209 508 4258 et
536 4214 635 4274 sponsa
662 4199 713 4257 soli
738 4199 845 4257 interIm
873 4199 947 4256 intus
1001 4194 1134 4267 meipsum
1150 4210 1204 4252 non
1226 4196 1367 4264 meruisse,
1389 4204 1478 4270 atque,
1492 4206 1524 4254 ut
1537 4200 1644 4272 dicitur,
1664 4204 1699 4260 de
1712 4219 1795 4265 maun

144 4289 217 4357 sint,
255 4291 357 4348 mutuis
393 4289 558 4362 secretisque
600 4287 724 4350 fruantur
760 4287 945 4360 amplexibus,
1000 4285 1029 4340 iu
1046 4299 1156 4342 manum
1178 4283 1290 4342 mfnimc
1310 4285 1457 4358 accepisse,
1480 4303 1543 4345 cnm
1563 4291 1663 4348 obnixe
1684 4291 1710 4349 id
1725 4303 1796 4367 pete

144 4379 220 4437 nullo
235 4379 350 4452 strepitu
371 4379 521 4437 carnalium
538 4378 745 4451 desideriomm,
778 4376 852 4436 nullo
880 4394 941 4436 eor·
999 4388 1068 4430 rem.
1092 4373 1180 4432 Pudet
1201 4371 1327 4430 uimimm
1352 4373 1441 4447 muqis
1455 4376 1488 4430 cd
1512 4377 1639 4446 bominis,
1657 4396 1739 4454 mem
1760 4385 1793 4442 ad

144 4484 293 4541 porcorum
308 4469 517 4543 plantasmatum
531 4467 706 4540 perturbante
728 4469 854 4526 tumultu.
870 4467 942 4526 Tur·
997 4462 1048 4520 Dei
1061 4465 1163 4522 moveri
1178 4463 1346 4522 memoriam.
1362 4463 1396 4519 Et
1410 4473 1474 4521 tune
1487 4480 1550 4522 eum
1568 4467 1670 4543 gemitu
1683 4471 1769 4528 clamo
1784 4495 1791 4532 :

144 4561 180 4614 ba
215 4573 280 4616 vero
309 4557 580 4626 adolescentulamm,
613 4572 675 4630 quae
708 4557 810 4630 absque
843 4557 940 4628 hujus·
998 4554 1625 4629 mormoreiummlopporedoonlesociem
1634 4561 1792 4634 EsiflPseI.

143 4643 218 4702 arodi
244 4645 477 4718 inquietudinibus
505 4645 626 4702 noudum
649 4659 710 4701 esse
729 4654 852 4716 possum,
874 4644 942 4701 foris
994 4659 1055 4712 ιιι,
1067 4647 1107 4717 3.)
1118 4643 1252 4700 Existimo
1262 4653 1290 4701 et
1298 4645 1403 4716 aliquos
1415 4651 1533 4703 restrum
1544 4647 1617 4705 idem
1626 4667 1687 4707 esse
1700 4667 1799 4727 exper-

143 4742 317 4807 exspectent;
346 4743 544 4808 expectentque
570 4749 676 4804 secure,
705 4733 821 4790 scientes
851 4733 885 4790 ad
911 4749 941 4791 se
994 4741 1048 4804 tos,
1074 4742 1103 4791 et
1127 4733 1242 4806 experiri
1265 4733 1401 4790 Interdum
1423 4735 1520 4795 adbuc.
1544 4736 1604 4806 Qua
1626 4740 1653 4796 in
1676 4757 1706 4797 re
1727 4743 1792 4816 quid

143 4821 212 4880 illud
231 4831 355 4896 spectare
376 4823 452 4897 quod
479 4825 590 4896 legunt:
611 4823 793 4881 Addcccotur
806 4822 868 4896 rapi
880 4825 941 4881 uir·
996 4822 1176 4891 sentiendum,
1192 4821 1244 4878 nisi
1260 4821 1331 4894 quod
1346 4829 1438 4878 nostra
1451 4829 1497 4879 aul
1511 4827 1637 4895 superbia
1651 4830 1791 4889 warina.

140 4911 376 4987 pimsposleum,
391 4915 531 4985 mocimus
549 4914 779 4985 ejurassererrtur
790 4909 842 4968 lidi
854 4911 940 4984 (Paul.
996 4919 1049 4980 tur,
1070 4920 1116 4969 aut
1136 4910 1273 4969 humilitas
1290 4911 1451 4977 custoditur,
1470 4921 1517 4969 aut
1538 4912 1656 4973 fraterna
1674 4919 1791 4978 ebaritas
1811 4911 1816 4919 ’

140 5013 224 5070 mr,
239 4999 514 5074 imbuamusque
528 4998 867 5071 seiatcujusspfritussit,
883 4999 941 5056 vir-
996 5004 1124 5072 nutritur,
1150 5005 1196 5056 aut
1215 4997 1383 5056 desiderium
1401 4998 1549 5057 exduturi
1568 5002 1644 5061 Unus
1667 5007 1791 5082 idemque

139 5089 222 5162 giues
235 5089 296 5146 dico
320 5088 390 5158 illus,
406 5105 467 5162 quae
490 5095 551 5145 aute
566 5089 673 5145 Christo
700 5087 838 5146 foederatae
859 5105 941 5161 quarn
995 5091 1072 5148 cibus
1086 5099 1113 5146 et
1127 5088 1236 5163 aeqrotis
1250 5097 1291 5144 est
1308 5087 1452 5155 medicina,
1474 5095 1502 5145 et
1521 5093 1683 5166 aegrotam
1696 5095 1787 5152 clap:

140 5177 250 5236 foedatae
275 5177 369 5235 mnndi
395 5178 591 5251 complexibus,
606 5177 658 5249 ipsi
685 5176 798 5234 tinnites
816 5193 943 5249 perseve-
995 5194 1077 5250 porro
1091 5188 1118 5234 et
1132 5177 1236 5234 debiles
1248 5176 1392 5246 confortat,
1405 5185 1431 5234 et
1445 5176 1559 5236 delcetat
1571 5181 1701 5241 valentes.
1715 5183 1790 5241 Unus

140 5277 212 5336 rant
231 5267 275 5324 oui
291 5283 321 5324 se
342 5276 416 5325 tamo
439 5266 543 5324 felicius
570 5275 669 5340 quanto
697 5265 829 5324 malumus
854 5269 941 5325 devo-
994 5264 1120 5335 idemque
1132 5261 1208 5320 cibus
1222 5269 1249 5318 et
1263 5259 1418 5334 languorem
1440 5269 1526 5328 sanat,
1546 5270 1573 5320 et
1587 5271 1676 5326 serrat
1690 5269 1789 5325 aava.

141 5363 255 5428 varnnl3
278 5356 414 5429 proxImas
427 5370 501 5424 vero,
522 5371 583 5427 qnae
601 5354 740 5428 pristinam
754 5369 831 5410 suam
845 5355 940 5413 defor-
997 5359 1064 5421 tem;
1078 5359 1106 5408 et
1120 5367 1221 5424 corpus
1235 5349 1331 5417 nutrit;
1345 5355 1372 5407 et
1386 5349 1475 5421 palato
1489 5351 1567 5422 sapit.

141 5443 272 5512 miluum,
289 5445 316 5499 in
341 5462 394 5518 qua
410 5444 512 5502 mundo
526 5445 589 5501 buic
602 5442 765 5516 quandoque
779 5443 939 5513 conformes,
1031 5443 1072 5496 ‘t'
1086 5440 1141 5496 Sed
1165 5439 1307 5498 redeamus
1329 5438 1363 5494 ad
1387 5436 1468 5498 verba
1481 5453 1598 5509 sponsae,
1613 5449 1641 5498 et
1657 5443 1697 5500 sic
1708 5461 1789 5503 cure-

142 5533 236 5590 mundi
251 5533 436 5607 principibus,
450 5533 479 5590 id
493 5542 532 5590 eat
551 5530 691 5604 spiritibus
709 5533 810 5604 spucfs,
826 5530 853 5587 in
867 5531 941 5588 omni
995 5543 1057 5584 nnus
1079 5528 1173 5585 audire
1196 5544 1255 5601 quse
1278 5529 1325 5596 nit,
1348 5535 1377 5584 ut
1399 5528 1556 5585 studeamus
1568 5537 1595 5586 et
1607 5545 1704 5606 sapere
1717 5537 1789 5608 qima

105 5629 111 5642 ·
141 5620 245 5678 carnali
268 5623 487 5693 concupiscentia
513 5637 572 5678 sese
599 5619 714 5692 turpiter
739 5619 939 5694 prostituerant,
999 5619 1078 5691 sapit.
1105 5617 1270 5690 sponsant
1297 5617 1363 5686 dial,
1386 5615 1505 5674 Ecclesia
1526 5625 1576 5676 ast.
1600 5619 1662 5691 Ipsa
1683 5613 1723 5678 aar
1748 5625 1792 5682 qui

136 5711 253 5788 ,andem
268 5711 415 5784 aliquando
428 5712 619 5770 erubescentes
631 5718 659 5768 et
681 5719 822 5778 exeuntes,
837 5708 866 5764 in
883 5710 945 5768 novi
999 5708 1063 5780 plus
1078 5705 1219 5764 dimissum
1235 5713 1401 5778 essetque
1416 5705 1476 5777 plus
1490 5703 1587 5778 diligit.
1603 5707 1680 5779 Quod
1695 5715 1794 5770 aemula

285 5811 407 5869 Parnon.
421 5807 592 5868 CLXXXIII.
1651 5811 1686 5866 aa
1774 5897 1783 5912 .
