4150 6348
154 443 211 504 439
652 440 685 501 bt
705 441 806 502 PESTO
819 442 848 502 S.
864 442 1000 508 deividi
1018 447 1165 510 aristoni
1179 453 1297 517 SssRldO.
1748 474 1802 534 leo

156 564 341 624 recordatione
356 561 497 624 suavitatis
511 569 701 622 nostrumnon
723 564 820 622 desinit
845 581 949 625 conso-
966 585 990 665 Α
1009 572 1142 631 tuonobis
1159 575 1306 648 :ipsoram
1334 581 1467 654 siquidem
1487 588 1514 644 in
1529 591 1626 664 spiriru
1654 603 1682 652 aa
1703 596 1801 654 pisanae

154 651 206 712 leri
220 654 416 725 captivitatem.
440 653 563 710 Exsultat
583 653 611 708 in
633 651 749 712 Domino
768 653 880 725 spiritur
892 656 949 711 lla·
1007 661 1112 719 venisti.
1126 662 1188 720 Vita
1220 673 1276 738 tua,
1296 668 1339 726 lex
1355 671 1415 728 rite
1441 682 1467 730 et
1481 675 1638 754 disciplira;
1654 699 1727 742 mars
1745 697 1801 753 rua,

153 743 260 813 lacbiae,
275 741 350 814 quod
364 742 471 798 levatus
482 743 602 814 pondere
616 755 756 813 corporee
769 742 859 814 molis,
875 743 950 800 nulle
1003 750 1098 806 mortis
1113 760 1217 823 portus.
1233 763 1261 812 et
1274 764 1352 828 porte
1367 759 1444 833 vitae;
1463 767 1592 822 memoria
1613 774 1801 841 madelando

151 831 210 900 jem
239 830 380 886 faculenta
408 829 450 886 vel
484 835 591 886 terrena
614 828 725 886 materia
753 837 947 901 pregravatur,
1002 838 1142 896 suavitatis
1155 843 1308 914 etgratiee;
1325 848 1469 916 praesentia
1485 860 1540 918 tua,
1553 869 1654 914 corona
1670 859 1801 933 gloriaejn

153 920 302 992 quominus
326 926 380 976 tota
407 916 546 974 alacritate
573 933 604 974 ac
629 916 772 974 vivacitate
790 932 949 988 corpoream
1001 941 1083 982 manu
1106 929 1216 985 Domini
1236 932 1286 990 Dei
1308 933 1356 990 tui.
1375 935 1397 993 0
1418 937 1490 994 olive
1508 938 1646 1000 iructilera
1668 945 1696 1000 iu
1719 951 1800 1007 dorna

154 1023 265 1064 omnem
281 1016 309 1064 et
328 1007 518 1077 incorpoream
532 1005 665 1062 transiens
679 1015 840 1071 ereaturam,
857 1018 949 1080 pergat
1001 1015 1065 1070 Dei!
1082 1031 1098 1072 0
1113 1017 1203 1074 oleum
1217 1021 1315 1078 laetitiae
1329 1039 1436 1098 ungens
1455 1035 1483 1082 et
1505 1025 1609 1100 lucens,
1640 1033 1732 1092 lovena
1753 1041 1801 1094 be·

151 1097 379 1162 mansiaticum,
394 1100 423 1150 et
450 1095 591 1152 adbaerens
615 1095 663 1162 illi,
692 1110 761 1150 unus
787 1095 822 1150 sit
839 1111 900 1151 cum
915 1110 949 1152 eo
1000 1102 1111 1176 nedelis,
1141 1121 1288 1164 coruscans
1315 1111 1465 1172 miraculis!
1495 1114 1538 1173 fec
1568 1134 1618 1174 nos
1645 1122 1705 1192 ejus

149 1185 303 1258 spirituale
318 1191 458 1242 aelernum.
1710 1165 1719 1189 a
1749 1143 1801 1195 qua

1000 1191 1109 1260 frueris,
1140 1197 1209 1253 lucis
1237 1199 1430 1274 suavitatisque
1461 1205 1617 1276 participes.
1646 1210 1670 1266 Ο
1704 1212 1800 1270 odori·

186 1277 213 1329 ‘l.
229 1274 348 1331 Domum
373 1273 454 1328 istam
475 1273 556 1330 decet
579 1273 741 1338 sanctitudo,
759 1274 787 1328 in
800 1289 855 1345 que
869 1283 947 1332 tantae
1000 1281 1085 1340 lerum
1100 1281 1194 1351 lilium,
1211 1285 1239 1342 in
1255 1297 1385 1346 aeternum
1401 1300 1462 1347 ante
1475 1294 1619 1352 Dominum
1634 1301 1798 1376 germinans,

148 1364 336 1437 frequentatur
359 1363 492 1419 memorie
514 1363 675 1418 sanctitatis.
692 1362 788 1418 Semele
805 1363 945 1431 llalecltia,
1000 1380 1027 1426 et
1040 1370 1150 1440 florens,
1178 1383 1206 1430 et
1230 1393 1361 1450 spargens
1384 1381 1483 1451 ubique
1505 1383 1639 1443 vivificum
1662 1391 1800 1449 suaviam,

147 1461 229 1512 serta
242 1469 303 1510 eam
318 1453 347 1508 in
365 1454 506 1508 sanctitate
527 1461 555 1509 et
575 1451 690 1521 justitia,
706 1451 833 1508 misertus
848 1454 944 1521 nostri,
1000 1457 1120 1528 odorem,
1138 1462 1216 1532 cujus
1243 1466 1314 1537 apud
1333 1481 1384 1523 nos
1408 1472 1537 1526 memoria
1563 1473 1591 1528 in
1612 1475 1799 1537 benedictione

146 1541 193 1612 qni
207 1541 276 1599 inter
300 1548 341 1598 tot
368 1548 396 1598 at
423 1547 511 1601 tentes
537 1540 659 1597 miserias
685 1541 842 1597 memoriam
858 1541 946 1598 abun·
999 1548 1256 1621 est‚apudsuperos
1270 1555 1412 1617 presence
1425 1556 1452 1612 ia
1466 1559 1583 1616 honorel
1596 1562 1798 1626 desinentibus

147 1628 247 1686 madae
262 1628 402 1688 saevitatis
423 1635 477 1684 tuae
501 1634 663 1685 eructamus.
688 1629 786 1700 blegne
808 1637 947 1700 estsuper
999 1637 1798 1714 tetentaeplenitadiniaparticipiononfraudari.Olumina-
1848 1701 1860 1726 ,

147 1726 174 1774 ῑθ
185 1718 285 1776 dlllssae
307 1716 471 1790 dispelmllo
494 1716 618 1789 plebiis:
636 1716 684 1788 qui
706 1724 733 1771 le
755 1731 866 1788 pervum
882 1717 982 1836 lecitn
1001 1738 1029 1779 re
1039 1738 1178 1797 magnum,
1189 1732 1217 1781 et
1228 1726 1272 1781 lux
1285 1727 1312 1782 ie
1324 1731 1443 1788 tenebris
1454 1733 1557 1810 lucens,
1565 1738 1708 1812 signorum
1717 1744 1798 1802 radiis

147 1807 175 1862 in
192 1806 281 1864 ocubs
297 1806 359 1874 tuis,
373 1821 502 1879 magnum
512 1805 538 1861 in
558 1805 634 1875 suis;
649 1804 696 1877 qui
711 1821 808 1879 magna
822 1804 886 1862 lecit
896 1821 944 1877 per
1000 1820 1028 1867 et
1042 1811 1199 1868 meritorum
1214 1813 1526 1894 illuminanscercerem,
1544 1825 1684 1886 laetilicans
1699 1833 1796 1889 civita·

147 1902 186 1963 te,
202 1897 308 1952 salvans
330 1894 444 1965 patriam
467 1903 551 1960 luam,
575 1909 672 1966 megae
698 1891 762 1951 lecit
785 1892 844 1963 tibi,
861 1896 946 1951 intro·
999 1905 1054 1953 tem
1067 1895 1074 1954 l
1086 1898 1150 1971 suga
1160 1901 1193 1956 de
1203 1901 1330 1960 cordibus
1342 1909 1453 1975 nostris,
1463 1909 1594 1968 virtutum
1608 1917 1798 1988 splendoribus

147 1985 252 2041 ducens
276 1991 303 2041 te
323 1984 352 2038 in
379 1983 495 2057 gloriam
521 1999 608 2040 suam.
633 1982 774 2039 Festivitas
802 1989 857 2050 tna,
883 1999 944 2056 quae
999 1988 1123 2042 tenebras
1137 1987 1273 2046 vitiorum.
1289 1990 1402 2048 Ostella
1414 1999 1556 2067 matutina,
1573 2017 1606 2056 eo
1619 2006 1725 2061 caeteris
1739 2007 1797 2063 cla·

148 2073 247 2130 manto
261 2072 314 2129 tuis
329 2071 471 2133 virtutibus
488 2071 578 2130 votiva
600 2071 777 2144 impenditur,
797 2072 850 2128 tuis
862 2072 943 2128 nobis
1000 2074 1064 2144 rior,
1088 2091 1142 2148 quo
1162 2077 1221 2133 Diei
1245 2077 1339 2152 latiae,
1364 2083 1432 2157 Deo]
1457 2086 1579 2159 vicinior,
1604 2093 1716 2151 similior
1730 2097 1795 2155 solil

147 2161 281 2220 efficiatur
293 2161 397 2219 mamus
410 2169 437 2218 et
451 2161 579 2234 precibus
595 2161 729 2218 salutaris.
744 2159 866 2218 Gloriam
881 2177 943 2216 san·
998 2164 1111 2237 dignere
1123 2167 1217 2234 praeire
1230 2169 1319 2235 nobis,
1333 2179 1399 2227 utet
1409 2175 1496 2231 nosin
1506 2177 1606 2234 lumine
1617 2184 1795 2256 ambulemus,

144 2251 246 2308 clitetis
260 2259 322 2323 tuae,
344 2265 405 2324 qum
419 2265 436 2306 a
450 2250 528 2308 nobis
547 2249 742 2322 frequentetur,
767 2250 942 2307 continuatur
998 2253 1076 2325 quasi
1102 2253 1152 2310 lilii
1173 2255 1254 2325 lucis,
1274 2265 1367 2314 elnon
1380 2259 1427 2316 lilii
1452 2267 1636 2326 tenebrarum.
1653 2273 1676 2326 o
1699 2291 1797 2333 aurore

147 2344 183 2397 ab
202 2339 314 2415 angelis,
330 2341 371 2396 sic
380 2341 430 2396 erit
441 2339 521 2396 nobis
539 2339 623 2412 digne
634 2339 767 2408 jucunda,
783 2337 807 2395 si
820 2338 901 2396 luerit
914 2345 942 2394 et
995 2340 1119 2400 diescens
1133 2359 1214 2414 super
1230 2357 1338 2415 terram,
1358 2350 1404 2406 scd
1433 2355 1588 2423 superiores
1614 2358 1676 2416 coeli
1704 2365 1798 2437 plagas

145 2427 296 2486 fructuosa.
316 2427 408 2485 Liceat
420 2426 811 2502 nobiseliquestamiqmnte,
829 2426 943 2483 retinere
996 2429 1042 2486 lux
1057 2431 1207 2490 meridiane
1233 2436 1415 2507 perlustransl
1433 2441 1525 2514 recipe
1544 2459 1594 2500 nos
1605 2447 1631 2502 ln
1656 2451 1794 2508 consortio

145 2515 274 2588 renquiae
287 2517 322 2572 de
330 2515 462 2574 fructibus
472 2515 943 2590 spiritus,quibusonustusasceudis
996 2519 1116 2588 luminis,
1131 2536 1186 2593 quo
1200 2521 1368 2584 illuminatus
1383 2535 1410 2584 et
1424 2529 1476 2584 late
1487 2531 1555 2588 loris
1574 2534 1657 2608 luces,
1680 2548 1707 2595 et
1723 2539 1796 2598 intus

145 2604 233 2677 quiin
244 2614 290 2662 tuo
306 2606 388 2662 bodie
401 2614 456 2663 tam
470 2604 600 2662 delicioso
609 2604 734 2662 convivio
749 2619 940 2679 segregamur.
995 2607 1115 2665 suaviter
1133 2611 1222 2676 ardes,
1238 2620 1384 2684 prestante
1399 2616 1517 2677 Domino
1531 2629 1625 2679 nostro
1635 2625 1700 2682 lesu
1715 2627 1796 2684 (ibri-

182 2697 210 2749 8,
225 2693 291 2751 Raro
306 2695 395 2762 nabis,
417 2709 581 2767 quaesumus,
606 2693 738 2752 ldalaebia
756 2704 859 2762 sancte,
874 2694 943 2752 alter
996 2706 1049 2765 sto,
1064 2696 1111 2769 qui
1126 2714 1189 2754 cum
1208 2700 1286 2758 Patre
1303 2700 1418 2762 11119
1432 2712 1459 2762 et
1473 2707 1577 2780 Spiritu
1592 2720 1687 2771 sancto
1702 2726 1797 2792 regnat

145 2784 266 2856 iloyses,
282 2782 328 2840 vel
352 2781 420 2840 alter
440 2782 523 2850 Elias,
539 2782 698 2855 impertiens
711 2791 738 2839 et
753 2790 783 2840 tn
797 2784 831 2839 de
846 2781 941 2854 spiritu
995 2786 1070 2842 Deus
1083 2785 1134 2859 per
1148 2788 1240 2844 omnia
1254 2791 1354 2847 mula
1369 2795 1543 2854 seculorum.
1571 2800 1669 2862 Amen.

651 2983 691 3047 IN
711 2983 833 3049 FESTO
856 2983 888 3046 S.
914 2981 1078 3048 nterim
1103 2985 1277 3053 EPISCOPI

913 3067 1040 3126 SERllO.

795 3139 831 3190 lle
844 3139 972 3202 exemplis
988 3138 1154 3192 obedientiae.

184 3227 213 3306 l²
226 3225 304 3296 Puto,
320 3239 470 3282 sermonem
482 3239 498 3280 a
512 3224 591 3282 nobis
605 3225 707 3308 expetit
722 3234 777 3282 tam
790 3231 879 3284 vester
893 3226 944 3282 istc
960 3242 983 3322 c
1034 3231 1061 3289 ι.
1077 3219 1131 3285 Sed
1142 3230 1216 3286 uude
1227 3232 1394 3304 loquemur?
1408 3238 1463 3307 Qui
1472 3237 1505 3299 de
1515 3245 1594 3304 terra
1603 3251 1654 3314 eat,
1671 3249 1704 3308 de
1719 3254 1798 3313 terra

145 3322 316 3378 conventus,
338 3329 419 3385 mem
447 3313 594 3380 adventus,
625 3314 721 3369 barum
743 3311 942 3369 honorabilium
999 3317 1140 3389 loquetur,
1152 3320 1189 3375 ait
1203 3335 1255 3376 vox
1282 3307 1326 3378 ille
1345 3323 1485 3384 clamantis
1500 3332 1593 3400 (loon.
1621 3342 1798 3412 111,3t).De

147 3415 336 3472 personarum,
354 3417 421 3474 quas
434 3401 468 3458 de
487 3402 636 3476 longinquo
658 3402 825 3475 gratulamur
838 3404 941 3460 edesse.
997 3409 1066 3460 lerra
1080 3421 1147 3482 erqo
1169 3409 1320 3480 loquemur,
1337 3413 1400 3483 quia
1427 3416 1545 3474 deterre
1573 3423 1754 3497 subsistimus,
1770 3435 1798 3486 et

146 3490 220 3546 Sane
233 3489 355 3548 audirem
375 3507 423 3547 eos
442 3491 502 3563 ipsc
526 3491 670 3548 libentius:
686 3493 734 3549 sed
752 3491 879 3566 quoniam
894 3491 944 3546 eli·
997 3494 1025 3550 in
1044 3497 1243 3564 terrarludite,
1261 3501 1362 3572 quique
1371 3505 1515 3578 terrigena
1528 3517 1555 3565 et
1569 3509 1617 3568 lilii
1633 3514 1794 3574 bominum:

144 3584 225 3651 gunt,
240 3579 296 3635 iano
310 3590 337 3634 et
352 3579 464 3653 exigunt
487 3581 572 3654 magis
592 3589 622 3637 ut
638 3580 745 3654 loquer,
767 3583 832 3637 milri
846 3581 869 3636 si
888 3597 943 3636 non
997 3583 1075 3640 vobis
1088 3583 1211 3652 dicimus,
1228 3588 1297 3644 etde
1313 3589 1398 3648 vobis.
1418 3593 1447 3648 ln
1469 3605 1538 3652 terre
1553 3602 1665 3673 orimur,
1681 3607 1710 3661 in
1725 3613 1797 3664 terre

143 3666 210 3722 licet
223 3666 317 3724 andire
331 3668 612 3735 eos,eisnecesseest
627 3670 770 3728 obaudire.
788 3671 820 3728 Et
833 3670 942 3743 quidem
998 3687 1149 3742 moramur,
1175 3674 1203 3730 in
1227 3686 1298 3732 terra
1321 3679 1461 3753 morimur,
1484 3694 1647 3746 revertentes
1674 3693 1702 3749 in
1735 3711 1796 3754 eam

142 3753 222 3814 vivus
237 3763 278 3811 est
294 3757 373 3813 nobis
386 3773 476 3813 sermo
491 3767 546 3814 tam
555 3759 638 3813 multe
648 3760 828 3815 mansuetudo
838 3775 941 3830 eorum,
997 3762 1067 3817 unde
1080 3777 1175 3818 sumus
1190 3767 1330 3837 assumpti.
1349 3768 1398 3826 llic
1412 3773 1490 3828 nobis
1504 3785 1636 3850 angustus
1657 3781 1794 3858 introitus,

143 3861 199 3915 qua
212 3844 340 3902 videlicet
359 3846 463 3902 meritis
485 3847 645 3913 sanctiores,
667 3847 799 3920 dignitate
819 3849 943 3921 superio·
997 3863 1074 3904 mora
1087 3850 1192 3920 brevis,
1208 3855 1265 3909 sola
1287 3870 1359 3913 mors
1373 3867 1459 3917 certe.
1487 3861 1597 3936 Cogitur
1611 3874 1684 3926 totus
1709 3874 1794 3930 Adam

145 3947 206 4002 res,¹
217 3933 349 4006 sapientia
358 3934 561 4006 locupletiores,
571 3936 717 3992 nonmodo
731 3939 766 3992 ed
781 3937 941 3994 visitandos.
994 3937 1127 4007 judicium
1144 3949 1253 4011 portare
1272 3945 1344 4015 quod
1362 3949 1470 4005 meruit.
1485 3951 1619 4012 Dilatatus
1636 3965 1678 4014 est
1708 3963 1795 4020 vehe-

144 4023 192 4078 sed
208 4023 337 4078 etiamad
353 4025 501 4082 audiendos
524 4040 575 4082 nos
596 4026 699 4098 dignati
716 4035 779 4084 snut
795 4028 941 4087 declinare.
997 4035 1111 4094 menter,
1128 4029 1324 4103 multiplicatus
1337 4044 1387 4102 est,
1400 4044 1426 4092 et
1447 4038 1560 4112 replevit
1589 4053 1697 4104 temam.
1713 4051 1796 4106 Atta.

143 4109 251 4168 Ellicax
265 4111 395 4184 eruditio,
411 4124 438 4172 et
453 4115 528 4171 omui
542 4114 625 4188 digna
640 4117 797 4188 acceptione
811 4117 941 4174 doctrina.
997 4132 1060 4172 men
1073 4117 1147 4190 velit,
1163 4119 1241 4193 nolit,
1269 4133 1506 4201 quantumcunque
1537 4135 1700 4205 recalcitret,
1731 4141 1796 4197 eni-

142 4199 285 4280 Siquidem
299 4215 355 4258 non
369 4203 454 4259 verbo
468 4213 495 4261 et
509 4203 611 4280 lingua,
629 4208 676 4264 sed
691 4221 775 4279 opere
789 4214 816 4263 el
830 4207 944 4263 veritate
997 4222 1092 4262 versus
1105 4207 1194 4264 edituo
1208 4208 1260 4266 lert
1274 4215 1434 4270 sententiam
1448 4233 1531 4288 quam
1549 4227 1655 4296 excepit
1678 4245 1684 4284 :
1712 4231 1796 4290 Terra

141 4303 194 4346 nos
208 4292 357 4348 admonent
379 4292 531 4351 imitatores
557 4313 620 4354 suos
643 4313 714 4367 esse,
730 4298 799 4354 sicut
813 4298 865 4367 ipsi
880 4303 944 4352 sunl
997 4293 1095 4369 inquit,
1115 4300 1195 4364 caet
1208 4301 1359 4360 interram
1385 4305 1437 4362 ibt's
1461 4309 1543 4378 (Gen.
1560 4327 1600 4380 ιιι,
1615 4316 1669 4386 le).
1699 4317 1796 4376 Gravis

138 4375 268 4446 Christi3
284 4389 311 4437 et
323 4381 429 4442 discere
444 4385 518 4456 quod
534 4386 568 4441 ab
592 4387 654 4460 ipso
670 4387 762 4460 utique
775 4386 939 4452 didicerunt,
998 4384 1124 4457 equidem
1140 4389 1282 4461 sententia,
1299 4392 1346 4448 sed
1359 4408 1413 4449 nou
1430 4395 1490 4455 sinc
1502 4402 1614 4473 grandis
1633 4405 1792 4465 misericor.

141 4468 226 4525 mites
239 4483 310 4539 esse,
332 4477 359 4527 et
383 4471 498 4529 humiles
520 4476 612 4532 corde.
636 4477 680 4532 Sic
704 4476 789 4532 bieria
803 4475 940 4531 Elisabeth
997 4473 1050 4530 diae
1066 4484 1288 4547 temperamento.
1316 4483 1388 4538 Dura
1402 4485 1558 4557 admodum,
1575 4492 1624 4547 sed
1651 4492 1675 4547 si
1701 4497 1795 4554 merita

140 4556 224 4629 petiit
237 4557 315 4630 (mac.
330 4574 351 4626 ι,
372 4563 418 4627 39,
443 4562 500 4634 to),
525 4564 689 4634 coujutatem
714 4567 802 4638 virgo,
817 4563 939 4620 ancillam
996 4578 1104 4633 penses,
1133 4566 1307 4643 indulgentiae
1335 4572 1425 4642 plena.
1453 4574 1592 4646 Siquidem
1620 4595 1673 4636 uon
1706 4583 1794 4641 minus

140 4646 273 4717 domina;
300 4649 475 4720 precursoris
500 4661 626 4718 matrem,
652 4653 753 4724 judicis
776 4653 942 4720 materrbei
994 4651 1068 4720 juste
1082 4657 1204 4723 peccanti
1231 4656 1366 4716 diceretur
1380 4679 1387 4717 ε
1403 4661 1487 4718 Terra
1508 4680 1547 4734 es,
1562 4667 1612 4722 sed
1624 4684 1657 4723 ex
1673 4671 1724 4728 boc
1742 4674 1794 4731 sub

140 4735 278 4802 (ianitrix,
303 4739 407 4796 servuli
424 4740 594 4815 genitricem.
614 4742 659 4800 Sic
673 4743 846 4816 postmodum
864 4742 943 4800 lesus
998 4749 1097 4798 terram
1109 4743 1169 4800 ibis.
1185 4744 1277 4803 luntas
1289 4737 1360 4805 lorel
1374 4751 1452 4807 etiam
1469 4763 1531 4810 tunc
1542 4755 1633 4824 iustus
1650 4758 1792 4836 Dominus,

141 4824 229 4881 etiam
243 4825 302 4898 ipse
319 4825 451 4885 loannem
470 4829 545 4897 adiit,
566 4838 592 4887 et
609 4831 674 4888 adiit
696 4831 883 4904 baptizandus,
901 4839 942 4887 ul·
996 4840 1023 4887 et
1043 4830 1187 4888 laudabilis
1200 4833 1290 4893 nimis.
1317 4836 1421 4910 Dignus
1439 4841 1519 4912 plane
1551 4845 1596 4915 qul
1628 4847 1791 4924 laudaretur,

139 4924 207 4986 pote
220 4929 302 4988 mem
317 4914 430 4974 decebat
439 4917 552 4990 implere
562 4935 671 4977 curnem
681 4921 813 4992 justitiam
823 4922 940 4994 (Marta.

140 5017 184 5068 ιιι,
203 5006 247 5072 ld,
265 5003 320 5077 lo).
334 5004 390 5062 Vos
403 5022 521 5080 quoque,
536 5009 678 5068 reverendi
700 5011 803 5080 Patres,
823 5010 941 5068 deterio-

139 5105 201 5148 rem
216 5092 294 5149 vobis
307 5107 362 5150 non
377 5093 465 5152 facitis
487 5107 592 5168 perlem
618 5107 734 5156 vestram
752 5098 846 5173 [aliea
862 5100 941 5156 dete-

139 5180 245 5237 riorem
269 5183 349 5239 nobis
372 5183 461 5240 lecitis
484 5195 586 5258 partem
602 5186 752 5262 nostram]:
779 5189 812 5244 ad
831 5190 942 5245 audien·

137 5268 207 5326 dum
221 5269 324 5344 quippe
346 5287 427 5346 quam
446 5274 481 5330 ed
500 5275 664 5348 loquendum
682 5277 846 5344 velociores,
861 5278 942 5335 etiem

137 5359 214 5416 inter
226 5361 303 5433 ipsos
316 5362 362 5434 qni
381 5371 471 5420 vestro
498 5366 588 5438 rnrgb
613 5375 744 5440 eguerant
766 5368 939 5426 documento.

138 5447 212 5505 Nam
227 5465 279 5506 nor
300 5450 422 5521 quidem,
437 5452 500 5524 quia
521 5469 629 5511 omnem
654 5471 708 5512 non
731 5471 878 5530 possumus
892 5457 943 5526 im-

136 5538 220 5611 plere
234 5538 378 5610 justitiam,
398 5540 442 5600 vel
456 5543 616 5601 nonnullam
629 5545 708 5602 vobis
719 5545 848 5604 exhibere
862 5561 943 5604 cure-

136 5641 215 5697 rnus,
228 5628 336 5700 iustum
359 5645 420 5688 esse
439 5647 492 5690 non
511 5631 667 5705 ignorantes
686 5633 840 5693 inferiorem
859 5651 944 5709 supe-

138 5717 394 5779 rioribusobedire.
821 5743 827 5754 ·

248 5827 372 5886 Parnon.
392 5825 563 5892 ccxxxm.

996 4917 1043 4974 sed
1057 4935 1111 4976 non
1126 4935 1178 4992 ego
1192 4921 1308 4980 idoneus
1327 4926 1374 4997 qni
1390 4928 1538 4986 laudarem.
1571 4935 1699 5008 Alioquin
1730 4949 1793 4998 tunc

996 5023 1104 5081 quoque
1117 5009 1291 5070 nibilominus
1309 5031 1374 5072 vere
1394 5014 1523 5093 dicerem,
1539 5015 1575 5078 si'
1592 5033 1679 5084 tamen
1702 5028 1792 5086 dicere

997 5115 1107 5169 possem
1122 5117 1129 5155 :
1145 5102 1245 5164 leatus
1270 5120 1308 5175 es,
1333 5107 1459 5175 Domine,
1475 5114 1505 5166 el
1520 5117 1634 5172 rectem
1648 5117 1792 5187 judicium

996 5194 1079 5249 tecm
1091 5189 1176 5260 (Psel.
1189 5207 1288 5276 exvrrr,
1309 5195 1384 5266 ter).
1397 5197 1431 5255 dt
1452 5213 1507 5256 non
1529 5200 1651 5259 infernus
1678 5205 1793 5263 confite-

995 5276 1069 5334 bitur
1081 5278 1139 5346 tibi,
1163 5292 1253 5350 nsque
1285 5300 1358 5341 mors
1384 5285 1504 5344 laudabit
1518 5297 1570 5356 te;
1599 5292 1647 5347 scd
1667 5310 1719 5349 nos
1746 5292 1793 5367 qui

995 5367 1121 5438 vivimus,
1137 5367 1321 5431 benedicimus
1330 5373 1457 5430 Domino.
1474 5374 1619 5444 Pepercisti
1634 5395 1700 5457 ergo
1715 5398 1793 5440 crea·

998 5467 1065 5514 turae
1080 5464 1142 5526 tua,
1158 5463 1302 5532 pepercisti
1317 5463 1411 5537 gloriae
1431 5464 1546 5519 nominis
1563 5467 1621 5534 tui,
1638 5476 1666 5523 ut
1679 5471 1793 5528 deseen-

997 5547 1147 5605 dentemde
1170 5550 1330 5622 Jerusalem,
1346 5554 1457 5609 minima
1485 5561 1573 5611 tamen
1589 5572 1673 5629 usque
1701 5562 1727 5617 in
1750 5562 1797 5619 Je-

998 5635 1075 5694 ricbo
1095 5641 1227 5712 patereris
1241 5643 1349 5698 abduci.
1367 5641 1519 5720 semivivus
1541 5645 1630 5705 adbuc
1644 5649 1754 5716 relictus
1768 5651 1796 5709 iu

999 5725 1045 5784 vie
1058 5728 1237 5790 semilaudare
1269 5746 1380 5804 possum
1395 5733 1473 5805 (Luc.
1499 5749 1530 5802 a,
1558 5733 1628 5809 30):
1657 5740 1705 5797 ubi
1724 5749 1797 5799 totus

1675 5849 1708 5902 le
