3950 6350
32 427 35 560 ,’
115 480 163 532 eu
644 476 790 536 mesic.
810 481 1033 550 aaraaarrnr
1054 477 1222 537 sauuox.
1707 477 1763 542 'ere

31 612 33 648 t
110 603 225 661 ascendi
237 604 275 661 ad
290 607 403 661 Patrem
416 602 512 675 (ioan.
527 619 577 675 xx,
595 603 650 677 Π).
667 602 702 659 Et
717 601 837 660 coelestis
854 603 910 673 jem
927 617 951 698 Α
966 619 1032 660 seue
1050 604 1141 661 verbis
1155 609 1281 674 patenter
1294 601 1405 674 indicat,
1421 617 1550 677 quantem
1563 606 1614 664 sihi
1629 605 1763 680 requiem,

30 705 32 740 t
113 709 169 750 non
182 693 278 766 ignara
287 693 497 751 oonsiliiclamat
511 709 571 750 cum
586 691 913 766 Apostolo:llisiccpnc-
968 701 1121 767 quanteque
1130 691 1239 751 Domini
1249 691 1384 750 beneficia
1396 693 1500 765 judicet
1513 713 1529 752 a
1544 694 1763 755 tribulationibus

29 795 31 826 t
112 783 206 839 vimus
222 779 367 839 Christum
379 784 538 840 secundnm
556 799 683 852 carnem,
697 783 745 840 sed
755 799 835 840 nunc
845 785 912 855 jorn
967 791 995 841 et
1007 783 1135 857 periculis
1147 781 1267 838 liberari.

115 887 173 928 nan
183 871 422 942 nouimus(llcor.
433 871 526 944 nli).
538 872 627 944 Super
638 878 754 938 montes‚
766 871 915 944 inquitDe-
1003 877 1030 928 ι.
1046 870 1094 928 Cui
1108 869 1232 944 proiecto
1251 869 1393 926 sententiae
1416 870 1482 927 illud
1495 887 1613 946 quoque,
1637 875 1711 946 quod
1728 873 1764 932 de

117 959 182 1026 thel,
199 975 280 1032 supra
294 975 403 1016 omnem
417 959 545 1017 videlicet
559 968 722 1033 potestatem
738 970 765 1018 et
779 961 914 1032 principe·
967 961 1072 1034 psalmo
1095 957 1271 1031 nonagesimo
1295 959 1378 1014 hodie
1403 958 1482 1014 nobis
1511 962 1682 1018 tractandum
1710 971 1764 1032 est,

27 1065 28 1096 ι
118 1053 185 1116 tum,
199 1063 281 1121 super
291 1050 438 1122 angeloset
447 1051 635 1122 archangelos,
650 1051 790 1107 cherubim
805 1065 914 1123 quoque
967 1049 1052 1106 simile
1066 1047 1292 1107 iuveniturtllon
1306 1048 1417 1104 accedet
1440 1047 1476 1103 ad
1492 1051 1651 1112 tamaium,
1666 1055 1694 1106 ct
1708 1053 1762 1120 pta·
1855 1059 1864 1078 ⁸

26 1153 27 1158 ¹
118 1137 296 1208 etseraphim
319 1138 514 1210 [nequeenim
538 1139 582 1195 alii
602 1147 666 1197 sunt
688 1147 795 1196 montes
818 1140 914 1195 domus
966 1140 1071 1211 petturn
1094 1155 1149 1195 nau
1178 1137 1413 1210 appropinquabit
1430 1137 1610 1196 tabernacula
1626 1143 1684 1195 tuo.
1714 1139 1764 1194 Est

117 1224 177 1292 Dei,
203 1228 275 1298 quod
296 1235 375 1283 sonet
396 1228 511 1300 bethel),
536 1229 615 1300 plane
635 1227 663 1283 in
683 1229 794 1285 dextere
816 1228 911 1296 Patris,
967 1233 1057 1284 eutem
1071 1242 1166 1286 versus
1179 1225 1272 1297 ipsius,
1289 1235 1419 1296 mantum
1438 1241 1493 1282 non
1527 1226 1657 1296 cepimus,
1680 1224 1765 1282 iecitis

117 1313 163 1369 ubi
181 1317 304 1386 jamnon
318 1317 444 1374 sitPeter
462 1321 549 1390 major
563 1320 634 1376 eoin
654 1321 769 1377 dextera
783 1317 913 1375 Altissimi
966 1315 1155 1390 intelligentia,
1179 1316 1214 1369 ad
1244 1329 1334 1396 quam¹
1352 1314 1423 1371 forte
1446 1330 1480 1370 ex
1502 1315 1579 1372 vobis
1604 1316 1659 1386 jam
1679 1310 1763 1386 aliqui

23 1453 24 1456 ,
117 1402 527 1477 coaltissimumapprehendere
542 1409 748 1480 coucupiscens.
763 1409 826 1464 llaec
840 1407 912 1463 enim
966 1405 1151 1476 praevolarint.
1181 1403 1277 1476 Neque
1307 1403 1380 1459 enim
1412 1410 1466 1458 tam
1500 1405 1581 1460 rudes
1611 1403 1686 1470 estis,
1719 1405 1766 1460 aut

118 1497 161 1545 est
182 1492 238 1548 vita
260 1500 373 1559 aeterne,
396 1493 505 1564 iratres,
534 1504 562 1552 ut
587 1498 698 1553 Patrem
719 1512 914 1572 cognoscamus
966 1493 1111 1567 spiritualis
1134 1493 1214 1550 studii
1245 1499 1300 1550 hm
1332 1504 1471 1566 expertes,
1497 1500 1527 1550 nt
1555 1509 1610 1550 uon
1640 1491 1765 1550 facillime

118 1593 212 1633 verum
234 1579 331 1644 Deum,
352 1581 401 1636 aed
419 1589 545 1653 atquem
562 1585 636 1640 misit
652 1587 745 1642 iesum
764 1583 911 1651 Christum,
967 1585 1039 1640 inter
1064 1600 1112 1641 vos
1127 1589 1154 1640 et
1176 1582 1351 1639 tabernacula
1379 1589 1480 1655 vestre,
1510 1590 1537 1640 et
1560 1599 1668 1640 rursum
1696 1581 1766 1662 iuter

116 1681 211 1722 verum
235 1665 407 1724 nihilominus
427 1677 455 1726 et
473 1687 556 1728 unum
576 1688 635 1729 cum
656 1689 691 1730 eo
710 1673 809 1740 Deam,
831 1688 914 1744 super
967 1671 995 1727 id
1009 1671 1082 1743 quod
1106 1669 1215 1738 malum,
1237 1679 1265 1726 et
1288 1672 1362 1742 quod
1380 1669 1518 1743 hagellum
1536 1671 1644 1738 dicitur,
1660 1669 1764 1728 discer-

117 1754 208 1809 omuie
223 1754 398 1813 benedictum
412 1757 441 1814 in
456 1758 564 1815 meula.
579 1761 676 1818 Amen.
967 1761 1047 1817 natis.
1067 1761 1135 1816 Nem
1163 1764 1191 1815 et
1228 1759 1387 1831 Apostolum
1427 1775 1492 1816 sene
1528 1759 1640 1817 audistis
1669 1758 1765 1816 dieen-

437 1863 554 1922 squpqo
572 1866 610 1922 χ,
970 1854 1034 1919 tom,
1050 1865 1111 1906 cum
1131 1849 1186 1920 jem
1209 1848 1310 1924 bonum
1329 1855 1467 1905 certamen
1487 1855 1629 1914 certasset,
1643 1847 1766 1906 velocem

118 1951 372 2017 Deversndeoirna,
392 1953 480 2009 «Non
492 1954 650 2012 accedeiad
661 1955 816 2022 temetum,
827 1962 853 2013 ct
863 1957 915 2026 lta·
931 1919 952 1998 fl
968 1939 1026 1995 f⁰i0
1048 1937 1246 2010 (Ῑθιιθδῑῑῑθῑὶθῐη
1272 1937 1438 1994 labimini
1463 1938 1504 1994 ⁸1¹1
1529 1937 1569 2008 (Π
1586 1938 1654 1996 Tim·
1671 1953 1711 2005 tls
1726 1937 1765 2007 i).

152 2021 259 2092 pettam
277 2039 335 2080 nen
350 2025 587 2098 appropinquabit
602 2027 782 2084 tabernaculo
798 2030 877 2082 tua.»
967 2025 1020 2082 Sed
1037 2025 1102 2098 quid
1117 2041 1169 2101 ego
1188 2024 1309 2098 Apostoli
1331 2025 1416 2081 verbe
1439 2022 1580 2082 memoro?
1601 2023 1683 2094 eresi
1700 2036 1767 2082 vero

155 2114 181 2164 t.
205 2110 263 2167 Nec
289 2117 384 2168 nostra
411 2121 461 2182 est,
486 2129 538 2170 nec
565 2129 636 2171 nova
660 2114 748 2184 vobis,
778 2114 826 2171 sed
851 2123 920 2171 nota
968 2115 1094 2192 ignorare
1119 2117 1205 2186 possit
1220 2114 1298 2172 mites
1320 2115 1525 2172 tabernaculum
1545 2129 1633 2181 auum,
1650 2120 1697 2169 aut
1714 2112 1765 2168 do-

117 2197 229 2256 omnino
252 2200 399 2268 sententie,
420 2199 448 2258 in
468 2201 613 2275 praecipuis
626 2203 779 2276 quibusque
793 2202 916 2275 pertibus
968 2203 1071 2260 cendus
1087 2203 1123 2259 eit
1139 2203 1264 2275 exemplo
1278 2203 1378 2262 alieno.
1396 2204 1527 2261 Videmus
1541 2219 1608 2260 senc
1622 2202 1767 2260 nonnullos

117 2296 218 2342 nostrae
233 2287 306 2358 fidei,
333 2291 465 2363 quidnon
488 2291 532 2356 sit,
549 2307 630 2364 quem
645 2293 709 2364 quid
724 2292 758 2348 sit
791 2300 819 2349 et
853 2291 916 2348 sciri
969 2291 1144 2348 tabernacula
1158 2307 1207 2348 sua
1222 2291 1249 2348 in
1274 2292 1436 2364 turpissimae
1451 2291 1615 2364 captivitatis
1633 2287 1768 2348 domicilia
1817 2321 1821 2328 ·

117 2390 199 2446 posse
223 2375 339 2449 facilius,
359 2386 388 2434 et
406 2378 587 2451 periculosius
608 2380 739 2452 ignorari.
756 2380 831 2436 ldcm
850 2395 915 2436 sanc
969 2386 1161 2446 commutasse,
1182 2395 1234 2436 uec
1257 2379 1373 2435 militare
1395 2379 1423 2435 ia
1438 2379 1488 2447 his,
1505 2380 1690 2436 scdmiserem
1713 2394 1767 2450 gc·

117 2463 200 2518 etiem
218 2465 277 2536 spei
292 2481 346 2522 non
360 2466 587 2525 inconvenienter
603 2468 684 2524 tribui
700 2484 781 2540 posse
796 2467 913 2526 videtur.
970 2483 1033 2524 rore
1048 2468 1217 2525 servitutem.
1243 2469 1300 2524 lmo
1324 2483 1390 2525 vero
1412 2469 1486 2542 quod
1500 2469 1610 2525 omnino
1624 2466 1768 2523 ridiculum

117 2548 211 2622 Longe
226 2551 297 2607 enim
313 2551 418 2610 lucilius
433 2544 785 2612 menstrumanatentorum
804 2563 916 2630 experte
969 2561 1022 2622 est,
1038 2557 1077 2612 sic
1097 2562 1191 2613 errent
1213 2555 1308 2628 aliqui,
1329 2563 1358 2614 et
1380 2556 1408 2613 in
1432 2563 1535 2612 tanum
1554 2555 1719 2613 oblivionem
1741 2562 1769 2611 et

118 2640 259 2708 melorum,
283 2642 382 2714 quibus
403 2644 438 2700 sit
460 2644 588 2712 caritura,
614 2662 695 2719 quem
722 2646 821 2719 quihus
846 2663 915 2720 per·
969 2643 1135 2724 spiritualem
1166 2642 1324 2715 phrenesim
1347 2644 1536 2708 devenerunt,
1562 2649 1593 2699 ιιι
1619 2640 1686 2698 nihil
1707 2657 1769 2700 sese

117 2726 243 2802 fruitura,
258 2732 475 2803 comprehendit.
486 2735 590 2805 Nempe
605 2750 735 2807 germana
750 2734 824 2805 iudei,
840 2735 916 2809 spei·
969 2733 1039 2789 aliud
1058 2741 1164 2805 putere,
1180 2748 1260 2806 quam
1284 2748 1362 2789 suum
1387 2733 1439 2789 hoc
1464 2731 1583 2788 exterius
1605 2733 1768 2790 tabernacu-

119 2836 174 2890 que
190 2819 317 2895 cognatio
333 2829 390 2890 est;
408 2829 438 2878 ut
451 2824 524 2894 quod
538 2823 584 2878 illa
612 2824 730 2879 interum
746 2825 841 2893 credit,
859 2825 917 2882 haee
969 2820 1025 2876 lum
1050 2819 1203 2878 videantur.
1233 2820 1304 2890 Quid
1322 2819 1395 2875 enim
1414 2819 1486 2874 aliud
1509 2833 1591 2890 quem
1614 2832 1669 2876 non
1687 2818 1768 2876 modo

117 2907 171 2962 sibi
206 2907 317 2978 incipiat
357 2925 468 2980 sperare
506 2909 635 2967 saturum.
673 2913 769 2969 hierita
800 2913 917 2985 proinde
970 2907 1030 2978 Dei,
1048 2910 1097 2965 sed
1116 2919 1143 2966 et
1163 2909 1205 2966 sui
1224 2909 1408 2980 ignorantiam
1428 2907 1543 2976 habent,
1572 2905 1619 2978 qui
1641 2915 1768 2979 tanquam

118 2996 267 3067 Apostolus
296 2997 378 3054 tidem
400 3001 597 3071 sperandarum
618 3017 715 3057 rerum
738 3002 918 3058 substantiam
971 2997 1070 3054 mortui
1097 3013 1113 3052 a
1142 2998 1235 3064 corde,
1260 3012 1370 3052 ⁰mt¹tiffl
1397 2996 1672 3067 i¹1⁸t¹¹¹¹¹1¹¹²⁰lifflffl
1697 2994 1769 3052 tilii

119 3101 181 3141 esse
203 3083 300 3143 delinit
322 3087 413 3160 (θεὸν.
439 3103 479 3156 xr,
503 3087 543 3160 t):
558 3088 632 3159 quod
647 3087 774 3146 videlicet
789 3106 846 3147 non
860 3107 918 3148 cre-
972 3103 1083 3143 carnem
1096 3085 1135 3142 sic
1149 3085 1323 3142 intendentes
1337 3083 1512 3141 tabernaculo
1531 3097 1592 3151 suo,
1608 3099 1640 3140 ao
1654 3082 1679 3138 si
1695 3099 1767 3140 nuu-

118 3173 271 3232 diteuemo
286 3191 406 3248 sperare,
436 3193 490 3233 nou
518 3177 580 3249 plus
608 3176 696 3236 ΟΜ
724 3195 806 3252 quam
835 3195 918 3251 super
971 3193 1051 3248 quam
1075 3182 1172 3250 putent
1201 3191 1262 3232 esse
1289 3173 1443 3230 casurum?
1471 3173 1667 3229 Verumtamen
1691 3171 1769 3228 cadat

118 3263 202 3320 inrue
221 3263 336 3339 pingere
357 3266 453 3337 possit.
475 3264 545 3322 Dicit
558 3281 625 3340 ergo
640 3265 723 3322 tidest
744 3269 841 3322 Parate
855 3275 919 3324 sunt
933 3223 955 3304 c
971 3281 1085 3322 necesse
1106 3271 1157 3332 est,
1179 3270 1259 3336 atque
1276 3262 1303 3318 id
1324 3262 1433 3334 quidem
1449 3259 1477 3318 in
1497 3261 1587 3318 brevi.
1602 3262 1646 3316 An
1664 3275 1719 3315 non
1741 3275 1769 3315 se

118 3361 261 3426 magnaei
281 3352 502 3427 inexcogitabilia
517 3353 619 3418 bonae
633 3355 692 3411 Deo
708 3355 832 3412 fidelibus
850 3358 917 3414 suis.
972 3357 1046 3427 ipsos
1067 3355 1172 3410 nescire
1192 3341 1328 3418 videntur,
1345 3351 1391 3425 qui
1415 3351 1454 3408 sic
1476 3349 1554 3408 detiti
1574 3354 1637 3406 sunt
1650 3347 1725 3404 carni
1742 3354 1769 3403 et

117 3440 188 3498 Dicit
202 3457 280 3512 spes:
297 3442 362 3497 tttui
376 3441 421 3498 illa
444 3448 597 3500 servantur.
614 3444 683 3499 Nam
707 3445 788 3499 tertia
808 3445 919 3518 quidem
972 3445 1108 3520 sanguini,
1133 3459 1165 3500 ec
1189 3443 1211 3499 si
1238 3443 1350 3499 omnino
1371 3441 1437 3497 nihil
1459 3439 1532 3495 aliud
1554 3453 1634 3513 quem
1657 3451 1770 3494 carnem

119 3529 250 3584 charitas:
281 3530 368 3587 curro
382 3531 457 3600 mihi,
474 3531 522 3596 ait,
537 3531 571 3586 ed
587 3530 640 3587 illa.
658 3533 803 3598 Caeterum,
820 3541 850 3589 ut
863 3535 919 3604 jem
972 3535 1059 3592 solum
1073 3549 1103 3590 se
1118 3549 1179 3590 esse
1194 3537 1332 3603 reputent,
1349 3530 1387 3587 sic
1401 3530 1429 3586 in
1440 3543 1511 3610 vano
1525 3527 1691 3600 accipientes
1704 3525 1768 3582 uui·

120 3617 242 3683 memini,
268 3617 376 3675 diiticile
396 3620 516 3688 omniuo,
533 3620 673 3676 autetiam
692 3621 858 3691 impossibile
878 3630 920 3677 est
973 3639 1032 3680 mes
1060 3638 1133 3692 suas,
1162 3629 1289 3694 tanquam
1317 3634 1429 3693 prorsus
1458 3618 1586 3692 ignorent
1614 3615 1717 3672 enimes
1739 3631 1769 3672 se

120 3707 228 3763 illorum
257 3706 413 3779 qualitatem
440 3706 607 3780 investigare
622 3708 767 3780 bonorum,
792 3709 845 3766 uisi
876 3711 920 3766 seui
973 3703 1775 3788 hebereiSireparuvcrirpreiiosnmauili,aitDominus,

120 3798 204 3870 torte,
218 3797 295 3867 jrrxte
316 3797 382 3854 illud
402 3795 544 3870 Apostoli:
572 3799 638 3866 Qua
652 3799 750 3856 oculas
764 3815 823 3857 nan
839 3801 919 3864 uidit,
975 3805 1112 3872 tanquam
1126 3815 1155 3855 os
1168 3813 1265 3854 meum
1279 3797 1458 3868 eris(icrem.
1473 3809 1522 3861 xv,
1541 3797 1598 3865 t9):
1616 3795 1666 3850 hoc
1682 3800 1733 3858 eat,
1747 3793 1771 3849 ei

120 3887 267 3944 necareris
281 3885 399 3956 audiuit,
411 3887 563 3944 necincar
574 3887 840 3958 hominisascendit,
858 3906 921 3962 quse
974 3887 1090 3944 solerter
1111 3885 1271 3942 discreveris
1285 3885 1357 3940 iuter
1380 3885 1544 3941 exteriorem
1557 3881 1770 3954 interioremque

119 3975 294 4048 praeparavit
307 3976 383 4031 Dans
393 3974 573 4047 ditipentiius
583 3993 612 4032 se
626 3975 654 4047 (l
667 3977 727 4035 Cor.
744 3995 773 4048 ιι,
790 3979 828 4049 9),
844 3995 921 4035 reve·
975 3976 1162 4042 substantiam,
1184 3981 1215 4031 ut
1238 3988 1292 4031 non
1315 3973 1374 4045 plus
1390 3971 1564 4029 tabernaculo
1579 3979 1625 4028 tuo
1640 3971 1736 4028 timeus
1754 3987 1770 4028 e

120 4061 219 4119 laverit
233 4061 293 4134 ipse
315 4077 366 4133 per
386 4063 516 4134 Spiritum
531 4079 619 4122 suum.
635 4067 706 4122 Seue
722 4067 921 4139 quantumlibet
975 4065 1092 4138 flagello,
1114 4067 1203 4138 quam'
1217 4061 1268 4120 tibi
1295 4063 1348 4135 ipsi
1373 4079 1389 4118 a
1414 4061 1494 4120 malo.
1511 4060 1567 4116 lloe
1583 4061 1655 4116 enim
1671 4061 1770 4117 melum

121 4151 260 4223 perlectus
274 4150 302 4205 in
317 4166 398 4207 carne
418 4151 508 4208 adhuc
528 4154 633 4209 mortali
652 4155 757 4228 degens
772 4155 834 4227 (nisi
848 4161 921 4211 enim
975 4162 1027 4222 est,
1042 4153 1116 4210 uude
1130 4153 1244 4210 dicitur:
1268 4151 1384 4209 Declinu
1399 4169 1417 4208 a
1435 4151 1522 4220 mata,
1551 4155 1580 4206 ci
1602 4153 1649 4222 sue
1669 4153 1771 4208 bonnm

121 4245 197 4294 esset
215 4237 258 4295 hic
277 4238 413 4311 quadem,
430 4247 460 4295 ιιι
473 4238 510 4296 ita
533 4238 657 4311 dixerim,
678 4241 838 4313 imperfecta
857 4259 921 4315 per·
976 4245 1064 4314 (Psoi.
1088 4257 1192 4308 xxxvr,
1207 4239 1263 4310 tl).
1285 4239 1341 4296 lloc
1364 4237 1474 4308 melum,
1495 4237 1568 4310 quod
1589 4253 1638 4294 sua
1662 4239 1771 4311 quidem

122 4325 215 4393 leche,
239 4341 294 4384 uon
322 4327 427 4384 diceret
452 4328 614 4400 Apostolus:
640 4331 778 4404 Quotquot
798 4334 922 4405 perfecti
976 4329 1066 4386 anime
1093 4331 1209 4387 animam
1233 4327 1331 4402 privat,
1365 4327 1437 4401 quod
1458 4334 1567 4400 separet
1599 4327 1719 4384 intorte
1744 4334 1771 4384 et

123 4431 231 4485 samue,
246 4416 371 4489 idipsum
385 4419 560 4486 rentiamas;
580 4417 695 4490 idipsum
710 4421 834 4491 prolecto
848 4421 920 4494 quod
976 4419 1080 4491 Deum3
1097 4425 1125 4475 ut
1139 4433 1172 4474 eo
1182 4425 1326 4490 regnante,
1338 4425 1467 4489 tanquam
1477 4430 1577 4487 corpus
1596 4413 1656 4473 sine
1670 4416 1769 4484 amma,

123 4503 306 4574 premiserat:
319 4507 709 4580 NonquasiJamaccepcrirn,
722 4513 773 4566 aut
787 4511 922 4584 jamper-
977 4507 1015 4562 sic
1028 4506 1062 4561 sit
1080 4507 1169 4563 anima
1187 4507 1246 4563 sine
1265 4507 1334 4573 Deo,
1353 4505 1432 4578 plane
1450 4512 1555 4562 mortue
1575 4503 1604 4560 in
1619 4505 1770 4578 semetipse

124 4592 217 4664 fectus
229 4594 283 4650 sira
298 4593 485 4668 (Philippur,
503 4595 560 4667 ti),
580 4595 662 4652 etiam
676 4596 776 4652 Paulus
791 4597 849 4670 ipse
869 4613 921 4656 ne·
976 4595 1063 4650 instar
1076 4597 1155 4652 unius
1178 4611 1272 4652 eorum
1292 4611 1360 4668 quos
1385 4593 1585 4668 tanquamsine
1599 4594 1657 4651 Deo
1676 4594 1706 4651 in
1721 4595 1771 4652 hoc

124 4697 201 4737 cesse
220 4689 263 4740 est
285 4681 413 4750 fateatur,
436 4684 499 4756 quia
522 4702 599 4744 nunc
622 4703 752 4760 capnosco
772 4703 808 4743 ee
824 4694 921 4762 parta·
976 4686 1074 4743 saeculo
1090 4686 1172 4741 luisse
1189 4685 1334 4757 Apostolus
1348 4685 1526 4742 memorabat.
1536 4683 1647 4758 (tipice.
1662 4699 1691 4750 u,
1713 4686 1771 4754 lt).

126 4769 243 4828 etitem:
260 4772 469 4831 Vidcmnsnnnc
485 4790 536 4847 per
555 4775 742 4848 speculantia
761 4779 921 4850 anipmutc,
1013 4779 1038 4830 3.
1054 4775 1111 4830 Nec
1125 4789 1191 4830 sane
1206 4773 1330 4842 dixerim,
1353 4780 1383 4829 ut
1404 4772 1449 4830 vel
1471 4772 1558 4844 ipsam
1582 4771 1645 4829 odio
1668 4773 1771 4830 habeas

126 4863 197 4916 tone
208 4863 306 4916 autern
315 4862 390 4931 (acie
398 4863 434 4918 ad
440 4864 627 4934 saciem(dor.
635 4865 759 4938 xanta).
768 4865 846 4935 Quod
857 4881 923 4941 ergo
976 4877 1086 4918 carnem
1110 4867 1192 4916 tuam.
1212 4860 1301 4936 Dilige
1321 4875 1391 4928 eam,
1417 4867 1545 4933 tanquam
1565 4859 1614 4916 tibi
1638 4861 1729 4917 duum
1744 4861 1772 4917 iu

125 4946 228 5002 homiui
242 4946 351 5002 interim
366 4949 484 5005 noscitur
496 4949 655 5022 capabilius,
675 4951 721 5024 pie
735 4967 801 5010 saue
817 4963 844 5010 et
859 4971 923 5026 pro·
977 4951 1152 5022 adjutorium,
1168 4960 1196 5007 et
1217 4950 1252 5006 ad
1275 4959 1385 5007 aetemee
1409 4949 1583 5006 beatitudinis
1606 4950 1772 5008 consortium

126 5035 188 5092 vida
209 5035 389 5092 inculcatione
409 5037 523 5108 amplius
545 5041 761 5098 commendatur.
778 5042 923 5115 Proprium
976 5049 1165 5114 praeparatam.
1190 5041 1326 5097 Caeterum
1348 5037 1387 5095 sic
1410 5045 1482 5094 amet
1496 5035 1585 5094 anima
1604 5052 1726 5106 curnem,
1742 5047 1771 5094 ut

126 5124 198 5182 enim
220 5130 264 5182 est
285 5123 459 5193 afflictorum,
479 5135 509 5182 ut
528 5128 660 5186 molestiis
674 5131 765 5198 eximi,
791 5149 924 5188 summam
977 5145 1033 5184 nan
1055 5128 1162 5202 ipsein
1185 5143 1294 5184 carnem
1323 5127 1449 5184 transisse
1479 5134 1598 5200 putetur,
1615 5126 1772 5199 diceturque

127 5224 255 5288 reputent
275 5213 446 5287 felicitatem3
472 5224 499 5271 et
531 5232 625 5274 carcre
648 5218 768 5288 munde,
792 5233 923 5275 summam
977 5215 1274 5276 eieDomin01855
1290 5217 1771 5291 Nanpcrmancbitspiritnsrnens,

86 5315 91 5328 ·
127 5302 324 5361 beatitudiuem
345 5304 522 5360 arbitrentur.
542 5305 619 5362 Unde
642 5307 777 5379 Propheta
798 5307 828 5362 iu
851 5308 923 5378 psal·
978 5309 1009 5362 in
1025 5307 1146 5375 bomine,
1158 5307 1301 5379 qniacaro
1314 5309 1357 5364 esi
1371 5307 1449 5378 (llcn.
1461 5321 1501 5372 vr,
1517 5305 1555 5376 3).
1568 5301 1669 5376 Diliget
1683 5302 1772 5358 anima

128 5407 189 5448 mo:
216 5393 388 5462 anerterc,
411 5391 508 5464 inquit,
525 5393 624 5450 anima
647 5409 719 5465 enea,
745 5396 777 5450 in
800 5395 925 5468 requiem
977 5409 1088 5451 carnem
1110 5411 1201 5462 suam;
1226 5395 1274 5450 sed
1299 5394 1484 5467 multomagis
1507 5407 1583 5448 suam
1607 5389 1693 5463 ipsius
1715 5393 1772 5448 erri-

130 5482 220 5546 tuam,
235 5482 311 5553 qaia,
328 5482 464 5538 Dominus
474 5481 604 5552 beneficii
621 5481 749 5539 tibi:uec
762 5479 818 5536 ulle
833 5489 924 5538 tamen
977 5499 1049 5538 mam
1069 5490 1167 5540 servet.
1188 5485 1269 5540 Amet
1283 5483 1371 5538 Adam
1388 5481 1474 5537 Eram
1489 5495 1584 5548 auem;
1599 5477 1648 5536 sed
1662 5475 1718 5536 uo'u
1732 5479 1772 5538 sic

128 5565 232 5624 collatae
250 5585 362 5624 munere
385 5567 521 5626 felicitatis
544 5577 694 5640 enumeret,
711 5569 759 5627 sed
778 5563 921 5646 adjungit:
978 5579 1061 5636 amet,
1074 5577 1105 5626 ut
1117 5569 1177 5628 voei
1191 5569 1252 5640 ejus
1267 5569 1328 5642 plus
1342 5565 1453 5626 obediat
1467 5583 1548 5641 quam
1562 5567 1672 5626 diuinae.
1690 5566 1772 5625 Deni-

131 5657 201 5726 Quia
211 5658 455 5728 manitanirnam
466 5659 500 5718 de
510 5660 818 5731 marie,ocnlcsrneaaa
833 5661 925 5733 tacry-
978 5675 1032 5732 qne
1045 5675 1081 5716 ue
1094 5659 1145 5731 ipsi
1159 5657 1269 5733 quidem
1285 5657 1396 5730 expedit
1409 5657 1448 5714 sic
1473 5655 1568 5724 amari,
1594 5664 1625 5715 ιιι
1646 5655 1773 5740 ιὶιιοιὶοει

128 5737 813 5822 canpaniaearepentina.cxrv,v‚a).1n
827 5749 926 5822 quibus
978 5749 1020 5806 cui
1052 5748 1160 5806 interim
1189 5763 1269 5811 cavea
1301 5743 1411 5824 flagello
1434 5753 1556 5824 paternae
1579 5745 1768 5818 correptionis,
