4118 6346
198 397 249 453 ast
689 390 756 448 rlto
769 389 937 448 nonlttlcn
950 390 962 446 l
976 388 1180 448 Nolssnnnls
1194 391 1312 450 sunno
1326 395 1358 452 V.
1797 407 1849 461 att

191 531 257 574 num
277 515 443 589 prohibeant
456 513 638 588 corporalem.
666 514 751 571 Porro
771 513 909 586 seraphim
937 521 994 570 tan·
1011 529 1034 606 fl
1050 515 1162 572 iuditio
1178 518 1228 572 too
1239 516 1457 590 ιιιιιιιιιιιιι
1479 525 1564 592 (Ptol.
1581 539 1671 596 xxxv,
1686 528 1727 600 t),
1739 543 1793 584 non
1810 529 1850 586 'm-
1872 535 1874 540 '

191 613 250 662 tum
264 606 322 662 alas
345 604 492 678 accipiunt,
508 617 625 676 quarum
644 601 780 660 velamine
794 609 907 659 arceant
929 617 993 660 ocu·
1050 617 1173 676 congrue
1188 603 1267 660 torte
1292 605 1400 662 videtur
1428 610 1529 681 pedum
1558 631 1640 686 posse
1668 617 1849 690 appellatione

190 694 248 750 lum
264 694 447 769 spiritualem.
462 691 588 765 Denique
609 690 726 762 duobus,
745 691 840 764 inquit,
863 691 994 749 velabant
1049 691 1161 767 signari.
1180 693 1250 748 Sunt
1273 693 1346 750 enim
1362 695 1435 752 velut
1458 699 1569 770 quidam
1583 704 1669 772 pedes
1683 709 1755 778 ejus,
1774 706 1850 766 iuve-

191 788 279 858 copot
301 785 371 857 ejus,
386 787 415 842 ιι
433 781 541 840 duobos
552 781 650 854 pedes,·
673 787 702 838 ut
721 795 774 838 neo
789 780 842 836 alta
858 779 918 851 Dei,
941 795 993 838 nec
1048 779 1190 854 stignbiles
1209 781 1262 839 vioe
1283 782 1354 857 ejus,
1378 783 1564 844 inscrutabilia
1586 791 1689 860 judicia
1704 798 1775 867 ejus,
1790 811 1850 869 pro

191 872 330 944 profunda
343 873 403 942 ejus
426 869 537 944 iniquus
560 869 605 926 ille
618 869 710 927 valeat
722 868 910 944 contemplari.
935 869 993 925 Erit
1047 869 1162 927 fundum
1172 871 1312 944 sapientias
1322 874 1393 944 ejus,
1405 882 1433 931 et
1446 874 1698 948 irreprehensibilis
1712 886 1847 956 quasdam,

192 976 257 1018 oum
279 959 445 1019 revelabitur
462 959 550 1034 gloria
567 956 690 1031 Domini3
714 959 764 1018 sed
787 975 843 1018 non
867 959 919 1017 erit
940 960 993 1017 hoe
1046 959 1098 1018 sed
1133 961 1417 1035 incomprehensibilis
1449 964 1592 1038 dispositio
1625 971 1695 1042 ejus.
1727 974 1768 1028 ld
1798 977 1848 1032 hos

193 1049 247 1106 nisi
258 1050 360 1106 lactum
373 1047 456 1104 luerit
469 1055 533 1105 ante
547 1047 621 1121 quod
643 1045 842 1122 scriptumest,
867 1049 993 1106 tollatur
1047 1049 1134 1121 pedes
1148 1049 1239 1123 ipsum
1254 1067 1364 1126 quoque
1373 1054 1525 1112 Dominioae
1539 1055 1734 1117 incarnationis
1747 1071 1849 1136 myste—

192 1139 307 1209 impt‘us‚
322 1153 359 1196 oe
372 1137 468 1195 videat
481 1136 602 1209 plortom
610 1135 663 1196 Dei
672 1137 751 1209 (lsai.
763 1151 845 1207 xxvi,
856 1139 912 1209 tc).
923 1138 994 1194 inte·
1047 1139 1120 1196 rium
1139 1141 1298 1213 specialiter
1308 1143 1432 1201 noscitur
1446 1145 1597 1218 pertinere,
1609 1150 1734 1206 etomnis
1749 1152 1849 1223 pariter

192 1225 245 1280 rim
259 1240 326 1282 sane
339 1223 446 1282 velatur
461 1231 552 1298 eaput,
567 1221 693 1282 velantur
706 1223 803 1296 pedes,
828 1232 858 1282 ut
870 1223 992 1282 medium
1047 1228 1170 1300 operatio
1184 1239 1287 1288 nostrae
1302 1231 1407 1288 salutis.
1419 1233 1540 1292 Cernere
1555 1241 1597 1291 est
1609 1251 1693 1309 quam
1702 1236 1737 1293 sit
1745 1238 1849 1310 iustitia

192 1313 305 1386 quidem
317 1313 420 1387 aliquid
430 1313 521 1370 eidem
535 1312 619 1386 impio
637 1314 796 1384 ridendum,
813 1313 863 1372 sed
877 1314 912 1370 ad
926 1314 992 1373 invi·
1046 1315 1092 1373 iila
1106 1315 1241 1390 sublimis,
1257 1335 1341 1393 quam
1355 1319 1425 1378 sicut
1448 1330 1556 1381 montes
1568 1325 1620 1381 Dei
1637 1327 1772 1399 propheta
1785 1343 1848 1386 esse

192 1401 314 1459 dendum
338 1402 432 1475 utique
455 1401 637 1474 relinquatur.
662 1404 694 1457 Et
709 1402 834 1458 velantur
855 1401 916 1474 alis,
931 1419 992 1477 ιιι
1047 1407 1171 1466 ιιιιιιιι·.
1187 1410 1287 1466 Nostra
1303 1410 1376 1467 enim
1397 1412 1426 1482 tsi
1442 1428 1496 1487 qua
1521 1415 1573 1487 ιιιι
1588 1414 1699 1474 humilis
1713 1423 1756 1476 est
1768 1416 1847 1490 iusti·

193 1488 322 1547 nimirum
345 1489 386 1548 sio
399 1489 475 1547 illum
501 1496 623 1559 uocant,
643 1495 674 1546 ut
698 1490 766 1546 istos
790 1489 943 1548 sustineant
964 1499 993 1548 ιι
1047 1494 1094 1564 ιιι,
1109 1503 1185 1554 recta
1199 1497 1321 1566 forsitan,
1336 1500 1386 1556 sed
1397 1515 1452 1559 non
1464 1519 1541 1575 pura.
1556 1503 1616 1562 Nisi
1625 1504 1696 1563 lorte
1714 1506 1847 1566 meliores

194 1567 346 1636 sustollant.
1047 1597 1103 1640 non
1118 1600 1180 1643 esse
1200 1586 1350 1659 credimus,
1366 1604 1448 1662 quam
1471 1599 1563 1663 patres
1582 1601 1702 1666 nostros,
1723 1596 1843 1669 quinon

231 1671 258 1724 8.
283 1665 470 1738 Quaerendum
483 1673 574 1723 ιιιιιιι
596 1663 683 1737 prius,
709 1665 808 1738 quihus
831 1666 882 1723 alis
900 1667 992 1725 volare
1047 1669 1138 1732 minus
1160 1675 1297 1734 veraciter
1321 1695 1403 1751 quam
1428 1681 1566 1739 humiliter
1587 1684 1714 1742 aiebant:
1744 1687 1845 1746 Omnes

194 1755 334 1825 dimittit
349 1755 412 1828 quia
425 1755 543 1828 domus,
555 1753 653 1828 inquil,
669 1755 811 1813 vtlssballi·
827 1756 884 1814 Ntt
898 1756 994 1814 inton-
1043 1764 1849 1843 justnonostroe,tooqoompoooosmenstrootoemolto

193 1860 264 1918 grue
278 1843 391 1902 lor-sitan
405 1843 475 1900 duas
484 1843 550 1900 istas
564 1849 679 1912 naturae,
695 1849 724 1898 et
736 1844 834 1917 gratiae
857 1843 990 1906 dicimus:
1010 1837 1032 1916 Β
1047 1854 1089 1910 ris
1104 1853 1183 1923 (lsai.
1198 1869 1276 1924 triv,
1292 1856 1331 1928 6).
1344 1855 1490 1923 Quomodo
1505 1860 1579 1918 enim
1593 1878 1663 1934 pura
1672 1862 1787 1936 justitia,
1802 1864 1848 1922 uhi

193 1934 348 2007 praeserhm
362 1949 425 1992 cum
439 1933 517 2007 prius
527 1947 636 2007 quoque
650 1931 679 1988 in
693 1932 737 1990 his
755 1934 823 2007 ipsis
837 1933 920 1992 etiam
934 1933 994 1991 solii
1049 1941 1139 1998 adhuc
1157 1956 1211 1999 non
1225 1949 1317 2016 potest
1330 1944 1410 2017 eulpa
1433 1946 1552 2004 deesset
1574 1950 1658 2007 Recta
1673 1952 1788 2025 proinde
1802 1953 1847 2010 in-

194 2023 328 2082 celsitudo
342 2031 370 2080 ιι
388 2023 504 2081 elevatio
518 2038 534 2078 a
549 2019 629 2079 nohis
651 2020 734 2078 luerit
747 2022 897 2097 assignata.
914 2023 995 2081 Viva·
1050 2029 1131 2086 terim
1144 2030 1231 2088 videri
1245 2039 1336 2104 potest
1349 2033 1452 2106 justitia
1466 2035 1618 2108 hominurn,
1634 2039 1657 2094 si
1678 2047 1769 2098 tamen
1780 2055 1849 2114 pec·

195 2111 220 2168 οἱ
248 2112 384 2186 siquidem
416 2127 467 2185 ptr
490 2118 618 2168 naturam
644 2109 795 2183 intellectu,
821 2119 850 2170 tl
875 2111 995 2169 ferventi
1050 2127 1110 2176 cato
1125 2135 1180 2176 non
1194 2121 1377 2192 consentient,
1394 2131 1424 2180 ιι
1437 2140 1491 2182 ιιι
1506 2135 1607 2201 regnet
1620 2125 1649 2184 in
1663 2143 1758 2186 eorum
1776 2145 1849 2186 mor·

195 2201 370 2259 nihilominus
392 2201 494 2258 affectu
516 2199 699 2274 pergratiam
716 2197 745 2257 in
759 2217 823 2258 eum
837 2201 885 2275 qui
913 2218 996 2274 supra
1050 2206 1097 2263 tali
1111 2223 1236 2282 torpore.
1256 2212 1325 2268 Nam
1347 2211 1432 2284 primi
1444 2215 1561 2272 hominis
1584 2215 1612 2272 iu
1635 2216 1712 2275 initio
1737 2216 1848 2292 quidem

194 2289 269 2363 ipsos
282 2297 324 2347 est
339 2289 441 2348 extenti
458 2289 562 2364 jugiter
577 2297 605 2347 et
619 2289 727 2360 intenti,
743 2298 818 2346 stare
828 2288 939 2362 quidem
953 2290 997 2360 (ut
1050 2311 1106 2354 non
1124 2298 1206 2357 modo
1230 2307 1315 2370 regia,
1339 2301 1389 2358 sed
1403 2303 1484 2360 eriam
1509 2321 1579 2377 pura
1593 2304 1654 2378 sup,
1680 2306 1801 2381 quandiu
1823 2307 1850 2364 eq

194 2375 324 2452 diximus)
332 2393 384 2451 per
395 2377 590 2448 ministerium,
606 2377 657 2434 sed
671 2379 801 2436 etvolare
815 2392 866 2450 per
876 2376 996 2434 studium
1050 2384 1144 2442 datum
1171 2395 1213 2444 est
1227 2402 1280 2447 nee
1294 2389 1398 2447 sentire
1414 2399 1568 2463 peceatum.
1586 2395 1722 2452 emtarum
1736 2402 1765 2454 et
1792 2397 1851 2454 ιιι

193 2467 384 2538 perhibentur.
398 2467 559 2524 Licetenim
573 2466 666 2525 velent
680 2474 764 2539 caput
777 2465 894 2533 Domini,
906 2466 997 2525 velent
1051 2472 1120 2546 ipsa,
1144 2476 1272 2548 quoniam
1287 2476 1366 2534 firma
1389 2493 1443 2536 uon
1472 2481 1532 2552 luit,
1554 2489 1583 2539 et
1601 2483 1748 2556 puritatem
1770 2484 1850 2544 fache

193 2554 277 2610 etiam
287 2555 390 2628 pedes;
406 2555 456 2612 sed
471 2554 522 2612 sibi
542 2555 594 2611 ista
607 2570 663 2612 non
678 2554 781 2626 velant,
801 2554 891 2629 magis
905 2563 997 2612 autem
1052 2562 1181 2635 perdidit,
1197 2572 1225 2620 et
1247 2581 1283 2624 ne
1296 2566 1385 2638 ipsam
1400 2585 1509 2642 quoque
1524 2570 1636 2628 retinuit
1658 2571 1849 2631 rectitudinem

194 2642 290 2700 sedule
308 2645 400 2702 volant
414 2650 442 2701 et
455 2643 569 2702 volitant
582 2643 655 2701 inter
673 2644 735 2714 ista,
760 2650 788 2700 et
801 2644 855 2700 alta
869 2644 998 2716 potentiae
1051 2667 1138 2710 suam.
1162 2654 1233 2710 Saue
1254 2655 1328 2728 apud
1347 2657 1462 2732 angelos
1481 2657 1586 2731 justitia
1612 2667 1696 2734 reeta,
1716 2677 1796 2736 pura,
1822 2669 1851 2722 et

193 2732 267 2802 ejus,
290 2739 319 2788 et
335 2731 471 2805 profunda
485 2731 626 2804 sapientise
654 2731 833 2806 vestigantes.
848 2731 907 2789 Neu
930 2745 996 2788 sant
1051 2739 1129 2797 firma
1143 2748 1199 2811 est3
1211 2742 1336 2801 sublimis
1344 2745 1467 2819 quidem,
1482 2747 1532 2806 sed
1546 2749 1727 2825 adhuolouge
1736 2749 1850 2811 interior

193 2827 362 2878 semilateres
376 2826 440 2877 sunt
453 2820 613 2892 majestatis,
629 2827 659 2877 ut
677 2819 794 2895 preinde
808 2818 997 2894 opprimantur
1052 2845 1133 2904 quam
1157 2829 1257 2888 divina.
1277 2831 1338 2890 Non
1354 2831 1427 2890 enim
1451 2834 1544 2892 innata
1566 2837 1675 2912 osteis,
1691 2839 1741 2897 sed
1763 2841 1850 2900 alteo

193 2923 209 2962 a
232 2907 340 2982 gloria:
358 2908 433 2982 quod
454 2923 509 2966 non
534 2909 625 2967 miuus
646 2908 763 2984 diligant
786 2923 874 2982 quam
894 2908 997 2965 intelli·
1051 2919 1164 2977 collata:
1188 2927 1218 2977 ui
1233 2927 1329 2977 mium
1348 2921 1556 2998 {1252'q00d05
1575 2940 1606 2985 ,Θ
1621 2934 1674 3000 esp,
1691 2944 1746 2987 non
1770 2927 1852 2990 modo

193 3003 271 3070 gant,
291 3004 384 3070 utpote
399 3013 470 3072 quos
486 2996 575 3056 958
592 2998 637 3056 ille
656 2999 730 3073 regit
752 3006 780 3056 et
801 2997 859 3072 agit
879 2996 998 3072 Spiritus
1049 3008 1172 3078 iustitiae,
1206 3009 1256 3065 sed
1286 3008 1369 3067 etiam
1396 3011 1536 3084 injustitiae
1564 3005 1650 3090 capax
1685 3016 1848 3079 inveniatur.

195 3086 243 3160 qui
256 3094 393 3145 scrutatur
407 3087 490 3144 etiam
504 3087 558 3144 alta
576 3087 638 3145 Dei.
654 3087 796 3162 Superbus
818 3086 863 3144 ille
878 3085 996 3157 Lucifer,
1050 3095 1179 3170 Nunquid
1206 3111 1261 3155 non
1285 3097 1336 3155 isra
1359 3107 1403 3157 ιιι
1420 3101 1539 3173 pravitas
1553 3104 1690 3180 (luggam,
1714 3121 1797 3182 quam
1818 3107 1845 3164 ᾗ,

192 3177 284 3257 lucem
298 3177 461 3251 praelerens,
477 3192 532 3235 uon
555 3176 650 3251 ignem
665 3177 782 3248 hahens,
799 3175 877 3233 alteri
892 3182 997 3231 tautum
1013 3140 1035 3220 Β
1052 3185 1159 3260 angelis
1188 3185 1245 3242 suis
1266 3202 1332 3244 vera
1358 3185 1404 3244 illa
1430 3189 1538 3248 lustitia
1564 3192 1665 3268 legitur
1689 3191 1850 3257 invenisset

194 3272 304 3331 innixus
319 3273 378 3346 alae,
395 3287 489 3332 casum
503 3273 595 3332 lacere
608 3272 706 3347 potuit,
723 3288 778 3331 non
797 3272 927 3331 volatum.
942 3273 997 3329 Ex·
1051 3275 1109 3345 (tot
1122 3291 1160 3342 ιι,
1184 3279 1240 3346 lt).
1256 3277 1316 3335 lton
1330 3279 1408 3335 enim
1417 3280 1628 3352 justificabitur
1640 3287 1674 3342 in
1696 3277 1847 3364 cooperta

194 3362 304 3423 ιιιιιιιι
316 3363 391 3421 euim
405 3361 513 3422 lucidus
524 3379 598 3432 esse,
615 3379 671 3422 uon
685 3361 817 3430 fervidus,
833 3377 889 3420 non
902 3362 997 3420 incen-
1052 3368 1100 3421 ιιι
1113 3365 1206 3424 omnia
1221 3368 1325 3434 uirens,
1350 3365 1388 3422 ait
1406 3365 1430 3424 is
1451 3369 1498 3443 qui
1515 3369 1566 3427 Dei
1583 3371 1716 3443 juadtiam
1738 3374 1851 3434 minime

194 3469 254 3524 sus,
278 3453 353 3527 quod
378 3453 517 3528 seraphim
532 3460 622 3512 sonat.
647 3453 709 3511 Nou
734 3469 802 3528 ergo
824 3452 909 3525 stetit,
933 3452 999 3526 quia
1055 3451 1205 3524 ignorabat
1221 3453 1307 3524 (Ptol.
1331 3469 1415 3528 ιιιιι,
1439 3459 1479 3530 t).
1493 3458 1618 3518 Nectit:
1641 3460 1737 3538 Omnis
1758 3464 1851 3537 homo,

195 3543 373 3618 contempsit;
401 3543 519 3600 seduco
540 3543 634 3602 volare
651 3541 749 3616 potuit,
769 3542 842 3615 quod
861 3557 997 3615 prorsum·
1055 3537 1115 3609 ted,
1130 3539 1223 3597 omnis
1237 3542 1343 3612 nivem,
1359 3539 1438 3615 torte,
1453 3549 1483 3600 ιι
1496 3559 1532 3603 ne
1546 3544 1623 3620 ipsos
1637 3547 1777 3624 angelicos
1788 3561 1852 3608 eum

194 3632 259 3705 psit.
283 3631 398 3690 Sustulit
422 3647 485 3688 eum
507 3640 615 3688 uaturae
632 3630 774 3698 vivacitas,
797 3629 846 3686 sed
868 3629 896 3686 in
920 3645 998 3685 suam
1054 3629 1163 3686 noveris
1187 3628 1299 3703 spiritus
1332 3630 1483 3705 excepisse.
1508 3633 1610 3695 vivunt
1637 3637 1710 3696 enirn
1738 3642 1766 3698 et
1782 3636 1852 3718 ιιι,

192 3723 274 3795 plane
288 3720 450 3795 perniciem,
469 3719 571 3794 quippe
588 3735 671 3792 quem
683 3719 809 3780 deiectus
823 3717 920 3792 gratiae
934 3729 998 3772 mox
1052 3727 1129 3776 tanto
1144 3719 1246 3790 verius,
1262 3728 1364 3795 quanto
1377 3721 1505 3795 proprius
1519 3723 1629 3784 adstant
1642 3727 1669 3787 ei
1682 3727 1755 3804 apud
1769 3743 1853 3806 quem

191 3811 306 3883 dejecit.
327 3812 386 3868 Nec
399 3801 540 3866 dissimilis
554 3824 623 3866 sane
636 3807 746 3866 illorum
760 3822 851 3880 casus,
877 3805 924 3880 qui
934 3819 998 3863 cum
1053 3816 1095 3866 eat
1109 3809 1169 3866 lons
1183 3808 1254 3866 vitae.
1278 3807 1460 3868 Nihilominus
1483 3812 1564 3871 etiam
1577 3814 1644 3887 justi
1664 3825 1738 3890 sunt,
1754 3816 1803 3875 sed
1818 3833 1860 3878 ex

192 3899 391 3974 cognovissent
404 3899 501 3970 Deum,
517 3914 573 3956 non
582 3897 818 3972 glorificaverunt,
834 3904 880 3956 aut
894 3895 998 3970 gratias
1053 3913 1098 3968 eo,
1115 3911 1171 3955 non
1186 3911 1280 3953 eorum
1295 3913 1343 3965 ιο;
1365 3913 1480 3958 munere
1495 3903 1566 3976 ejus,
1581 3917 1637 3962 nun
1651 3903 1681 3962 in
1694 3905 1756 3980 ejus
1775 3921 1852 3966 ccm-

195 3996 332 4064 egerunt:
350 4003 404 4062 quo
421 3987 532 4045 tandem
548 3987 647 4046 merito
662 3986 754 4046 traditi
773 3993 837 4044 sunt
857 3985 885 4042 in
899 3999 998 4059 repro·
1054 3984 1209 4058 paratione.
1225 3987 1288 4058 lpse
1307 3985 1383 4044 enim
1404 3987 1456 4045 sihi
1469 3989 1574 4061 justitia
1595 3999 1647 4064 est,
1668 3996 1746 4066 cujus
1758 3995 1855 4053 volun·

194 4080 262 4136 hum
276 4093 397 4148 sensum,
413 4082 441 4134 et
454 4077 632 4134 obscuratum
641 4084 683 4134 est
692 4076 826 4150 insipiens
840 4089 888 4133 eor
901 4090 998 4133 eorum
1055 4083 1096 4132 tas
1111 4091 1166 4134 non
1182 4081 1236 4132 tam
1261 4089 1351 4149 sequa,
1368 4093 1451 4150 quam
1465 4077 1524 4152 ipsa
1537 4079 1668 4155 aequitas:
1691 4089 1719 4139 et
1737 4089 1853 4162 utraque

193 4167 284 4241 (lton
312 4182 332 4236 1,
357 4169 403 4237 nt,
418 4166 477 4232 tt).
492 4164 617 4240 Denique
640 4174 670 4223 ιι
688 4164 741 4239 ipsi
765 4179 863 4222 eorum
881 4163 997 4237 principi
1055 4179 1111 4222 non
1126 4164 1199 4222 aliud
1213 4179 1295 4238 quam
1318 4163 1378 4237 ipsa
1392 4165 1543 4224 substantia
1563 4173 1617 4226 ιιι.
1631 4169 1681 4228 illa
1697 4185 1765 4245 ergo
1778 4170 1854 4243 justi·

193 4254 385 4327 interpositum
405 4261 448 4310 est
466 4253 603 4325 velamen,
627 4253 700 4328 quod
724 4252 799 4310 nulla
820 4253 879 4324 iam
892 4259 997 4308 naturae
1053 4253 1091 4318 tia
1111 4252 1257 4310 verissime
1282 4251 1353 4310 sicut
1366 4267 1446 4312 mens
1469 4261 1521 4328 est,
1543 4271 1605 4332 qum
1625 4265 1768 4327 recteest,
1792 4273 1854 4333 quae

193 4344 339 4404 vivacitate
357 4351 542 4417 pertranseat,
564 4351 594 4400 ut
616 4343 713 4417 ipsius,
729 4343 776 4417 qui
791 4357 876 4418 super
898 4340 996 4398 solium
1055 4357 1124 4413 pura
1139 4349 1191 4412 est,
1218 4356 1280 4414 quae
1294 4340 1373 4398 firma
1396 4350 1447 4414 ιιι,
1463 4351 1500 4414 ιι,
1525 4352 1556 4403 ιι
1571 4345 1607 4402 ita
1621 4345 1748 4418 dixerim,
1771 4343 1855 4404 etiam

195 4432 285 4504 sedet,
313 4441 394 4506 caput
419 4440 467 4490 aut
487 4433 575 4506 pedes
599 4431 686 4492 valeat
715 4432 825 4492 intueri.
854 4431 997 4508 Siquidem
1054 4428 1206 4486 substantia
1230 4436 1282 4486 est.
1308 4429 1416 4502 Quanta
1440 4431 1470 4488 in
1498 4433 1551 4492 hoc
1576 4433 1665 4508 capite
1679 4436 1745 4493 latet
1764 4434 1854 4494 altitu-

194 4521 334 4594 seraphim
349 4529 453 4579 stantes
466 4529 495 4578 ιι
509 4527 630 4579 astantes
655 4519 762 4578 duabus
786 4520 836 4580 alis
850 4527 933 4592 caput
945 4535 994 4579 ve·
1052 4517 1087 4575 do
1101 4517 1107 4573 l
1124 4517 1236 4590 quando
1249 4517 1339 4594 gloria
1353 4527 1405 4594 ιιι,
1421 4528 1576 4597 quartoque
1595 4523 1745 4582 sublimitas
1758 4523 1786 4580 in
1800 4525 1853 4581 hoo

193 4610 261 4682 lant,
276 4609 383 4668 duabus
395 4609 492 4683 pedes.
1051 4607 1182 4664 umbroso
1196 4613 1224 4664 et
1238 4607 1376 4666 condenso
1390 4617 1484 4668 monle
1499 4611 1635 4684 reposita!

229 4705 256 4758 t.
273 4700 334 4758 Non
356 4706 399 4756 est
419 4698 571 4772 corporalis
593 4697 686 4756 diviua
701 4697 864 4770 substantia,
890 4712 942 4756 nec
965 4695 994 4754 in
1086 4697 1131 4751 to.
1158 4693 1264 4766 Quibus
1279 4701 1369 4752 ιιιιιι
1389 4705 1518 4771 putamus
1538 4699 1589 4756 alis
1603 4701 1656 4758 hoc
1680 4703 1762 4774 caput
1775 4713 1851 4756 sera·

192 4789 310 4848 sormam
342 4786 483 4845 hominum
520 4787 653 4845 membris
680 4786 810 4845 distinete
838 4783 992 4860 corporeis.
1050 4781 1125 4854 phim
1139 4782 1242 4851 velant,
1258 4791 1289 4840 ut
1311 4783 1384 4841 nulla
1398 4786 1563 4845 sublimitate
1578 4795 1693 4861 naturae,
1716 4785 1791 4846 nulla
1804 4803 1850 4845 ra·

193 4878 314 4951 Spiritus
330 4887 372 4936 est
384 4880 472 4951 Deus;
490 4885 517 4934 et
532 4895 594 4952 quas
613 4877 648 4935 de
661 4892 695 4937 eo
711 4875 849 4945 dicuntur,
866 4873 995 4948 spiritua·
1052 4869 1132 4928 tionis
1148 4868 1236 4929 954
1260 4872 1469 4945 perspicacitate
1483 4889 1602 4951 nequam
1620 4877 1715 4936 oculus
1736 4875 1765 4934 in
1778 4875 1852 4934 illam

194 4967 257 5026 liter
271 4967 442 5042 vestiganda.
467 4966 594 5040 Alioquin
609 4965 670 5040 quis
695 4965 774 5023 nohis
797 4963 930 5022 revelabit
942 4965 996 5022 huc
1051 4966 1133 5034 queat
1148 4959 1302 5034 irrumpere
1325 4960 1383 5018 veri
1397 4961 1509 5022 luminis
1532 4965 1708 5025 claritatem?
1727 4963 1850 5036 Duabus,

192 5065 285 5130 caput,
310 5065 339 5114 ιι
350 5056 437 5130 pedes
451 5057 529 5126 istus,
554 5069 623 5129 quos
645 5054 765 5130 geminis
778 5039 828 5111 alis
855 5053 994 5129 seraphim
1049 5049 1077 5106 ni
1105 5048 1194 5122 fallor,
1219 5048 1278 5120 alis,
1306 5065 1363 5107 ιιι
1389 5050 1517 5112 videlieet
1543 5054 1664 5128 iptorum
1686 5053 1791 5128 glatire,
1820 5059 1849 5110 ιι

193 5143 294 5214 ιιιιιι,
311 5145 363 5204 nisi
377 5143 575 5219 Spiritusipse,
592 5142 723 5216 quinovit
736 5142 829 5200 omnia
843 5158 905 5215 quae
918 5142 946 5199 iu
961 5157 994 5200 oo
1050 5138 1194 5199 felicitatis.
1211 5137 1390 5216 lnellahiliter
1414 5141 1551 5217 siquidem
1566 5146 1736 5204 delectantur
1753 5141 1782 5200 iu
1800 5142 1850 5198 ed-

192 5241 267 5308 ιιιι,
286 5243 316 5293 ιι
330 5241 467 5293 scrutatur
483 5232 565 5290 etiam
579 5231 632 5288 alta
647 5232 722 5290 llei‘l
737 5233 799 5306 Ego
809 5231 882 5289 enim
895 5230 995 5304 opinor
1050 5227 1193 5310 miratione
1209 5229 1457 5308 contemplationis
1484 5231 1571 5306 illiu's;
1600 5248 1653 5292 neo
1670 5231 1761 5290 minua
1781 5231 1848 5317 glo·

191 5323 254 5398 ipsa
267 5339 330 5381 esse
343 5339 404 5398 quae
419 5323 447 5380 iu
460 5324 514 5380 hoc
527 5320 589 5380 loco
604 5320 702 5395 capitis
717 5321 828 5379 nomine
841 5320 994 5396 designan-
1051 5318 1157 5377 riantur
1176 5319 1204 5375 in
1219 5318 1304 5394 ipsius
1327 5320 1515 5380 veneratione.
1534 5321 1647 5397 Iniquus
1660 5320 1705 5379 ille
1728 5318 1850 5378 admira·

191 5421 247 5472 tur.
264 5415 359 5488 ltaque
371 5413 522 5472 secundum
536 5412 610 5470 huno
628 5427 741 5470 sensum
755 5418 837 5486 caput
851 5413 922 5484 ejus,
933 5427 994 5468 ma·
1050 5407 1152 5466 tionem
1167 5407 1289 5483 quidem,
1304 5408 1353 5467 sed
1367 5424 1423 5472 non
1437 5409 1643 5470 venerationem
1657 5409 1770 5479 hahens,
1786 5407 1850 5484 qula

193 5506 281 5577 testas
300 5503 372 5578 ejus,
387 5509 508 5576 potestas
528 5502 600 5575 ejus,
615 5501 786 5575 sempiterna
810 5499 897 5560 virtus
913 5507 995 5574 atque
1047 5495 1128 5554 'subdi
1152 5495 1238 5573 noluit
1258 5511 1310 5573 per
1322 5497 1539 5571 venerationem,
1555 5497 1603 5576 llgl
1625 5495 1780 5584 convaluit
1799 5511 1851 5572 par

193 5593 333 5652 divinitas.
360 5592 448 5664 Caput
474 5591 546 5662 ιιιι,
578 5589 656 5662 juxta
684 5587 751 5647 illud
784 5587 993 5662 propheticum:
1052 5585 1271 5664 admirationem.
1303 5589 1427 5666 Denique
1458 5588 1667 5650 admirationem
1697 5587 1791 5664 ipsam
1821 5581 1852 5645 bt

191 5684 313 5742 lustitia
324 5687 374 5740 tuo
384 5684 457 5740 sicut
471 5685 580 5739 ιιιιιιι
592 5682 651 5739 liet.
662 5680 768 5752 Nempe
778 5677 851 5751 quod
860 5676 994 5752 sequitur,
1046 5675 1260 5736 'emulationem
1274 5677 1423 5748 convertit;
1438 5694 1491 5740 neo
1502 5681 1629 5740 venerari
1648 5667 1787 5756 uginus,
1801 5670 1852 5736 ted

2044 3919 2045 3930 l

1936 3971 1943 3984 ‘
2044 3953 2045 4017 l
