3950 6350
78 391 139 446 281

563 431 565 440 ,
623 384 659 440 IN
677 382 735 440 DIE
755 379 894 441 sancto
911 381 1056 443 Paschae
1076 383 1205 444 SERth.

78 519 259 586 consurgent
283 515 378 570 contra
403 525 451 569 vos
463 507 502 578 ,iu
523 505 643 582 judicio,
666 514 814 582 propterea
839 505 892 582 ipsi
908 524 931 605 g
948 507 976 565 in
990 506 1056 567 illo?
1068 507 1097 565 Si
1110 507 1292 585 negligentias
1300 511 1461 586 planximus,
1476 515 1540 590 quid
1555 525 1701 578 causaest
1714 524 1745 576 ut

75 601 196 676 judiees
218 599 301 663 vestri
324 607 413 668 erunt,
438 598 500 672 quia
523 597 663 671 prophetae
682 595 891 672 obtemperave-

5 673 7 706 '
78 697 165 759 runt,
186 706 234 749 vos
249 706 301 747 nec
315 687 429 745 Domino
450 688 654 760 prophetarum.
756 695 758 699 '

5 767 6 772 ¹
125 784 172 837 13.
193 779 246 836 Ubi
260 787 301 836 est
316 777 388 852 quod
403 776 532 832 dicebatis
554 796 560 834 :
581 775 738 833 Desceadot
751 773 783 832 de
796 791 890 843 crare,

5 857 7 892 ²
77 876 115 929 et
131 869 277 928 credimus
291 868 343 928 ei?
358 867 466 938 (hauh.
481 881 571 933 xxvii,
587 866 646 940 dt.)
661 864 753 922 &ads
767 863 892 936 signacu-

77 956 148 1016 lum
167 957 322 1030 dirumpere
340 954 474 1024 voluistis,
494 953 683 1027 promittentes
697 954 731 1009 ad
747 953 829 1010 fidem
843 968 891 1010 vos

5 1063 6 1072 ¹
75 1045 261 1104 introituros.
283 1047 353 1103 Ecce
374 1051 509 1118 apertum,
529 1061 584 1101 nou
603 1043 738 1116 diruptum
763 1050 806 1098 est
821 1060 829 1102 :
844 1042 889 1097 in·

76 1139 182 1196 troite.
206 1136 333 1210 Alioquin
355 1135 378 1194 si
402 1151 456 1192 non
481 1133 590 1192 creditis
613 1135 777 1210 resurgenti,
797 1132 890 1206 utique

74 1243 140 1286 neo
155 1225 341 1284 credidissetis
358 1224 546 1282 descendenti.
562 1224 590 1280 Si
604 1224 643 1281 sic
657 1240 704 1282 vos
722 1223 889 1280 scandaliza·

947 597 1100 656 recidamus
1114 615 1187 657 nunc
1196 599 1224 656 in
1235 601 1367 657 easdem?
1382 603 1555 662 Inveniemur
1565 624 1637 667 nanc
1646 607 1743 666 iterum

946 687 1045 745 curiosi
1058 697 1087 745 ut
1101 697 1174 758 ante,
1190 689 1299 747 verbosi
1317 699 1347 746 ut
1359 699 1432 760 ante,
1449 693 1519 765 pigri
1533 703 1561 751 et
1574 698 1745 772 negligentes

947 784 976 834 ut
993 786 1067 846 ante,
1085 778 1158 848 vani,
1175 777 1327 850 suspiciosi,
1342 779 1521 848 detractores,
1541 782 1672 853 iracundi,
1688 803 1743 846 cae·

946 863 1065 940 terisque
1080 866 1200 942 impliciti
1213 866 1294 936 vitiis,
1312 883 1371 940 qnae
1385 874 1439 924 tam
1449 867 1528 924 auxie
1543 869 1744 944 deploravimus

945 957 1111 1014 hisdiebus.
1131 959 1195 1016 Lavi
1213 959 1299 1032 pedes
1318 974 1405 1028 meos,
1426 959 1562 1032 quomodo
1586 961 1684 1020 iterum
1699 965 1742 1022 in·

945 1047 1064 1120 quinabo
1086 1046 1158 1106 eos?
1181 1047 1244 1104 exui
1267 1064 1311 1104 me
1333 1048 1450 1104 tunicam
1477 1063 1578 1116 meam,
1606 1054 1743 1123 mornado

943 1134 1054 1194 induam
1076 1139 1157 1195 eam?
1177 1139 1272 1210 (Cant.
1296 1153 1323 1207 v,
1345 1137 1385 1210 3.)
1402 1137 1463 1196 Non
1482 1146 1525 1194 est
1545 1140 1743 1212 transmigratio

943 1226 1011 1295 haee,
1036 1224 1220 1284 iratresznon
1239 1225 1277 1282 sie
1301 1226 1436 1284 videbitur
1458 1227 1588 1297 Christus,
1614 1243 1668 1285 non
1691 1228 1744 1286 boc

74 1317 133 1374 bat
149 1315 341 1385 cruxChristi;
355 1313 551 1373 verbumenim
567 1313 889 1386 omcisludoeiaquidem
942 1313 995 1371 iter
1031 1331 1086 1388 quo
1113 1315 1238 1372 ostendat
1274 1316 1352 1371 nobis
1388 1318 1462 1373 Deus
1497 1315 1615 1374 salutare
1647 1333 1738 1375 suum.

72 1406 256 1464 scandulum
276 1414 327 1470 cst,
347 1403 383 1459 ait
397 1403 542 1474 Apostolus
558 1405 584 1474 (l
602 1405 663 1460 Cor.
683 1417 703 1470 r,
719 1401 779 1474 23);
791 1400 889 1458 excitet
941 1405 1066 1480 Denique
1086 1405 1131 1480 qui
1150 1413 1225 1462 retro
1247 1405 1366 1478 respicit,
1391 1405 1518 1480 indignus
1533 1411 1575 1463 est
1590 1423 1676 1479 reguo
1692 1405 1744 1464 Dei

71 1507 133 1548 vos
150 1494 246 1549 saltem
266 1491 372 1548 novitas
390 1491 607 1548 resurrectionis.
629 1490 784 1546 Invenimus
797 1505 847 1546 nos
859 1489 887 1545 in
941 1494 1020 1568 (Lae.
1036 1509 1077 1562 rx,
1093 1493 1149 1566 61).

69 1597 166 1638 cruce
185 1580 309 1652 gloriam.
325 1579 410 1637 Nobis
429 1579 475 1653 qui
494 1581 640 1645 salvamur,
660 1577 710 1636 Dei
733 1578 819 1636 virtus
833 1585 885 1646 est,
978 1585 1021 1639 16.
1039 1582 1082 1638 Sic
1111 1587 1247 1639 amatores
1274 1581 1374 1650 saeculi,
1398 1581 1499 1640 inimici
1521 1583 1609 1640 crucis
1629 1583 1742 1654 Christi,

70 1675 106 1726 et
131 1670 266 1738 omniurn,
286 1676 316 1726 ut
339 1668 517 1736 ostendimus,
531 1668 671 1741 plenitudo
689 1666 829 1726 virtutum.
847 1666 888 1722 Sit
941 1671 1019 1741 cujus
1036 1669 1064 1726 in
1078 1686 1177 1728 vanum
1192 1678 1305 1740 accepto
1319 1672 1430 1728 nomine
1446 1670 1572 1730 dicuntur
1585 1672 1742 1741 Christiani,

69 1759 163 1818 vobis
174 1775 236 1832 pars
250 1759 294 1817 vel
308 1759 337 1816 in
351 1759 563 1820 resurrectione.
579 1757 633 1816 Sed
643 1757 714 1815 lorte
724 1764 752 1813 et
766 1757 821 1825 illa,
832 1755 886 1813 imo
941 1766 997 1817 toto
1009 1761 1061 1817 hoc
1071 1767 1194 1832 tempore
1204 1757 1431 1836 quadragesimali
1442 1761 1476 1816 ad
1490 1760 1623 1818 instantes
1636 1761 1742 1818 inhient

73 1849 171 1907 multo
187 1847 274 1925 magis
288 1849 332 1906 illa
345 1864 396 1906 vos
413 1847 586 1917 scandalizat,
609 1853 637 1905 et
650 1849 718 1904 odor
733 1847 794 1904 vitae
808 1846 887 1904 nobis
902 1837 925 1914 Β
941 1843 1000 1904 dies
1020 1847 1246 1916 Resurrectionis,
1275 1847 1352 1905 heul
1383 1854 1413 1905 nt
1444 1849 1556 1906 liberius
1582 1849 1742 1926 indulgeant

67 1937 102 1995 in
133 1939 230 2010 vitam,
255 1939 331 1996 vobis
355 1946 383 1997 el
405 1939 473 1996 odor
495 1939 591 1995 mortis
613 1938 640 1994 in
664 1947 789 1996 mortem.
816 1937 887 2008 Quid
940 1935 1078 2009 voluptati.
1101 1935 1259 2007 Obnubilat,
1285 1935 1393 2008 iratres,
1418 1937 1598 1994 solemnitatis
1620 1938 1741 1998 laetitiam

70 2043 150 2100 ergo
170 2027 344 2084 insistimus?
363 2028 426 2084 Non
451 2025 568 2084 sustinet
587 2025 681 2084 audire
696 2025 887 2101 symphoniam
939 2025 1054 2082 materia
1078 2025 1199 2099 tristior3
1226 2025 1275 2081 sed
1294 2025 1379 2098 ipsius
1391 2025 1544 2098 plangimus
1562 2026 1741 2084 solemnitatis

70 2123 102 2173 et
123 2118 244 2174 chorum
263 2116 355 2176 senior
373 2117 466 2187 irater,
487 2117 608 2174 occisum
631 2115 711 2173 nobis
735 2116 886 2190 saginatum
939 2115 1074 2186 injuriam,
1101 2131 1181 2188 quam
1202 2114 1372 2172 dissimulare
1392 2131 1449 2172 non
1473 2131 1617 2187 possamus
1640 2132 1692 2173 nec
1712 2115 1740 2174 in

68 2205 197 2265 vitulum
216 2205 477 2280 indignatur.,l⁴'oris
490 2213 553 2276 stat,
577 2207 688 2263 omnino
702 2221 757 2262 non
773 2205 885 2278 acquie—
939 2204 1008 2278 ipaa,
1028 2203 1082 2260 imo
1093 2204 1183 2261 minus
1201 2204 1229 2260 in
1247 2205 1316 2279 ipsa.
1327 2205 1399 2261 Proh
1418 2204 1511 2262 dolor!
1530 2203 1660 2278 peccandi
1675 2211 1741 2262 tem·

69 2295 127 2352 scit
143 2295 250 2382 iptrare
266 2296 342 2370 (luc.
359 2311 408 2364 xv,
426 2295 481 2368 28).
500 2295 687 2371 ingrediamur
701 2310 762 2364 nos,
778 2293 885 2362 iratres,
939 2311 1001 2366 pus,
1024 2291 1155 2350 terminus
1175 2293 1314 2351 recidendi
1329 2293 1400 2351 iacta
1414 2304 1456 2350 est
1470 2293 1633 2350 resurrectio
1648 2293 1741 2351 Salva-

71 2391 102 2440 et
120 2383 271 2456 epulemur
289 2384 317 2438 in
335 2382 437 2457 azymis
460 2381 623 2440 sinceritatis
641 2391 669 2440 et
683 2383 825 2454 veritatis3
842 2392 886 2438 et·
939 2381 1026 2438 torisl
1050 2381 1093 2438 Er
1114 2383 1166 2439 hoc
1187 2398 1287 2457 nempe
1311 2382 1524 2440 comessationes
1546 2389 1574 2438 et
1593 2382 1741 2440 ebrietates

70 2474 155 2532 enim
172 2475 277 2532 Pascha
292 2481 416 2530 nostrum
426 2471 579 2529 immolatus
589 2479 633 2530 est
647 2472 768 2530 Christus
783 2471 808 2545 (l
824 2473 886 2533 Cor.
940 2471 1066 2540 redeunt,
1087 2470 1184 2528 cubilia
1198 2478 1225 2528 et
1243 2471 1414 2544 impudicitiae
1425 2480 1592 2546 repetuntur,
1607 2478 1635 2528 et
1648 2471 1741 2527 laxan-

70 2581 102 2632 v,
129 2565 175 2636 7).
202 2562 404 2636 Amplectamur
425 2563 631 2620 commendatas
652 2561 732 2618 uobis
754 2561 782 2616 in
806 2578 885 2620 eruce
939 2568 984 2617 tur
1006 2561 1231 2634 concupiscentiis
1249 2559 1326 2617 irena
1342 2577 1349 2616 ε
1366 2561 1443 2634 qnasi
1469 2577 1534 2618 vero
1557 2560 1592 2616 ad
1614 2560 1666 2617 hoc
1680 2577 1740 2616 sur-

71 2652 210 2724 virtutes,
235 2652 425 2726 humilitatem,
449 2651 617 2726 patientiam,
641 2650 832 2724 obedientiam,
859 2660 887 2710 et
940 2653 1042 2710 rexerit
1060 2651 1193 2722 Christus,
1216 2657 1244 2710 et
1264 2665 1320 2708 nou
1338 2649 1425 2724 magis
1442 2658 1556 2723 propter
1568 2648 1740 2722 justificatio-

71 2741 257 2801 obaritatem.
938 2755 1002 2800 nem
1016 2749 1148 2800 nostram.
1165 2741 1209 2799 Sic
1223 2739 1372 2809 honoratis,
1389 2737 1490 2808 miseri,
1503 2738 1648 2806 Christum,
1659 2755 1741 2812 quem

110 2833 161 2890 dl.
179 2831 212 2888 In
226 2831 277 2887 bac
291 2845 400 2904 qnoque
416 2835 471 2888 tam
485 2830 622 2904 praecipua
635 2831 806 2888 solemnitate
820 2831 885 2906 quid
938 2831 1120 2904 suscepistis?
1136 2829 1255 2887 Ventura
1269 2829 1386 2902 parastis
1408 2827 1564 2900 hospitium,
1576 2827 1741 2886 mniitentes

70 2919 294 2979 commendetur
313 2919 401 2990 nobis,
427 2920 520 2978 sedula
540 2920 704 2994 eogitatioae
727 2939 883 2996 pensemus.
938 2929 1050 2993 peccata
1073 2935 1134 2978 enm
1156 2919 1269 2994 gemitu,
1289 2918 1454 2990 castigantes
1473 2932 1598 2992 corpora,
1625 2919 1742 2986 eleemo-

70 3013 189 3085 Nempe
223 3011 409 3083 resurrectio,
446 3009 576 3067 transitus
609 3021 637 3068 et
665 3012 881 3084 transmigratio.
938 3024 1021 3082 synas
1034 3007 1248 3080 impendentes:
1270 3014 1297 3062 et
1312 3022 1375 3064 ecoe
1390 3011 1546 3078 susceptum
1560 3005 1675 3079 proditis
1689 3004 1741 3061 ini-

71 3101 205 3158 Cbristus
226 3099 309 3168 euim,
332 3099 440 3170 iratres,
464 3116 519 3158 non
541 3099 639 3157 recidit
655 3099 746 3170 bodie,
767 3102 817 3158 sed
839 3119 884 3160 re·
938 3097 1089 3168 micis,imo
1102 3095 1175 3154 exire
1190 3095 1359 3170 compellitis,
1377 3095 1481 3167 priores
1494 3095 1630 3168 nequitias
1643 3095 1741 3154 admit-

72 3190 202 3250 surrexit
220 3205 227 3244 z
258 3205 313 3246 uon
336 3187 426 3258 rediit,
449 3189 498 3246 sed
521 3188 646 3260 transiit;
672 3189 883 3266 transmigravit,
900 3150 923 3229 c
939 3189 1030 3248 tendo.
1042 3188 1138 3261 Neque
1156 3186 1228 3245 enim
1237 3185 1401 3243 cohabitatio
1415 3200 1477 3241 esse
1487 3191 1577 3257 potest
1591 3185 1644 3242 luci
1654 3186 1687 3241 ad
1701 3193 1738 3244 te-

70 3298 131 3338 non
153 3279 300 3338 remeavit.
323 3279 447 3352 Denique
470 3286 497 3336 et
516 3278 608 3351 ipsum
627 3279 700 3353 quod
714 3279 886 3338 celebramus
937 3279 1047 3347 nebras,
1055 3277 1153 3336 Christi
1168 3293 1228 3334 cum
1238 3273 1374 3350 superbia,
1384 3289 1446 3330 cum
1456 3274 1577 3343 avaritia,
1588 3276 1742 3332 comambi-

72 3371 195 3437 Pascha,
229 3368 369 3436 transitus,
386 3383 442 3427 non
475 3368 576 3426 reditus
604 3368 803 3442 interpretatur
827 3388 833 3424 :
857 3377 885 3427 et
939 3368 1023 3438 bone,
1044 3384 1105 3426 oum
1129 3365 1250 3422 fraterno
1271 3364 1343 3434 odio,
1365 3379 1425 3419 cum
1440 3362 1555 3431 luxuria,
1573 3379 1634 3419 cum
1653 3363 1740 3421 iorni·

72 3459 205 3528 Galilaea,
224 3457 272 3513 ubi
290 3456 425 3515 videndus
443 3454 522 3513 nobis
543 3457 710 3530 promittitur
727 3458 774 3533 qui
791 3474 885 3516 resur·
938 3459 1055 3515 catione.
1080 3454 1150 3526 Quid
1168 3454 1240 3514 enim
1261 3453 1349 3508 minus
1367 3451 1493 3525 praesenti
1512 3451 1637 3520 debetur,
1658 3469 1740 3526 quam

72 3549 160 3614 rexit,
185 3561 244 3603 non
268 3545 462 3602 remeationem
486 3553 576 3613 sonat,
600 3546 649 3604 sed
669 3548 884 3624 transmigratio·
938 3548 1079 3608 venturo?
1116 3546 1186 3616 Quid
1212 3545 1301 3600 minus
1333 3542 1495 3602 reverentiae
1529 3543 1740 3600 resurrectionis

73 3655 153 3696 nem.
176 3635 271 3693 Credo
292 3635 349 3706 jam
368 3634 521 3708 aliquorum
543 3634 653 3707 ingenia
675 3637 838 3710 praevolant,
858 3646 885 3695 et
939 3645 1046 3711 tempus
1060 3634 1152 3709 erigit,
1168 3652 1248 3708 quam
1269 3633 1426 3707 passionis?
1446 3633 1500 3690 Sed
1510 3649 1570 3703 vos,
1581 3637 1612 3688 ut
1625 3631 1742 3689 manile·

74 3742 213 3804 quorsum
233 3726 293 3780 haec
311 3722 394 3783 velint
413 3722 537 3794 tendere,
561 3724 742 3796 suspicantur.
766 3727 885 3786 Dicimus
938 3731 1009 3782 stum
1024 3731 1075 3796 est,
1092 3734 1217 3780 neutram
1230 3724 1378 3780 honoratis.
1394 3723 1473 3792 Nam,
1484 3721 1507 3777 si
1517 3721 1741 3794 compateremini

74 3825 172 3874 tamen
187 3813 311 3870 breviter
326 3831 333 3868 ;
350 3813 503 3884 praesertim
521 3830 557 3870 ne
578 3814 751 3872 devotionem
767 3825 885 3874 vestram
938 3821 966 3872 et
989 3812 1209 3888 conregnaretis;
1231 3812 1255 3869 si
1274 3811 1519 3880 commoreremini,
1543 3817 1573 3868 et
1595 3825 1741 3868 conresur-

74 3907 102 3964 in
127 3912 206 3962 tanta
235 3900 408 3959 solemnitate
434 3903 570 3960 sermonis
597 3903 720 3962 videatur
747 3905 886 3978 proliritas
938 3902 1050 3979 geratis.

74 4010 208 4054 onerare.
223 3991 325 4062 Sipost
339 3991 601 4049 consummationem
620 3993 707 4049 crucis
720 3992 749 4048 in
763 4003 885 4052 nostram
975 3990 1019 4047 17.
1039 3989 1118 4047 Nunc
1137 3995 1227 4047 autem
1251 4003 1285 4046 ex
1308 3986 1365 4047 sola
1388 3985 1584 4044 consuetudine
1608 3987 1741 4058 temporis

76 4087 149 4144 liano
162 4080 359 4140 mortalitatem
373 4088 401 4137 et
418 4079 481 4138 vire
495 4082 637 4152 praesentis
651 4099 786 4140 aerumnas
806 4085 884 4142 Chri·
939 4088 966 4138 et
994 4079 1164 4138 simulatione
1177 4065 1308 4152 'quadam
1335 4074 1483 4132 humiliatio
1515 4075 1559 4133 illa
1585 4075 1738 4150 prooessit,

77 4183 136 4232 stus
166 4169 301 4228 Dominus
326 4167 486 4242 revixisset3
511 4183 564 4242 ego
591 4185 672 4242 eum,
694 4170 802 4242 iratres,
829 4189 885 4230 uon
939 4187 1020 4246 quam
1040 4185 1095 4227 non
1119 4176 1241 4242 sequatur
1266 4166 1409 4226 exsultatio
1435 4165 1591 4240 spiritualis.
1618 4170 1740 4242 Propter

75 4261 219 4319 transiisse
235 4258 366 4324 dicerem,
386 4256 437 4314 sed
455 4256 568 4316 rediisse
582 4281 588 4330 ;
604 4273 660 4316 non
679 4259 886 4336 transmigrasse
940 4261 1035 4328 hoc‚ut
1048 4258 1086 4316 ait
1099 4258 1253 4332 Apostolus,
1265 4257 1351 4316 malti
1364 4255 1474 4331 infirmi
1487 4261 1513 4314 et
1527 4255 1690 4323 imbecilles,
1711 4263 1739 4316 ct

46 4337 51 4344 ’
74 4354 104 4410 in
117 4348 262 4408 sublimius
281 4345 393 4419 aliquid,
409 4347 459 4403 sed
481 4347 513 4404 ad
534 4354 633 4406 statum
653 4365 790 4407 remeasse
810 4351 885 4424 prio·
939 4349 1083 4408 dormiunt
1099 4347 1186 4406 malti
1200 4351 1224 4418 (l
1240 4349 1301 4407 Cor.
1317 4363 1355 4416 rr,
1377 4345 1433 4419 30).
1448 4346 1564 4419 Propter
1577 4345 1628 4402 hoe
1643 4347 1740 4403 erebra

76 4458 147 4499 rem.
168 4440 247 4496 Nune
267 4444 358 4494 autem
378 4435 443 4510 quia
462 4436 567 4493 transiit
591 4437 618 4494 iu
642 4439 791 4497 novitatem
809 4439 882 4513 vitae,
939 4438 966 4493 in
981 4437 1095 4494 diversis
1113 4435 1271 4510 regionibus
1285 4435 1423 4492 hominum
1438 4432 1597 4498 mortalitas,
1614 4434 1738 4505 speciali·

77 4546 128 4588 nos
147 4543 258 4604 quoque
273 4526 368 4584 invitat
381 4525 416 4582 ad
432 4527 583 4596 transitum,
600 4527 717 4586 vocatia
731 4528 882 4586 Galilaeam.
940 4536 982 4585 ter
1003 4528 1045 4584 his
1064 4526 1169 4584 diebus.
1186 4524 1257 4596 Quid
1277 4525 1374 4581 enim?
1395 4520 1565 4595 Deprehensi
1579 4522 1645 4578 estis
1667 4523 1739 4580 iuter

77 4624 229 4695 Propterea
243 4617 379 4690 siquidem
395 4618 466 4692 quod
481 4625 603 4675 mortuns
618 4624 661 4676 est
675 4627 797 4692 peccato,
813 4635 884 4678 mor·

5 4757 7 4790 ,
79 4721 142 4768 tuus
156 4717 200 4766 est
214 4707 320 4776 semel;
341 4707 404 4780 quia
423 4708 496 4781 quod
509 4709 566 4780 jam
580 4708 654 4775 vivit,
675 4709 740 4766 vivit
754 4725 808 4766 non
823 4725 883 4767 car·

5 4847 6 4866 ,
78 4800 118 4867 ni,
133 4791 269 4856 sed‘Deo.

5 4879 7 4972 ,
117 4893 161 4946 15.
184 4885 257 4958 Quid
277 4899 326 4942 nos
344 4883 466 4954 diunius,
488 4887 535 4959 qui
550 4899 654 4944 sacram
672 4886 779 4945 Domini
795 4904 883 4947 resur·

5 5027 6 5040 .
80 4979 232 5036 rectionem
252 4975 364 5032 Paschae
382 4975 518 5046 privamus
531 4976 651 5045 nornine,
669 4987 698 5034 nt
711 4978 747 5034 ait
760 4978 839 5039 nobis
853 4979 881 5036 in

5 5053 7 5144 ζ
80 5066 197 5123 reditum
231 5061 317 5136 magis
345 5076 427 5135 quam
449 5060 477 5117 in
499 5063 663 5120 transitum?
689 5065 817 5122 Lurimus
839 5065 881 5122 his

80 5155 187 5223 diebus,
207 5150 409 5222 compunctioni
428 5157 455 5208 et
473 5153 600 5221 orationi,
615 5154 741 5226 gravitati
754 5161 783 5212 et
796 5155 880 5212 absti-

5 5237 7 5314 j
81 5241 181 5299 nentiae
202 5240 296 5310 dealiti,
326 5249 487 5297 caeterorum
517 5241 698 5318 negligentias
727 5248 879 5318 temporum

5 5327 6 5334 ’
80 5347 158 5388 sacro
179 5331 231 5387 hoc
253 5329 472 5405 quadragenario
497 5329 631 5388 redimere
652 5340 679 5388 et
698 5331 801 5390 diluere
828 5349 877 5391 cu-

5 5479 6 5500 ,
82 5421 200 5494 pientes.
215 5418 478 5478 Communioavimus
491 5420 663 5495 passionibus
678 5421 787 5491 Christi,
802 5438 878 5481 com·

5 5503 7 5516 '
85 5508 199 5582 plantati
218 5508 244 5565 ei
266 5509 355 5568 denuo
377 5525 470 5568 sumus
483 5527 534 5585 per
551 5511 715 5585 baptismum
734 5514 879 5588 quendam

938 4617 1083 4690 augustias,
1099 4615 1329 4690 prevaricatores,
1346 4629 1401 4670 non
1416 4613 1461 4686 qui
1481 4611 1648 4685 praevaricati
1662 4612 1738 4678 estis,

937 4707 986 4764 sed
1010 4706 1056 4780 qui
1074 4705 1218 4778 persistitis
1237 4705 1264 4761 in
1285 4710 1406 4776 peccato,
1430 4701 1563 4756 addentes
1581 4701 1739 4774 praevarica-

937 4796 1048 4864 tionem,
1064 4801 1111 4849 aut
1123 4792 1233 4867 penitus
1248 4790 1459 4866 impoenitentes,
1475 4797 1522 4845 aut
1536 4789 1633 4866 tepide·
1646 4790 1736 4862 paeni·
1803 4841 1808 4848 .

925 4882 1270 4964 *teutes3na01pericnlosa
1289 4880 1372 4956 [olias
1390 4879 1519 4953 pericula]
1534 4879 1678 4952 fugientes,
1695 4879 1737 4937 vel

935 4982 997 5047 post
1012 4973 1138 5031 miseram
1152 4970 1358 5044 experientiam,
1382 4969 1518 5026 incentiva
1537 4968 1650 5043 peccati.
1667 4969 1737 5024 lrre-

936 5063 994 5122 tivit
1011 5079 1060 5120 vos
1078 5061 1203 5118 inimicus
1217 5058 1366 5132 perplexis,
1381 5067 1411 5115 ut
1426 5057 1462 5115 ait
1482 5058 1631 5130 Scriptura,
1645 5057 1737 5114 nervis

934 5153 1120 5214 testiculorum
1132 5151 1201 5225 (lah.
1218 5166 1264 5219 xa,
1283 5150 1338 5222 lt).
1358 5149 1387 5205 Si
1406 5147 1456 5204 bac
1473 5145 1639 5205 conscientia
1653 5145 1734 5203 Chri-

933 5245 968 5302 sti
982 5248 1153 5300 sacramenta
1174 5239 1306 5312 refugitis,
1328 5239 1394 5295 nihil
1413 5237 1490 5295 vobis
1509 5251 1653 5295 commune
1672 5251 1735 5292 cum

934 5333 1051 5405 Christo,
1071 5346 1126 5388 nou
1144 5330 1250 5388 habetis
1268 5328 1349 5386 aum
1368 5328 1396 5384 in
1417 5327 1505 5385 vobis.
1528 5326 1619 5398 lpsum
1642 5325 1735 5384 audite

932 5425 1078 5484 dicentem:
1086 5419 1393 5480 Nisimaaducoueritia
1403 5435 1520 5478 caraem
1528 5415 1764 5492 Filiahomirrish

933 5519 962 5574 et
971 5514 1095 5573 utentis
1110 5515 1170 5587 ejas
1185 5513 1352 5584 sanguinem
1366 5526 1424 5566 noa
1443 5507 1579 5566 hahebitis
1593 5511 1682 5566 attam
1701 5511 1733 5568 ira

5 5661 7 5682 ζ
81 5599 271 5672 lacrymarum,
288 5601 465 5676 poenitentiae,
479 5603 668 5661 confessionis.
685 5604 713 5660 si
725 5619 791 5680 ergo
805 5620 880 5662 mor·
932 5605 1005 5664 vobit
1019 5603 1111 5677 (loon.
1128 5619 1166 5671 vr,
1181 5601 1238 5676 at).
1261 5601 1289 5658 Si
1313 5600 1424 5674 indigne
1442 5598 1587 5672 susdpitis,
1601 5595 1731 5670 judicium

83 5688 120 5746 tui
141 5702 235 5746 samus
252 5683 336 5749 898
356 5699 478 5764 peccata,
498 5693 637 5766 quomodo
655 5693 776 5752 vivemus
790 5694 880 5752 adbuc
932 5693 1009 5752 vobis
1023 5692 1202 5762 manducatis,
1223 5698 1345 5749 mactum
1359 5687 1459 5765 corpus
1474 5689 1580 5749 Domini
1594 5704 1649 5747 non
1664 5687 1733 5759 diiu-
