3950 6350
220 365 275 436 aaa
683 371 711 430 s.
731 369 907 431 suasanus
923 358 1067 432 amans
1086 365 1414 434 maan-ratumne
1651 368 1657 377 ’
1842 373 1909 433 ms

222 481 352 562 dientes.
369 487 464 558 Redite
480 511 558 573 ergo,
577 495 811 574 praevaricatores,
826 497 862 556 ad
876 515 934 575 cor,
950 501 978 560 el
994 497 1024 558 in'
1039 502 1065 596 ff
1079 502 1141 573 post
1154 485 1275 558 lamenta
1287 496 1458 572 poeuitentiae
1468 501 1523 557 don
1538 497 1572 556 ad
1585 500 1708 559 ceruales
1724 500 1809 560 redii
1828 507 1907 556 con·

222 587 278 649 tbto
290 589 373 648 corde
387 587 501 664 quaerite
510 585 667 656 Dominum,
684 595 711 644 et
721 586 794 648 odite
809 587 922 662 malum3
938 587 1023 663 poeni·
1078 589 1243 659 solauones;
1259 590 1309 647 sed
1322 589 1352 646 in
1362 588 1489 647 fiduciam
1498 589 1596 648 diridae
1606 590 1798 650 miserah'onis
1809 604 1906 647 exce

221 683 309 738 tentes
329 695 386 738 non
405 677 492 738 verbo
514 667 617 734 tantum
639 685 666 735 et
684 677 785 752 lingua,
810 680 859 736 sed
878 679 973 752 spiritu
996 687 1023 737 et
1077 681 1126 749 dit,
1141 681 1293 755 ingreditur
1305 696 1403 738 noram
1418 680 1563 752 qnamdam
1577 681 1755 740 devotionem
1771 691 1804 740 et
1819 695 1904 754 gau-

220 767 345 829 r'eritate.
368 768 439 840 Quia
452 784 518 828 vero
540 782 594 824 non
614 767 678 824 satis
698 767 828 824 cecidisse
847 768 923 843 piget
937 767 1023 825 homi·
1076 767 1151 826 diurn
1178 771 1205 826 in
1237 769 1339 842 Spiritu
1371 776 1487 839 sonct03
1518 786 1571 828 nec
1598 773 1653 828 tam
1684 770 1907 846 compungitur

219 865 293 930 nem,
317 865 349 916 ut
366 859 482 929 videtur,
505 858 550 933 qui
568 859 656 916 adhuc
674 873 785 916 manere
800 859 920 932 disponit
933 859 960 915 in
980 859 1022 916 lu·
1076 859 1277 934 praeteritorum
1296 859 1487 918 recordatione
1500 861 1686 933 peccatorum,
1702 877 1794 937 quam
1811 860 1904 917 dele·

219 949 312 1019 brico;
329 961 375 1008 eut
389 966 507 1018 errasse,
525 948 571 1022 qui
589 948 686 1005 ducem
701 964 756 1006 non
767 949 885 1022 quaerit:
902 949 936 1006 sit
950 953 1024 1008 serae
1077 957 1166 1007 ctatur
1180 949 1312 1006 memoria
1327 956 1354 1005 et
1368 949 1550 1008 inllammatur
1563 958 1730 1010 aeternorum
1745 949 1904 1009 desiderio

221 1039 438 1117 compunctionis
452 1037 590 1108 indicium,
607 1037 819 1112 opportunitatis
827 1038 900 1114 luga,
917 1039 1024 1095 subtra-
1077 1039 1251 1113 praemiorum
1270 1039 1317 1098 :is
1343 1039 1426 1112 plane
1453 1047 1496 1096 est
1518 1053 1583 1098 curn
1605 1035 1722 1100 Christo'
1743 1041 1902 1116 resurgit,

220 1133 275 1190 ctio
302 1129 462 1189 occasionis.
488 1127 615 1201 Alioquin
629 1127 781 1185 'timendum
804 1125 885 1186 valde
907 1145 942 1185 ne
965 1129 1024 1188 dies
1077 1131 1124 1204 qui
1138 1129 1243 1187 Pascha
1261 1128 1393 1197 celebrat,
1415 1129 1460 1203 qui
1483 1128 1637 1188 lestinat‘in
1651 1131 1817 1190 Galilaeam.
1842 1131 1902 1187 Vos

219 1223 273 1280 ista
291 1220 438 1295 (siquidem
458 1225 486 1276 et
499 1219 558 1292 ipsa
571 1217 660 1292 posita
674 1219 753 1276 estin
766 1217 870 1275 ruinam
884 1227 913 1276 et
928 1233 1023 1277 resur·
1076 1235 1154 1293 ergo,
1170 1217 1330 1287 charissimi,
1347 1219 1371 1276 si
1384 1221 1593 1278 consurrexistis
1606 1237 1668 1280 cum
1681 1221 1814 1294 Christo,
1831 1239 1900 1295 quae

221 1309 371 1369 rectionem
394 1309 549 1384 multorum)
578 1309 707 1382 reprobet
734 1325 793 1382 vos,
822 1308 866 1366 sel
894 1309 1023 1382 tanquam
1076 1326 1183 1367 sursum
1199 1317 1263 1366 sunt
1272 1309 1397 1385 quaerite,
1414 1309 1460 1367 ubi
1475 1311 1598 1368 Christus
1608 1319 1649 1368 est
1663 1311 1692 1369 in
1706 1311 1836 1370 dextera
1844 1313 1899 1368 Dei

219 1399 362 1458 manifeste
383 1400 485 1458 alienos
503 1399 648 1468 aChristo,
671 1397 777 1457 Christo
796 1415 851 1457 non
870 1398 1021 1456 communi·
1075 1400 1195 1468 sedens;
1218 1415 1281 1474 quae
1301 1415 1412 1457 sursum
1434 1407 1497 1457 sunt
1515 1400 1616 1473 sapite,
1638 1415 1694 1460 non
1718 1417 1788 1478 quae
1807 1418 1900 1473 super

219 1499 322 1563 cantes,
344 1491 387 1550 vel
409 1498 538 1566 tanquam
557 1489 648 1548 socios
665 1489 753 1560 iudae,
772 1489 801 1545 in
817 1505 898 1563 quern
912 1488 1022 1548 intravit
1075 1494 1176 1546 terram
1192 1489 1308 1560 (Coloss.
1324 1504 1366 1560 ιιι,
1379 1488 1501 1562 l,2):ut
1514 1489 1746 1563 quemadmodum
1763 1485 1899 1548 Christus

219 1579 333 1639 Satanas
347 1588 409 1655 post
423 1581 574 1640 buccellam
590 1577 683 1652 (loun.
696 1595 759 1650 ιιιιι,
775 1579 833 1652 ti).
988 1581 992 1584 ’
1072 1578 1228 1640 resurrexit
1242 1595 1257 1634 a
1272 1579 1386 1636 mortuis
1404 1595 1455 1652 per
1478 1577 1592 1654 gloriam
1614 1573 1712 1654 Patris,
1735 1581 1780 1639 ila
1796 1587 1828 1639 et
1847 1598 1897 1639 ros
1947 1621 1948 1654 5

255 1675 300 1728 18.
315 1667 370 1728 Sed
384 1671 449 1745 quid
463 1670 498 1727 ad
512 1685 573 1740 nos,
588 1669 698 1736 iratres,
713 1668 748 1726 de
763 1667 805 1724 bis
820 1667 866 1743 qui
879 1667 945 1726 foris
959 1672 1022 1724 sunt
1073 1656 1102 1726 in
1112 1667 1233 1726 novitate
1251 1668 1314 1726 vitae
1334 1666 1479 1726 ambuletis
1492 1669 1584 1742 (Rom.
1601 1687 1640 1742 rr,
1656 1672 1751 1745 l];'nt
1772 1689 1791 1730 a
1806 1689 1897 1731 saecu
1947 1657 1948 1660 ¹

219 1753 367 1832 judicare?
381 1760 432 1818 nisi
442 1761 515 1836 qnod
528 1760 557 1816 in
567 1757 665 1816 eodem
680 1773 735 1816 non
750 1756 832 1815 huisse
841 1757 939 1832 laqueo
948 1760 1023 1832 plan·
1075 1758 1125 1815 lari
1140 1757 1235 1816 laetitia
1250 1765 1278 1814 et
1298 1758 1487 1818 consolatione
1508 1759 1603 1817 mundi
1622 1777 1673 1834 per
1692 1762 1895 1835 companctio-
1947 1813 1948 1822 .

220 1843 318 1926 glutus,
338 1853 372 1907 ab
387 1851 484 1910 eodem
500 1855 593 1908 erutos
605 1843 782 1925 gratulamur,
798 1848 855 1906 sola
868 1849 1023 1906 misericor·
1039 1847 1062 1926 Β
1077 1865 1141 1906 nem
1169 1856 1197 1906 et
1219 1847 1367 1916 tristitiam,
1391 1865 1453 1923 quae
1481 1839 1631 1908 secundum
1659 1852 1749 1910 Deum
1776 1860 1834 1920 est,
1859 1853 1896 1907 ad

222 1939 267 1997 dia
285 1949 428 2014 operante,
450 1941 478 1998 in
497 1955 551 2014 quo
569 1934 759 1996 miserabiliter
775 1953 822 1996 eos
836 1939 952 1996 detineri
966 1939 1023 1995 lia-
1078 1939 1251 1997 devotionem
1279 1945 1411 2007 sanctam,
1438 1946 1466 1996 et
1488 1937 1658 2013 spiritualem
1686 1959 1738 2000 sos
1768 1941 1895 2000 transire

222 2036 300 2088 terna
314 2031 446 2090 charitate
461 2031 592 2088 dolemus.
614 2029 720 2086 Utinam
740 2036 830 2088 autem
845 2031 888 2088 sel
904 2046 955 2086 nos
967 2031 1024 2102 jam
1076 2027 1222 2101 gaudeatis
1236 2026 1457 2094 exsultationem,
1473 2027 1534 2102 ipso
1547 2036 1705 2100 praestante,
1722 2029 1773 2106 qui
1790 2029 1894 2088 bunn-

222 2121 391 2191 sanclilicati,
404 2130 432 2179 et
446 2121 554 2194 penitus
571 2119 653 2178 alieni
671 2120 705 2176 ab
720 2119 770 2177 hac
782 2119 881 2176 misera
896 2128 922 2176 et
939 2121 1024 2177 sacri·
1076 2118 1115 2175 rit
1129 2133 1164 2174 ex
1178 2117 1229 2175 hoc
1243 2116 1345 2174 mundo
1360 2116 1395 2173 ad
1408 2118 1526 2188 Patrem,
1541 2126 1570 2176 et
1588 2135 1639 2177 nos
1653 2137 1764 2195 quoque
1777 2123 1893 2178 trahere

220 2210 284 2284 loga
310 2199 505 2268 consuetudine
533 2208 714 2278 inveniamur,
740 2225 792 2266 nec
819 2209 968 2282 quidquam
995 2208 1023 2265 in
1078 2216 1140 2280 post
1162 2223 1202 2276 se,
1218 2207 1289 2264 etin
1303 2205 1444 2266 Gahlaeam
1458 2224 1556 2266 vocare
1571 2206 1709 2286 dignatur,
1731 2219 1762 2268 nt
1783 2221 1891 2270 semet-

222 2299 303 2358 nobis
326 2307 423 2374 pereat
448 2295 537 2358 899
552 2306 598 2356 aut
615 2299 753 2356 minuatur
772 2297 806 2354 de
822 2296 952 2356 exercitio
965 2297 1023 2370 spi·
1077 2298 1167 2373 ipsum
1188 2295 1269 2354 nohis
1290 2297 1427 2366 ostendat,
1451 2297 1498 2371 qui
1522 2305 1564 2356 est
1586 2316 1669 2374 super
1692 2299 1791 2358 omnia
1817 2301 1891 2358 Deus

222 2382 310 2446 rituali
334 2405 418 2445 sacrae
447 2387 654 2445 resurrectionis
681 2387 808 2455 adventu,
834 2386 883 2444 sed
908 2385 1024 2444 transire
1077 2386 1283 2446 benedicturis
1298 2386 1408 2446 saecula.
1426 2388 1524 2445 Amen.

220 2478 307 2552 magis
330 2485 359 2536 ct
377 2493 535 2537 excrescere
558 2473 735 2535 studeamuel
765 2475 927 2551 Quicunque
950 2475 1023 2532 enim

652 2699 689 2755 ιιι
707 2695 874 2756 rauronu
891 2696 1195 2768 nusnnnrcnorus,
1214 2696 1264 2754 ιιι
1283 2693 1449 2754 nonanus.
1503 2669 1507 2676 '

496 2818 610 2880 Slilith
632 2821 658 2878 ll
677 2819 747 2896 (li).
880 2817 883 2826 “
1039 2837 1061 2916 0
1077 2817 1175 2878 diflusa
1189 2828 1231 2877 est
1245 2819 1273 2877 in
1288 2818 1416 2890 cordibus
1429 2819 1531 2878 nostris
1548 2829 1598 2894 per
1614 2819 1744 2896 Spiritum
1759 2829 1886 2881 sanctum

220 2915 260 2970 lte
282 2913 403 2970 tectione
419 2912 588 2986 evangelica,
611 2934 622 2964 a
649 2909 738 2968 llario
752 2905 920 2982 llcpdulene,
935 2909 1024 2968 llario
1077 2909 1124 2983 qui
1137 2911 1217 2965 datus
1231 2917 1272 2966 est
1285 2909 1366 2967 nobis
1383 2910 1473 2981 (Rom.
1489 2925 1519 2978 ι,
1535 2910 1575 2980 5).

309 3001 412 3067 iacobi,
425 3006 452 3058 et
468 3003 586 3071 Satanae
604 3019 615 3052 s
633 3007 686 3057 etc.
703 3000 800 3071 (Marc.
816 3015 877 3055 xvi.
895 2997 935 3070 l.)
1113 2999 1139 3054 2.
1155 2998 1240 3055 Ροιιο
1255 2995 1319 3054 fidei
1334 2997 1426 3064 vitam,
1443 3005 1474 3053 ut
1491 2998 1547 3069 jam
1566 2997 1692 3072 diximus,
1705 2999 1733 3055 in
1750 3000 1887 3058 charitate

242 3095 283 3150 ι1.
300 3092 461 3164 Accepimus
476 3092 511 3148 ab
525 3092 655 3163 Apostolo
674 3088 802 3149 habiture
817 3088 960 3162 Christum
973 3105 1024 3162 per
1077 3085 1227 3154 constituit,
1243 3086 1288 3161 qui
1307 3085 1391 3144 tidem
1405 3101 1455 3160 per
1469 3084 1643 3146 dilectionem
1656 3089 1801 3162 perhibuit
1816 3107 1887 3165 ope·

220 3182 307 3254 fidem
326 3183 358 3240 in
372 3183 500 3240 cordibus
514 3183 620 3239 nostris
637 3179 748 3254 (Ephes.
763 3194 803 3248 ιιι,
822 3177 877 3252 tl).
893 3177 970 3234 Unde
983 3177 1023 3234 vi·
1076 3177 1141 3233 rori.
1168 3175 1236 3234 Hinc
1257 3191 1324 3250 ergo
1344 3175 1489 3250 colligitur,
1509 3177 1658 3236 recedente
1678 3179 1887 3253 Spiritalium

220 3272 301 3329 delur
315 3287 370 3329 non
384 3271 534 3346 incongrue
548 3269 663 3344 intelligi
676 3284 766 3342 posse,
783 3267 876 3324 tandiu
886 3267 1023 3325 Christum
1075 3266 1161 3335 mori;
1177 3264 1307 3340 quoniam
1325 3265 1444 3338 spiritus
1462 3273 1505 3323 est
1523 3267 1569 3340 qui
1591 3267 1710 3324 vivificat
1726 3269 1830 3340 [locu.
1847 3291 1886 3344 ιι,

219 3362 247 3419 in
271 3362 349 3420 nobis
372 3362 473 3432 vivere,
495 3360 614 3436 quandiu
637 3360 702 3418 vivit
723 3358 802 3416 tides.
825 3359 861 3414 llt
879 3365 1022 3430 postquam
1076 3353 1134 3429 dt).
1154 3356 1289 3428 Denique,
1304 3355 1327 3412 si
1340 3371 1438 3429 sapere
1453 3357 1612 3413 secundum·
1624 3373 1736 3415 carnem
1750 3377 1831 3418 mors
1846 3373 1888 3421 est

219 3451 289 3508 lides
312 3459 407 3508 nostre
433 3459 540 3508 mortua
564 3457 616 3520 est,
645 3449 762 3522 quodam
790 3447 872 3505 modo
899 3446 1023 3504 Christus
1075 3443 1168 3516 (Rom.
1191 3459 1248 3516 ιιιι,
1273 3445 1317 3516 6);
1338 3459 1394 3501 non
1417 3443 1529 3502 dubium
1546 3445 1613 3518 quin
1635 3446 1673 3503 illi
1695 3463 1776 3520 quos·
1791 3451 1886 3509 rivere

220 3547 342 3597 mortuus
360 3540 447 3596 estin
465 3539 554 3597 nobis.
574 3540 657 3594 Porro
670 3536 736 3593 lidei
753 3541 835 3594 sitam
855 3551 940 3606 opera
953 3541 1023 3591 atte—
1074 3532 1244 3602 laelabamur,
1272 3532 1392 3608 quandiu
1411 3534 1482 3591 lacta
1505 3535 1596 3593 carnis
1617 3536 1716 3609 spiritu
1735 3541 1886 3598 mortifica-

220 3634 336 3696 alantur,
352 3627 422 3683 sicut
435 3627 566 3699 scriptum
582 3632 646 3682 est:
665 3626 762 3699 Opera,
781 3641 843 3697 paee
861 3621 937 3682 dedit
950 3625 1023 3681 mihi
1075 3622 1151 3690 bant,
1179 3623 1329 3680 secundum
1359 3639 1470 3681 carnem
1497 3621 1622 3683 viventes
1650 3625 1803 3702 plangendi
1832 3633 1885 3688 sint

220 3719 317 3782 Pater,
333 3717 396 3789 ipsc
412 3714 605 3773 testimoniium
616 3714 766 3788 perhibent
780 3709 814 3769 dc
829 3727 874 3769 ane
887 3712 978 3785 (ioan.
993 3728 1019 3782 v,
1075 3719 1205 3786 tanquam
1219 3713 1329 3770 mortui.
1350 3711 1427 3770 Unde
1442 3720 1470 3770 et
1488 3713 1517 3770 in
1531 3714 1629 3772 eodem
1648 3715 1773 3788 apostolo
1793 3717 1882 3793 legis:

219 3803 277 3878 ³6).
289 3803 348 3862 Nec
358 3802 624 3878 discreparevidetur
632 3805 665 3860 ab
675 3801 877 3872 hacsententis,
885 3801 932 3875 qui
940 3800 1020 3858 fidem
1074 3793 1888 3878 St,inqust,secundnmccrnemvixeritis‚ncoriemini;si

219 3895 279 3952 sine
299 3895 432 3968 operibus.
448 3905 584 3953 mortuam
606 3893 703 3950 asserit
726 3893 754 3949 iu
778 3892 927 3964 semetipso
947 3891 1019 3963 (luc.
1075 3895 1288 3968 notemspiritu
1306 3897 1388 3968 suctu
1406 3896 1504 3952 carnis
1519 3895 1773 3968 mortificaveritis,
1785 3900 1885 3955 rubetis

219 3999 248 4053 ιι,
265 3984 320 4060 20).
336 3983 411 4043 Sicut
425 3985 498 4043 enirn
508 3983 631 4057 corporis
640 3983 722 4052 hujus
735 3981 817 4040 vitam
831 3996 865 4038 ex
879 3987 961 4038 ιιιοιιι1
971 3995 1020 4037 suo
1074 3980 1163 4054 libid,
1185 3983 1241 4055 la).
1269 3981 1316 4039 Vae
1335 3981 1394 4052 tibi,
1419 3983 1576 4058 quicunque
1595 4001 1637 4052 es,
1658 3985 1733 4043 canis
1752 4003 1885 4044 reversus

156 4067 161 4080 '
218 4071 412 4150 dignoscimus,
436 4074 473 4129 ita
495 4080 524 4130 et
543 4072 607 4129 fidei
625 4071 708 4130 vitam
732 4087 767 4127 en
785 4070 913 4142 operibus
931 4069 1018 4128 bonis.
1075 4071 1260 4140 adtonitum,
1281 4079 1309 4130 et
1323 4087 1369 4129 sus
1382 4073 1437 4130 lota
1451 4072 1479 4130 in
1493 4073 1637 4134 volutabro
1661 4075 1710 4132 luti
1726 4077 1767 4146 (ll
1804 4080 1882 4136 Patr.

217 4165 314 4238 ltaque
332 4163 387 4222 rita
410 4162 521 4236 quidem
542 4161 665 4235 corporis
682 4168 724 4217 est
747 4159 846 4228 anima,
870 4175 921 4230 per
939 4175 1020 4232 quarn
1036 4153 1059 4233 ὓ
1075 4177 1106 4230 ιι,
1122 4159 1187 4235 22))
1203 4161 1264 4218 Νοιι
1277 4163 1316 4219 sd
1327 4177 1376 4220 eos
1390 4169 1495 4220 tanturn
1508 4163 1607 4238 loquor
1620 4164 1668 4238 qui
1686 4181 1817 4239 corpore,
1832 4168 1883 4224 sed

219 4260 345 4310 movetur
359 4259 387 4310 et
401 4250 503 4319 sentit3
521 4252 655 4309 vitavero
674 4247 739 4306 fidei
759 4245 876 4306 charitas
890 4257 945 4318 est,
958 4249 1021 4321 qula
1075 4249 1157 4307 etiam
1176 4263 1225 4306 eos
1246 4250 1293 4324 qui
1312 4249 1396 4309 corde
1416 4252 1533 4312 redeunt
1551 4253 1580 4309 in
1597 4253 1759 4330 AEgyptum,
1789 4255 1884 4314 saeculi

218 4358 269 4415 per
290 4339 363 4398 illam
385 4348 523 4413 operatur,
546 4339 615 4396 sicut
632 4340 660 4396 in
683 4339 813 4411 Apostolo
834 4338 902 4416 legis
918 4357 924 4398 ε
941 4339 1021 4396 Fides
1073 4339 1369 4412 hujusoblcatanrenta
1384 4346 1531 4413 sectantes,
1543 4342 1700 4416 acproinde
1714 4343 1782 4403 fidei
1799 4346 1883 4404 vitan

218 4449 282 4507 quae
290 4445 342 4506 per
355 4431 537 4491 dilectionem
547 4434 681 4504 operatur
690 4429 797 4503 (Galat.
808 4445 836 4500 u,
849 4429 887 4502 6).
903 4429 981 4486 Unde
993 4435 1021 4484 ct
1073 4445 1134 4502 quae
1149 4435 1191 4486 est
1204 4429 1333 4500 charitas,
1350 4445 1406 4488 non
1419 4432 1563 4489 habentes.
1584 4431 1613 4490 Si
1627 4433 1689 4508 quis
1701 4430 1883 4492 meniu

220 4521 421 4596 refrigescente
446 4519 579 4577 charitate
604 4519 672 4576 fides
695 4519 815 4587 moritur,
834 4517 904 4575 sicut
922 4533 1021 4591 corpus
1073 4517 1313 4596 dlligit'mundum,
1327 4537 1382 4580 non
1398 4529 1441 4579 est
1461 4522 1880 4595 anantes·Patrisineo(tJoca.

218 4612 307 4671 aninn
328 4611 488 4668 recedente.
514 4608 554 4666 Tu
578 4625 645 4683 ergo
664 4609 686 4666 si
708 4607 808 4666 videris
830 4608 968 4666 hominem
990 4608 1019 4666 in
1073 4627 1105 4678 ιι,
1121 4611 1176 4684 lb).
1192 4611 1258 4682 Quis
1277 4612 1365 4686 magis
1383 4619 1504 4672 mortuus
1525 4627 1567 4682 eo,
1589 4614 1635 4688 qui
1650 4613 1723 4673 louet
1741 4614 1841 4691 ignem
1855 4619 1882 4674 in

219 4700 297 4758 honis
316 4699 446 4772 operibus
465 4705 616 4767 strenuum,
637 4703 664 4755 et
679 4697 785 4756 fervore
805 4694 1020 4756 conversationis
1072 4700 1143 4767 sinn,
1174 4709 1316 4774 peccatum
1349 4701 1377 4758 in
1397 4701 1588 4777 conscientia;
1618 4719 1671 4762 nec
1702 4705 1797 4772 sentit,
1831 4723 1883 4764 nec

218 4790 347 4860 bilarem;
364 4789 455 4847 viuere
469 4789 497 4845 in
513 4802 546 4846 eo
560 4785 641 4848 lidern
661 4804 715 4846 non
732 4787 849 4860 dubites,
867 4785 1019 4843 indubitata
1071 4789 1238 4864 expavescit,
1254 4805 1306 4848 nec
1325 4789 1450 4850 excutit?
1581 4847 1583 4850 .

219 4885 319 4936 tenens
331 4878 395 4935 ritae
405 4873 476 4934 illius
490 4883 656 4951 argumenta.
669 4877 724 4936 Sed
739 4885 802 4934 sunt
812 4875 944 4944 nonnulli,
961 4875 1017 4949 qui,
1096 4879 1135 4935 '3.
1158 4877 1230 4934 Ecce
1248 4877 1333 4951 igitur
1351 4879 1472 4936 Christus
1488 4877 1517 4935 in
1532 4877 1668 4953 sepulcro,
1683 4877 1754 4938 fides
1771 4889 1883 4940 mortua

133 5018 139 5028 .
218 4983 280 5025 curn
298 4965 395 5040 spiritu
419 4966 559 5039 coeperint,
583 4966 651 5025 haul
673 4977 756 5026 earne
776 4973 872 5038 postea
891 4979 1018 5022 consum·
1073 4971 1115 5022 est
1140 4965 1170 5021 in
1198 4965 1299 5022 animo.
1327 4965 1399 5036 Quid
1427 4965 1560 5026 iaciemus
1581 4967 1637 5026 eit
1657 4967 1729 5041 Quid
1751 4968 1883 5030 lecerunt

218 5063 337 5116 mantua.
363 5055 469 5113 Scimus
492 5064 582 5114 autem
600 5058 664 5130 quia
682 5057 739 5128 jam
759 5063 826 5112 tunc
845 5067 899 5109 non
914 5065 1019 5125 pernre-
1072 5061 1174 5111 sanctae
1188 5053 1326 5126 mulieres,
1336 5071 1397 5130 quae
1412 5055 1481 5114 solae
1495 5073 1529 5115 ex
1540 5056 1666 5116 omnibus
1680 5058 1736 5115 suls
1750 5061 1882 5134 ampliori

218 5148 320 5208 nertin
335 5147 375 5206 eis
385 5147 496 5220 spiritus
506 5147 578 5221 vitae,
594 5148 657 5222 quia
667 5145 798 5218 scripturn
809 5148 852 5199 est
867 5160 873 5200 ε
890 5143 950 5201 Non
957 5157 1019 5217 per·
1072 5147 1236 5204 tenebantur
1249 5145 1373 5203 affectui
1389 5149 1529 5206 Emernnt
1539 5155 1677 5218 cremato,
1688 5153 1882 5212 ataententes

218 5237 344 5297 manebit
356 5240 475 5313 spiritns
486 5255 564 5297 meus
579 5239 611 5295 in
627 5237 739 5296 homine
753 5235 785 5289 in
801 5237 1020 5309 normamque
1071 5241 1211 5310 augment
1234 5238 1341 5295 Iesum.
1365 5237 1493 5311 Nunquid
1515 5245 1545 5296 nt
1567 5239 1755 5297 suscitarent?
1774 5244 1811 5300 Et
1830 5261 1881 5301 nos

218 5344 284 5386 curo
298 5333 341 5386 cst
351 5327 432 5402 (den.
447 5344 487 5399 ιι,
499 5331 537 5401 3).
549 5327 628 5398 Quod
643 5324 666 5381 si
680 5339 736 5380 non
745 5329 888 5396 permanet
898 5323 1016 5397 spiritus,
1072 5311 1181 5395 scimus,
1198 5326 1308 5398 iratres,
1324 5327 1387 5400 quia
1405 5328 1537 5388 suscitare
1551 5336 1675 5387 nostrum
1689 5345 1745 5389 non
1759 5340 1816 5402 est,
1831 5335 1880 5392 sed

219 5418 291 5476 haud
307 5417 418 5476 dubium
439 5417 504 5492 quin
524 5414 632 5474 excidat
655 5412 783 5485 ¹charitas,
810 5429 872 5486 quae
890 5411 1019 5472 nimirum
1072 5432 1177 5492 ungere
1196 5417 1275 5474 nobis
1293 5415 1435 5475 incumbit.
1457 5419 1511 5476 tlur
1522 5420 1574 5477 hoc
1587 5421 1602 5476 2
1616 5419 1722 5496 Nempe
1740 5437 1778 5480 ne
1793 5423 1880 5483 letan

254 5542 318 5616 (23)
332 5541 376 5600 Sic
394 5552 516 5602 veterem
535 5555 690 5597 sennonunr
709 5537 875 5612 paschalium
893 5540 1019 5598 ordinem
1073 5555 1230 5598 sermonem
1255 5538 1363 5596 tertium
1390 5539 1453 5596 olim
1481 5541 1755 5603 cadomi-isolebet.
1776 5547 1881 5614 Conlu

220 5613 387 5673 restituimus
395 5632 436 5674 ex
450 5611 641 5685 manuscriptis
660 5619 688 5669 et
700 5611 795 5685 primis
813 5611 901 5684 editis,
919 5613 1019 5671 omisso
1074 5627 1230 5670 sermonem
1249 5616 1282 5671 58
1303 5611 1343 5668 De
1358 5609 1483 5672 diversis.

221 5686 265 5745 hic
286 5702 414 5744 sermone
437 5685 473 5742 lt
494 5683 535 5740 De
558 5683 681 5751 diversis,
706 5683 754 5756 qni
774 5691 836 5754 post
859 5693 1019 5757 sequentem
