4150 6348
154 467 207 527 553
765 457 997 522 stationibus
1019 459 1180 524 balantia.
1285 491 1311 504 ·’
1748 469 1800 531 554

153 591 265 663 pudoris
278 586 419 647 vinculum
432 597 479 646 rut
493 587 688 654 obliviscimur,
707 592 753 642 aut
766 584 950 656 abrumpimus
965 601 989 680 st
1004 585 1093 642 lorum
1114 586 1143 644 in
1167 578 1330 660 pmtnndum
1350 577 1503 666 negationis
1525 581 1731 672 submergitur:
1746 610 1801 654 non

152 680 215 737 cito.
230 681 282 737 Est
294 686 387 738 auum
399 679 448 752 qui
461 678 544 735 clavis
564 676 708 748 configitur
728 674 845 732 Domino
863 675 949 744 maje-
1003 684 1147 732 esttamen
1161 679 1206 748 qni
1220 676 1256 734 de
1270 693 1352 734 ruanu
1361 679 1411 736 Dei
1425 680 1512 752 possit
1522 697 1629 739 eruere.
1645 685 1715 754 Quos
1729 684 1800 740 eninr

151 768 240 840 atatis,
256 783 339 840 quem
354 767 433 826 timor
449 767 493 824 Dei
510 767 587 842 ligat,
606 766 654 839 qui
669 779 722 822 non
746 763 901 838 expavescit
916 764 949 820 ad
1001 765 1277 837 praedestinavit,boa
1291 771 1319 825 et
1334 770 1461 826 uocauit:
1478 773 1507 827 et
1520 772 1764 843 qttoavocouit,ltoa
1774 777 1802 832 ei

152 858 244 914 vultus
268 855 419 923 bominum,
441 855 490 912 sed
520 855 733 912 admemoriam
760 854 949 928 gehennalium
998 853 1171 924 justificavit
1185 854 1276 926 (Rom.
1301 871 1362 924 vrit,
1386 855 1442 929 30).
1462 856 1559 912 Nonne
1580 858 1643 915 baie
1664 860 1802 916 adherere

152 953 366 1014 tormentorum
382 951 409 1001 et
430 944 474 1000 bic
489 942 598 1015 quidem
621 958 734 1016 peccare
759 957 815 998 non
843 944 949 1008 metuit,
1003 939 1062 996 Deo
1074 941 1175 998 bonnm
1190 945 1251 1000 est?
1262 943 1394 1019 Quaerite,
1405 944 1632 1018 fratres,quaerite
1645 945 1801 1010 Dominum,

152 1033 201 1089 ced
214 1034 320 1092 ardere.
337 1031 436 1089 Durius
452 1041 541 1088 umen
553 1040 581 1088 et
599 1031 697 1088 fortius
712 1029 799 1103 primo
814 1028 950 1100 imprimi·
1003 1036 1030 1083 et
1042 1029 1253 1101 confirmamini;
1270 1033 1384 1105 qnaerite
1398 1032 1496 1092 leolam
1511 1033 1571 1104 ejus
1590 1049 1699 1107 semper
1712 1033 1800 1106 (Paul.

153 1133 197 1178 tnr
210 1139 218 1186 ς
233 1122 295 1194 quia
309 1136 370 1178 cum
393 1119 438 1176 ille
452 1119 558 1177 vacillet
571 1119 600 1174 in
613 1118 762 1192 proposito,
780 1119 830 1174 iste
852 1132 951 1189 propo·
1003 1129 1059 1184 stv,
1075 1118 1114 1190 l).
1137 1116 1254 1188 Quaerite
1281 1120 1437 1191 Dominum,
1463 1130 1490 1179 et
1509 1121 1581 1180 vivat
1604 1121 1693 1178 anima
1714 1129 1803 1180 vestra

154 1209 235 1266 situm
250 1225 305 1266 non
321 1208 427 1266 amittit.
443 1208 551 1266 Tertius
565 1225 630 1266 vero
644 1207 747 1282 glutine
761 1208 787 1263 ei
808 1205 950 1282 couqluti-
1003 1206 1091 1276 (Prot.
1106 1209 1217 1276 araur„
1231 1208 1286 1281 13).
1303 1211 1336 1267 at
1351 1213 1451 1268 ocimo
1471 1225 1544 1279 mco,
1562 1209 1655 1282 inquit,
1666 1209 1713 1266 titt
1730 1211 1803 1268 vivet

156 1305 244 1368 natur,
254 1297 282 1352 id
292 1303 334 1354 est
348 1297 486 1364 charitate,
503 1296 550 1369 qui
561 1307 613 1352 tam
627 1295 745 1354 suaviter
758 1308 840 1367 quam
855 1309 951 1350 secure
1004 1293 1091 1362 (Psoi.
1106 1311 1163 1362 xxi,
1178 1295 1234 1369 ³1),
1256 1313 1316 1370 quae
1335 1299 1436 1356 munde
1453 1305 1626 1356 mortuaest.
1650 1296 1718 1368 Quae
1730 1297 1803 1354 enim

157 1386 254 1458 ligatus
268 1385 410 1441 adhaerens
424 1385 491 1451 Deo,
505 1398 577 1440 unus
593 1382 753 1455 spiritusest
768 1397 830 1438 cum
842 1395 886 1438 eo.
898 1381 951 1437 iste
1003 1383 1105 1440 mundo
1120 1383 1198 1457 vivit,
1213 1401 1268 1442 non
1286 1385 1326 1444 illi
1342 1388 1416 1446 vivit.
1433 1387 1552 1461 Sicergo
1566 1402 1800 1460 quaramuseum,

154 1484 196 1531 est
209 1475 255 1546 qui
269 1489 449 1547 quacunque,
462 1474 650 1544 undecunque,
660 1471 717 1528 sive
731 1485 792 1543 qnoe
806 1469 880 1538 iacit,
893 1469 951 1526 sive
1004 1479 1033 1526 ut
1046 1481 1074 1526 et
1087 1487 1194 1542 semper
1206 1491 1372 1547 qnaeramus,
1381 1483 1409 1532 et
1422 1476 1599 1532 cumvenerit
1608 1489 1800 1548 quaererenos,

155 1579 216 1636 qua
233 1562 260 1620 ei
274 1557 355 1635 liunt,
367 1563 401 1618 ad
418 1577 500 1620 sunm
514 1559 687 1617 commodum
702 1566 850 1616 revocatet
864 1566 951 1615 retor·
1003 1558 1210 1616 dicatdenobia:
1224 1564 1287 1620 liora
1302 1566 1497 1636 cstqecerait'o
1518 1565 1709 1638 quaerentium
1724 1580 1800 1634 eum,

155 1659 231 1726 quet.
251 1652 351 1709 Beatus
365 1649 521 1720 hujusmodi
535 1650 618 1707 borne
631 1655 658 1706 et
670 1647 832 1704 abundantis
842 1644 953 1717 spiritus
1004 1650 1305 1721 quoercatiamforlem
1314 1653 1454 1711 dmiccob
1464 1653 1552 1726 (Paul.
1564 1669 1642 1722 xxarr,
1651 1653 1690 1726 6).
1704 1652 1803 1726 Sisque

154 1739 273 1798 influens
281 1741 429 1810 majestate,
440 1738 488 1810 qni
497 1737 597 1806 suave,
608 1745 636 1794 et
647 1743 744 1793 undas
753 1743 842 1807 portat
854 1749 953 1790 omnes
1005 1736 1254 1809 aperiantnrportae
1267 1741 1418 1806 eternales,
1435 1748 1463 1796 et
1477 1739 1645 1799 introcatrex
1663 1741 1758 1816 gloriae
1776 1750 1803 1798 et

155 1835 183 1885 et
200 1827 526 1901 neminemone'ratipse:
544 1827 590 1900 qni
607 1824 751 1882 terribilius
759 1834 786 1880 et
794 1820 952 1881 horribilius
1005 1837 1055 1880 nos
1064 1839 1125 1881 cunt
1135 1826 1191 1894 illo,
1201 1826 1296 1900 quiest
1304 1827 1544 1887 Deusbenedictus
1553 1829 1695 1890 insaecula.
1703 1829 1800 1888 Amen.

155 1917 218 1990 ipsa
241 1919 366 1990 gebenna
383 1916 487 1987 judicat
517 1915 545 1971 in
568 1913 662 1972 revel
689 1911 825 1971 levissima
846 1881 991 1967 rmtumfl
1307 1915 1425 1974 sabato
1444 1917 1480 1974 V.

156 2004 355 2079 omnipotentis
387 2004 502 2061 scienter
528 2002 677 2060 oilendere
704 1999 753 2058 Hic
775 2005 816 2056 est
836 1998 950 2056 fratrum
1005 2003 1140 2062 beveriis
1150 2003 1801 2079 Hod.,rr‚t,sSupercustodt'ommaomstabo.»

155 2103 260 2150 amator
274 2092 409 2167 et'populi
424 2090 517 2149 lsrael.
533 2091 581 2148 liic
589 2097 631 2146 est
645 2087 694 2162 qni
702 2088 814 2145 multum
828 2093 887 2144 orat
902 2101 951 2159 pro
1041 2095 1066 2146 t.
1078 2090 1400 2168 LegimusinEvanqelio,
1416 2093 1805 2166 quodpraedicantealiquando

154 2182 354 2254 populo,etpro
362 2181 473 2238 civitate
481 2174 953 2247 uneutamsalen(1tttucbab.xv‚
1005 2179 1159 2252 Salvatore,
1174 2189 1201 2238 et
1212 2182 1263 2238 snb
1278 2181 1405 2253 mysterio
1419 2181 1518 2238 edendi
1533 2181 1658 2254 corporis
1668 2183 1708 2237 sui
1720 2182 1804 2239 disci·

157 2269 215 2342 tt).
227 2263 952 2337 thttnobonumcst,aitlaaias(lsoixn1‚i).Bonnm
1006 2266 1085 2337 pulos
1107 2266 1141 2322 ad
1163 2267 1415 2326 communicandum
1436 2269 1608 2340 passionibus
1631 2269 1688 2324 auis
1710 2267 1807 2326 admo·

155 2369 211 2430 est,
224 2373 316 2418 revera
327 2365 353 2415 et
359 2355 591 2428 jucundumque
603 2355 655 2411 alia
667 2355 732 2420 duo,
745 2369 779 2409 ne
793 2353 863 2409 mala
874 2351 953 2407 dise-
1005 2364 1096 2424 nerrte,
1121 2353 1237 2413 dixerint
1258 2355 1387 2428 quidam:
1413 2356 1506 2417 Durus
1523 2362 1564 2414 est
1581 2356 1627 2414 bic
1648 2372 1757 2426 serator
1774 2367 1802 2416 et

156 2447 219 2516 rim,
234 2447 434 2518 comparatione
446 2445 524 2502 istius
539 2444 636 2516 gravia
649 2451 677 2498 et
691 2439 870 2513 importabilia
879 2446 952 2495 aaut·
1007 2459 1044 2500 ex
1067 2446 1119 2501 boc
1139 2445 1195 2515 jam
1219 2460 1272 2502 non
1297 2445 1399 2503 luerint
1420 2461 1483 2503 cum
1498 2461 1541 2503 eo.
1557 2445 1720 2519 interrogati
1740 2461 1806 2504 vero

192 2536 220 2591 i.
237 2533 289 2590 Sed
303 2533 349 2591 ille
363 2533 515 2590 misericors
528 2533 633 2598 oculas,
647 2529 693 2601 qui
708 2530 782 2586 novit
795 2525 955 2600 figmentum
1008 2531 1136 2603 discipuli
1149 2549 1182 2589 an
1193 2541 1220 2589 et
1232 2533 1283 2606 ipsi
1296 2533 1396 2592 vellent
1410 2535 1500 2592 abire:
1522 2537 1650 2603 Domine,
1668 2533 1807 2606 inquiunt,

155 2631 291 2690 nostrum,
311 2625 449 2680 neminem
464 2621 652 2678 sdvaudorum
666 2616 778 2674 dimittit
803 2617 831 2671 in
856 2615 955 2688 primo,
1008 2621 1045 2677 od
1058 2621 1362 2694 quamtbtmcsroerba
1373 2623 1440 2680 oitoe
1450 2621 1755 2694 oeicmoebobesiioort.
1768 2637 1810 2695 vr,

155 2713 206 2767 sed
219 2710 384 2782 provelritad
396 2710 596 2775 secundnm;et
607 2723 641 2764 ne
652 2704 804 2778 ibiquidern
813 2705 953 2760 deserens.
1009 2713 1054 2782 61,
1070 2712 1115 2779 ot,
1132 2709 1237 2783 6869).
1259 2709 1298 2765 lta
1310 2709 1370 2768 dico
1394 2711 1482 2786 vobis,
1500 2711 1606 2778 iratres,
1630 2725 1714 2782 usque
1727 2710 1810 2768 bodie

156 2801 192 2856 de
211 2801 335 2858 secundo
350 2799 481 2871 perducit
503 2797 537 2854 ad
561 2795 678 2854 tertium.
703 2793 794 2850 Primo
821 2792 956 2864 siquidem
1008 2799 1189 2870 quibusquam
1204 2797 1376 2856 manifestum
1388 2809 1431 2856 eat
1452 2799 1578 2869 quonlam
1593 2798 1675 2855 verba
1689 2813 1749 2871 qoae
1762 2797 1810 2855 lo-

155 2888 222 2960 quia
235 2887 321 2957 pudet
343 2887 469 2944 deserere
495 2891 642 2942 astruentes
662 2883 706 2942 vix
732 2882 895 2938 sustinemus
922 2880 957 2935 ad
1011 2886 1203 2957 quirurtesuq
1219 2887 1330 2959 spiritus
1344 2893 1371 2942 er
1393 2887 1448 2942 vim
1461 2896 1537 2952 sunu
1560 2896 1588 2945 οι
1608 2893 1754 2960 propterea
1767 2901 1810 2942 aa.

157 2979 268 3042 borsm;
279 2975 628 3044 seeundojamtimenteset
640 2981 782 3043 sperantes
791 2969 955 3042 proficimuot
1011 2983 1133 3044 quantur
1144 2972 1237 3030 illum:
1259 2973 1321 3029 aliis
1335 2973 1402 3028 durs
1418 2971 1552 3039 videntur,
1565 2983 1593 3030 et
1606 2973 1731 3028 miseram
1742 2972 1807 3028 alibi

159 3063 243 3120 lertio
256 3061 410 3134 perficimur
422 3067 554 3119 amantes.
574 3061 619 3115 Sic
633 3060 715 3131 igitar
729 3058 835 3114 dnobus
851 3071 957 3128 pracc-
1012 3066 1136 3132 qnaernnt
1149 3060 1373 3118 consolationem.
1388 3060 1524 3134 Sapientia
1534 3061 1667 3134 siquidem
1677 3060 1704 3115 in
1714 3061 1811 3133 plateis

158 3152 288 3209 dentibus
301 3150 398 3208 timore
412 3150 513 3222 pariter
525 3157 552 3206 et
565 3149 668 3221 pudore
682 3147 811 3215 exclusis,
825 3145 853 3200 in
870 3145 957 3200 solius
1011 3149 1138 3217 clamitat,
1154 3150 1182 3206 in
1203 3151 1257 3206 lata
1275 3149 1401 3208 videlicet
1421 3158 1449 3208 et
1465 3151 1582 3223 spatiosa
1599 3149 1644 3206 ria
1659 3165 1723 3223 que
1736 3150 1811 3208 ducit

159 3241 262 3298 timoris
290 3238 459 3296 reclinatorio
481 3251 688 3295 commoramur.
716 3237 756 3291 lid
785 3241 813 3290 el
837 3233 959 3290 Christus
1012 3241 1045 3296 ad
1059 3247 1188 3308 mortem,
1205 3250 1235 3295 ut
1245 3247 1354 3296 revocet
1364 3238 1533 3296 ambulantes
1543 3253 1590 3309 per
1600 3255 1669 3294 em.
1684 3237 1829 3316 Denique·

159 3330 237 3400 priua
255 3328 361 3401 quidem
389 3328 517 3400 ligatur,
531 3326 650 3384 secundo
677 3323 856 3394 crucifigitur,
879 3320 959 3378 terrio
1015 3325 1810 3399 Qucdroqintoabab,inquiqprocimrtrsuiqertorutimrl

159 3419 298 3491 glutinosa
318 3425 468 3474 aromatum
491 3415 650 3473 inunctione
664 3414 756 3470 linitur
774 3430 782 3468 :
806 3426 861 3468 non
885 3407 959 3482 qnod
1013 3415 1089 3482 buia,
1106 3415 1211 3473 ecdici
1226 3416 1361 3487 :Semper
1374 3413 1407 3472 bi
1421 3419 1521 3472 errant
1535 3414 1617 3472 corde
1631 3413 1719 3486 (Psoi.
1731 3427 1809 3482 xevt,

160 3522 231 3578 opus
243 3507 355 3562 haberet
370 3520 468 3576 corpus
480 3503 550 3559 illud
568 3501 724 3571 hujusmodi
739 3500 905 3558 aromatibus
918 3514 962 3556 so·
1013 3505 1069 3576 tt).
1086 3503 1246 3559 liubasetin
1260 3502 1313 3558 alio
1329 3502 1452 3574 psalmo:
1465 3502 1810 3562 semettomtmertbem

159 3593 250 3664 lideri,
264 3595 335 3664 qnod
350 3591 462 3650 dissolvi
475 3592 586 3647 omnino
601 3604 656 3646 non
670 3597 785 3660 poterat,
801 3595 849 3644 aut
866 3587 959 3646 videre
1012 3592 1100 3665 (Psoi.
1111 3606 1165 3662 bxi,
1178 3591 1234 3662 tt).
1246 3589 1337 3648 Semel
1346 3591 1452 3664 utique,
1461 3591 1523 3664 quia
1532 3605 1648 3662 semper.
1660 3589 1718 3646 Una
1727 3591 1810 3659 enim,

159 3683 381 3754 corruptionem
396 3679 444 3736 scd
459 3679 506 3752 qni
521 3685 632 3751 prepter
642 3690 691 3733 ucs
705 3676 864 3733 Judaeornm
881 3685 959 3748 sputa
1011 3692 1102 3740 etnon
1112 3680 1281 3751 interpolata,
1292 3679 1745 3752 sedccntinuaetperpetualoeutio
1756 3687 1809 3736 est.

158 3770 299 3836 sustinuit,
313 3778 424 3841 propter
438 3783 489 3826 nos
502 3781 610 3840 quoqne
625 3763 743 3822 bdelium
757 3779 813 3822 non
826 3770 867 3820 est
879 3763 960 3820 dedi·
1047 3773 1074 3827 a.
1095 3769 1215 3826 Revoeat
1237 3777 1324 3824 antem
1346 3775 1504 3840 peccatores
1526 3767 1561 3824 ad
1586 3783 1642 3838 eor,
1668 3770 1702 3824 de
1720 3761 1817 3826 cordis*

159 3869 261 3936 gnatas
283 3865 432 3932 unguenta.
457 3857 493 3914 Et
519 3854 639 3924 attarme,
655 3856 725 3925 qnod
742 3853 785 3910 vix
811 3853 890 3909 unius
904 3853 958 3908 diei
1013 3872 1105 3916 errore
1119 3857 1266 3928 redarguit,
1283 3870 1333 3928 pro
1353 3871 1385 3912 eo
1400 3855 1474 3928 qnod
1488 3856 1525 3913 ibi
1538 3839 1643 3914 habitet
1663 3858 1733 3928 ipse,
1756 3857 1809 3912 ibi·

159 3951 248 4022 spatio
266 3949 296 4005 in
309 3948 420 4008 innibus
442 3954 469 4004 et
488 3945 571 4004 ebais
598 3952 729 4012 moratus,
749 3959 822 4000 curru⁴
833 3943 959 3998 unctione
1011 3963 1064 4020 que
1079 3947 1217 4018 loquatur,
1229 3944 1329 4002 iaciens
1348 3945 1475 4001 nimirum
1491 3944 1563 4018 quod
1577 3944 1807 4017 docuitperpru·

159 4039 259 4105 victor,
274 4044 301 4096 et
315 4037 437 4098 victurus
450 4037 607 4108 perenniter
626 4032 781 4090 resurrexit.
798 4030 843 4087 Sic
857 4035 885 4087 et
899 4030 957 4086 ale·
1012 4035 1121 4106 phetam
1144 4033 1303 4092 dicentem:
1326 4034 1495 4106 boquomt'rtr'
1519 4032 1556 4088 ud
1578 4047 1627 4091 cor
1648 4033 1803 4090 Jerusalem

159 4135 220 4185 ctos
230 4127 259 4184 in
273 4127 380 4182 dnobus
395 4123 529 4195 praeieris
542 4137 596 4181 non
619 4120 721 4176 diutins
741 4120 840 4192 patitur
857 4119 958 4175 immo·
1010 4123 1089 4196 (lsai,
1106 4137 1150 4189 ra,
1166 4124 1205 4193 2).
1222 4125 1288 4178 Nam
1307 4121 1441 4193 Babylon,
1456 4119 1584 4194 quonism
1601 4127 1672 4176 terra
1686 4127 1736 4187 est,
1757 4135 1807 4177 nec

160 4216 230 4282 rari,
248 4215 296 4271 sed
310 4215 391 4288 ungit
403 4229 452 4270 eos
466 4212 590 4269 nnciione
613 4208 808 4266 misericordia
832 4221 899 4277 snoe,
928 4215 958 4263 ut
1011 4218 1101 4284 potest
1113 4210 1246 4268 aucunere
1262 4209 1401 4266 universos
1414 4223 1555 4266 sermones
1568 4210 1642 4279 eius;
1662 4208 1807 4279 elongatur

160 4302 282 4364 crucifixi
296 4304 406 4370 mando,
422 4310 449 4358 et
473 4301 589 4356 mundus
615 4297 679 4364 illis,
692 4297 749 4366 jam
776 4294 957 4366 resurgentia
1010 4300 1130 4365 scorde,
1145 4308 1173 4355 et
1185 4297 1214 4355 in
1227 4313 1308 4356 carne
1322 4299 1411 4370 magis
1424 4298 1552 4364 ambulat,
1562 4303 1691 4368 tanquam
1701 4304 1808 4354 monus

159 4394 280 4452 novitate
302 4390 415 4462 spiritns
436 4395 463 4445 et
483 4389 597 4445 dicant:
623 4387 688 4455 Ques
706 4401 756 4444 cor
776 4383 919 4456 reparabit
940 4399 957 4440 o
974 4367 998 4447 ss
1013 4403 1029 4443 a
1042 4389 1134 4456 eorde,
1150 4387 1204 4444 imo
1218 4393 1348 4458 tanquam
1361 4386 1487 4442 columba
1501 4387 1613 4442 seducta
1633 4399 1688 4440 non
1702 4385 1806 4440 babens

160 4481 305 4538 ebur-itote
318 4478 400 4537 Dei?
421 4477 511 4547 (liam.
526 4489 588 4544 stra,
603 4475 661 4544 35.)
1013 4491 1071 4534 eor.
1090 4473 1153 4532 Vult
1172 4474 1246 4532 enim
1264 4475 1349 4532 laetarl
1367 4491 1429 4532 enm
1453 4472 1626 4538 malefecerit,
1641 4479 1669 4528 et
1685 4471 1807 4528 exaitare

198 4572 228 4624 b.
242 4568 300 4626 iloe
313 4565 419 4643 glutino
442 4564 617 4639 agglutinavit
637 4578 687 4620 nos
704 4559 757 4618 sibi
781 4559 828 4617 ille
849 4559 960 4619 urinas
1015 4565 1042 4621 in
1052 4565 1135 4620 rebus
1154 4563 1280 4636 pessimis
1294 4579 1302 4618 a
1318 4562 1483 4634 audiensque
1497 4576 1592 4619 vocem
1606 4559 1715 4616 Domini
1725 4558 1807 4629 buius

161 4657 278 4716 intuitus
292 4675 308 4716 a
320 4655 513 4714 constitutione
525 4653 629 4720 mnndi,
649 4656 679 4708 ut
694 4665 815 4709 assemm
833 4649 921 4706 sancti
934 4653 961 4705 et
1014 4652 1088 4722 mod,
1102 4653 1201 4726 gaudia
1215 4652 1371 4708 nullatenus
1386 4649 1589 4723 approbantem,
1611 4647 1660 4704 sed
1675 4647 1810 4704 detestan-

161 4747 330 4805 immsculati
345 4748 372 4802 in
387 4751 535 4816 conspectu
557 4743 618 4810 eins
633 4740 663 4798 in
685 4738 828 4797 charitate.
858 4737 963 4795 Scimus
1016 4748 1080 4812 tem,
1099 4742 1149 4797 sed
1171 4751 1342 4815 arguentem,
1361 4739 1409 4794 aed
1431 4737 1663 4804 condemnantem,
1689 4735 1767 4810 irrqit,
1782 4743 1809 4792 et

161 4836 237 4894 enim
255 4819 377 4908 quiaqui
392 4839 472 4889 natds
496 4837 585 4888 estex
605 4829 674 4899 Deo,
696 4844 752 4886 non
774 4835 877 4899 percat,
900 4827 963 4900 quis
1016 4829 1158 4886 abscondit
1173 4845 1202 4885 ae
1216 4827 1430 4885 insimilitudine
1443 4825 1741 4898 praevaricatorisddre.
1756 4823 1810 4880 Sed

162 4925 307 4998 generatio
320 4920 439 4980 eoelestis
454 4927 545 4977 serrat
567 4933 629 4974 eum
648 4916 672 4989 (l
684 4917 767 4975 loon.
782 4931 813 4988 v,
827 4915 883 4988 te).
906 4915 963 4972 Ge·
1015 4919 1070 4974 beu
1094 4915 1151 4974 mel
1178 4933 1258 4990 quam
1270 4917 1322 4972 rile
1343 4917 1542 4988 operimentum
1578 4913 1688 4985 quaeris,
1715 4912 1812 4970 misera

162 5011 272 5068 naratio
286 5010 403 5069 coelestis
421 5015 463 5064 est
484 5016 582 5063 surra
597 5003 806 5077 proedeab'nalim
822 5019 875 5076 qua
889 5003 964 5060 Deus
1017 5004 1122 5063 animal
1146 5021 1228 5077 quarn
1255 5003 1348 5062 inutile
1368 5003 1467 5075 qnaeris
1498 5001 1711 5073 operimentum!
1737 5001 1813 5057 Folia
1881 5017 1886 5028 ·

162 5102 348 5177 praeviditnos
361 5093 580 5156 conformeslieri
590 5092 702 5164 imagini
716 5089 899 5149 amabit
909 5091 962 5149 sni.
1016 5097 1087 5152 enim
1112 5104 1250 5166 suntque
1274 5093 1389 5164 intexis;
1406 5091 1481 5160 lolia,
1496 5091 1615 5164 inquam,
1635 5104 1697 5162 quaa
1711 5089 1749 5144 nil
1764 5086 1812 5143 tibi

162 5193 205 5248 Ex
220 5191 263 5247 bis
277 5191 366 5248 nullus
380 5197 485 5260 peccat,
509 5183 535 5240 id
558 5190 608 5251 est,
632 5181 660 5237 ln
678 5190 786 5252 peccato
809 5188 965 5253 perseverat
1017 5182 1116 5240 caloris
1131 5181 1280 5255 prebeant,
1299 5181 1337 5236 nil
1359 5180 1476 5236 babeant
1487 5177 1646 5234 solididntis.
1661 5177 1728 5232 Orto
1740 5173 1814 5231 deni·

163 5281 246 5356 (82),
261 5281 325 5353 quia
337 5279 413 5334 novit
430 5270 616 5343 Dominusqui
634 5277 697 5326 snut
710 5271 784 5342 eius,
798 5276 826 5327 et
839 5269 965 5340 proposi-
1017 5286 1069 5343 qne
1082 5269 1140 5326 sole
1156 5273 1288 5338 arescent,
1312 5275 1340 5323 et
1353 5273 1451 5324 ventus
1468 5279 1550 5320 urens
1561 5262 1698 5334 disperget
1711 5259 1772 5325 illa;
1789 5265 1814 5314 te

165 5379 226 5427 tum
239 5366 291 5426 Dei
306 5371 398 5422 manet
411 5361 557 5430 immobile,
572 5357 628 5414 Etsi
650 5357 849 5416 horrendorum
874 5355 965 5412 crimi-
1017 5373 1084 5414 vero
1103 5356 1177 5412 nuda
1192 5363 1220 5412 et
1249 5353 1348 5410 misera
1373 5351 1534 5408 remanebis.
1562 5349 1638 5406 Tunc
1663 5361 1729 5422 ergo
1744 5341 1815 5401 nibil

166 5473 234 5516 num
261 5462 328 5514 nota
349 5451 434 5512 David
466 5449 600 5517 inumtur,
626 5446 677 5504 etsi
700 5444 784 5502 diaria
806 5443 966 5518 liagdalene
1020 5455 1144 5516 opertum
1158 5445 1231 5517 quod
1246 5458 1302 5499 non
1321 5438 1596 5511 ravaletnrquoniam
1615 5435 1703 5493 veniet
1723 5435 1817 5510 Domi·

165 5555 274 5620 septem
289 5541 431 5610 demoniis
444 5537 610 5612 cumulatur,
633 5536 684 5594 etsi
703 5535 828 5610 princeps
855 5541 966 5606 aposto·
1020 5549 1072 5590 nus
1095 5533 1142 5606 qui
1166 5542 1194 5590 et
1214 5529 1377 5588 illuminabit
1403 5527 1562 5586 abscondita
1586 5525 1776 5594 tenebrarum,
1791 5529 1820 5578 et

204 5653 264 5726 (82)
279 5649 381 5709 Gonier
395 5661 547 5708 sermonem
564 5647 598 5702 23
613 5645 641 5700 in
654 5640 772 5712 Cantica
783 5656 849 5697 nnm
861 5683 868 5698 .
880 5641 924 5706 lb,
940 5648 967 5696 et
1020 5638 1068 5698 lib.
1083 5639 1117 5695 de
1130 5635 1224 5695 Gratia
1234 5645 1261 5695 et
1269 5635 1368 5694 libero
1381 5633 1511 5706 Arbitrio,
1526 5648 1601 5689 num.
1617 5634 1663 5701 ιθ,
1679 5645 1744 5690 enm
1761 5643 1821 5688 ser·

167 5740 251 5784 mone
267 5729 281 5779 t
298 5724 334 5778 de
347 5717 563 5793 Septuagesima.

270 5831 394 5892 Parnon.
418 5821 586 5886 clxxxiii.
1686 5805 1733 5888 ,ta
