<?xml version="1.0" encoding="UTF-8"?>
<!DOCTYPE html PUBLIC "-//W3C//DTD XHTML 1.0 Transitional//EN"
    "http://www.w3.org/TR/xhtml1/DTD/xhtml1-transitional.dtd">
<html xmlns="http://www.w3.org/1999/xhtml" xml:lang="en" lang="en">
 <head>
  <title>
</title>
<meta http-equiv="Content-Type" content="text/html;charset=utf-8" />
  <meta name='ocr-system' content='tesseract 3.04.00' />
  <meta name='ocr-capabilities' content='ocr_page ocr_carea ocr_par ocr_line ocrx_word'/>
</head>
<body>
  <div class='ocr_page' id='page_1' title='image "./patrologiaecurs142unkngoog_0051.png"; bbox 0 0 3996 6350; ppageno 0'>
   <div class='ocr_carea' id='block_1_1' title="bbox 267 357 1941 435">
    <p class='ocr_par' dir='ltr' id='par_1_1' title="bbox 267 357 1941 435">
     <span class='ocr_line' id='line_1_1' title="bbox 267 357 1941 435; baseline -0.001 -7"><span class='ocrx_word' id='word_1_1' title='bbox 267 367 303 429; x_wconf 75' lang='lat' dir='ltr'><strong><em>b&#39;l</em></strong></span> <span class='ocrx_word' id='word_1_2' title='bbox 742 367 770 428; x_wconf 86' lang='lat' dir='ltr'><strong><em>S·</em></strong></span> <span class='ocrx_word' id='word_1_3' title='bbox 789 365 959 431; x_wconf 70' lang='lat' dir='ltr'><strong><em>temnunt</em></strong></span> <span class='ocrx_word' id='word_1_4' title='bbox 977 371 1114 435; x_wconf 76' lang='lat' dir='ltr'><strong><em>nostris</em></strong></span> <span class='ocrx_word' id='word_1_5' title='bbox 1132 367 1445 434; x_wconf 78' lang='lat' dir='ltr'><strong><em>thiiAE·thhiiNSlS</em></strong></span> <span class='ocrx_word' id='word_1_6' title='bbox 1900 357 1941 417; x_wconf 72' lang='grc'><strong><em>88</em></strong></span> 
     </span>
    </p>
   </div>
   <div class='ocr_carea' id='block_1_2' title="bbox 266 483 1939 746">
    <p class='ocr_par' dir='ltr' id='par_1_2' title="bbox 266 483 1939 746">
     <span class='ocr_line' id='line_1_2' title="bbox 270 483 1939 596; baseline -0.006 -44"><span class='ocrx_word' id='word_1_7' title='bbox 270 495 349 552; x_wconf 82' lang='lat' dir='ltr'><strong><em>turim</em></strong></span> <span class='ocrx_word' id='word_1_8' title='bbox 362 491 542 584; x_wconf 81' lang='lat' dir='ltr'><strong><em>devotionem,</em></strong></span> <span class='ocrx_word' id='word_1_9' title='bbox 558 509 640 568; x_wconf 85' lang='lat' dir='ltr'><strong><em>quun</em></strong></span> <span class='ocrx_word' id='word_1_10' title='bbox 653 487 826 552; x_wconf 86' lang='lat' dir='ltr'><strong><em>communem</em></strong></span> <span class='ocrx_word' id='word_1_11' title='bbox 841 496 995 568; x_wconf 79' lang='lat' dir='ltr'><strong><em>quaesierim</em></strong></span> <span class='ocrx_word' id='word_1_12' title='bbox 1008 497 1062 554; x_wconf 92' lang='lat' dir='ltr'><strong><em>uti·</em></strong></span> <span class='ocrx_word' id='word_1_13' title='bbox 1079 518 1103 596; x_wconf 64' lang='lat' dir='ltr'><strong><em>p</em></strong></span> <span class='ocrx_word' id='word_1_14' title='bbox 1120 515 1211 558; x_wconf 92' lang='lat' dir='ltr'><strong><em>meum</em></strong></span> <span class='ocrx_word' id='word_1_15' title='bbox 1233 495 1430 572; x_wconf 71' lang='lat' dir='ltr'>qualecumque</span> <span class='ocrx_word' id='word_1_16' title='bbox 1450 493 1611 568; x_wconf 78' lang='lat' dir='ltr'><strong><em>opusculum</em></strong></span> <span class='ocrx_word' id='word_1_17' title='bbox 1630 486 1810 550; x_wconf 80' lang='lat' dir='ltr'><strong><em>devotissime</em></strong></span> <span class='ocrx_word' id='word_1_18' title='bbox 1835 483 1939 544; x_wconf 84' lang='lat' dir='ltr'><strong><em>desti·</em></strong></span> 
     </span>
     <span class='ocr_line' id='line_1_3' title="bbox 267 580 1190 658; baseline 0.004 -18"><span class='ocrx_word' id='word_1_19' title='bbox 267 585 388 650; x_wconf 81' lang='lat' dir='ltr'><strong><em>litatem3</em></strong></span> <span class='ocrx_word' id='word_1_20' title='bbox 404 580 564 655; x_wconf 89' lang='lat' dir='ltr'><strong><em>potenserit</em></strong></span> <span class='ocrx_word' id='word_1_21' title='bbox 577 581 624 655; x_wconf 91' lang='lat' dir='ltr'><strong><em>pia</em></strong></span> <span class='ocrx_word' id='word_1_22' title='bbox 638 583 724 658; x_wconf 84' lang='lat' dir='ltr'><strong><em>Virgo</em></strong></span> <span class='ocrx_word' id='word_1_23' title='bbox 733 583 806 656; x_wconf 91' lang='lat' dir='ltr'><strong><em>apud</em></strong></span> <span class='ocrx_word' id='word_1_24' title='bbox 818 600 898 641; x_wconf 88' lang='lat' dir='ltr'><strong><em>suurn</em></strong></span> <span class='ocrx_word' id='word_1_25' title='bbox 911 584 1064 644; x_wconf 87' lang='lat' dir='ltr'><strong><em>misericor·</em></strong></span> <span class='ocrx_word' id='word_1_26' title='bbox 1120 588 1190 645; x_wconf 87' lang='lat' dir='ltr'><strong><em>navi.</em></strong></span> 
     </span>
     <span class='ocr_line' id='line_1_4' title="bbox 266 671 1064 746; baseline 0.004 -16"><span class='ocrx_word' id='word_1_27' title='bbox 266 674 326 730; x_wconf 82' lang='lat' dir='ltr'><strong><em>deur</em></strong></span> <span class='ocrx_word' id='word_1_28' title='bbox 341 671 438 728; x_wconf 84' lang='lat' dir='ltr'><strong><em>Filium</em></strong></span> <span class='ocrx_word' id='word_1_29' title='bbox 457 672 510 728; x_wconf 91' lang='lat' dir='ltr'><strong><em>boc</em></strong></span> <span class='ocrx_word' id='word_1_30' title='bbox 529 686 620 729; x_wconf 88' lang='lat' dir='ltr'><strong><em>meum</em></strong></span> <span class='ocrx_word' id='word_1_31' title='bbox 640 688 773 730; x_wconf 83' lang='lat' dir='ltr'><strong><em>excusare</em></strong></span> <span class='ocrx_word' id='word_1_32' title='bbox 786 681 940 746; x_wconf 86' lang='lat' dir='ltr'><strong><em>peccatum,</em></strong></span> <span class='ocrx_word' id='word_1_33' title='bbox 955 676 998 732; x_wconf 89' lang='lat' dir='ltr'><strong><em>cui</em></strong></span> <span class='ocrx_word' id='word_1_34' title='bbox 1013 677 1064 733; x_wconf 91' lang='lat' dir='ltr'><strong><em>hoc</em></strong></span> 
     </span>
    </p>
   </div>
   <div class='ocr_carea' id='block_1_3' title="bbox 752 790 1431 907">
    <p class='ocr_par' dir='ltr' id='par_1_3' title="bbox 752 790 1431 907">
     <span class='ocr_line' id='line_1_5' title="bbox 752 790 1431 907; baseline 0 -25"><span class='ocrx_word' id='word_1_35' title='bbox 752 820 793 886; x_wconf 86' lang='lat' dir='ltr'><strong><em>ru</em></strong></span> <span class='ocrx_word' id='word_1_36' title='bbox 825 820 973 887; x_wconf 83' lang='lat' dir='ltr'><strong><em>vietum</em></strong></span> <span class='ocrx_word' id='word_1_37' title='bbox 1002 790 1250 907; x_wconf 74' lang='lat' dir='ltr'><strong><em>nautriacus</em></strong></span> <span class='ocrx_word' id='word_1_38' title='bbox 1281 817 1431 884; x_wconf 78' lang='lat' dir='ltr'><strong><em>nouum.</em></strong></span> 
     </span>
    </p>
   </div>
   <div class='ocr_carea' id='block_1_4' title="bbox 176 958 1973 3253">
    <p class='ocr_par' dir='ltr' id='par_1_4' title="bbox 588 958 1934 1037">
     <span class='ocr_line' id='line_1_6' title="bbox 588 958 1934 1037; baseline -0.004 -17"><span class='ocrx_word' id='word_1_39' title='bbox 588 963 706 1021; x_wconf 76' lang='lat' dir='ltr'><strong><em>SEBBO</em></strong></span> <span class='ocrx_word' id='word_1_40' title='bbox 721 965 742 1021; x_wconf 90' lang='lat' dir='ltr'><strong><em>i.</em></strong></span> <span class='ocrx_word' id='word_1_41' title='bbox 1118 964 1283 1036; x_wconf 82' lang='lat' dir='ltr'><strong><em>unigenitia</em></strong></span> <span class='ocrx_word' id='word_1_42' title='bbox 1305 967 1396 1025; x_wconf 88' lang='lat' dir='ltr'><strong><em>Putre.</em></strong></span> <span class='ocrx_word' id='word_1_43' title='bbox 1417 961 1569 1037; x_wconf 73' lang='lat' dir='ltr'><strong><em>despicate,</em></strong></span> <span class='ocrx_word' id='word_1_44' title='bbox 1592 960 1711 1034; x_wconf 85' lang='lat' dir='ltr'><strong><em>perditi;</em></strong></span> <span class='ocrx_word' id='word_1_45' title='bbox 1734 958 1813 1018; x_wconf 82' lang='lat' dir='ltr'><strong><em>venit</em></strong></span> <span class='ocrx_word' id='word_1_46' title='bbox 1842 959 1934 1015; x_wconf 81' lang='lat' dir='ltr'><strong><em>Jcsus</em></strong></span> 
     </span>
    </p>

    <p class='ocr_par' dir='ltr' id='par_1_5' title="bbox 266 1046 1973 1216">
     <span class='ocr_line' id='line_1_7' title="bbox 266 1046 1973 1132; baseline -0.009 -16"><span class='ocrx_word' id='word_1_47' title='bbox 266 1059 306 1116; x_wconf 84' lang='lat' dir='ltr'><strong><em>Dc</em></strong></span> <span class='ocrx_word' id='word_1_48' title='bbox 319 1055 554 1132; x_wconf 79' lang='lat' dir='ltr'><strong><em>pronuntiatione</em></strong></span> <span class='ocrx_word' id='word_1_49' title='bbox 563 1055 763 1127; x_wconf 80' lang='lat' dir='ltr'><strong><em>llurtyrolopit,</em></strong></span> <span class='ocrx_word' id='word_1_50' title='bbox 783 1075 794 1106; x_wconf 82' lang='grc' dir='ltr'><strong>ι</strong></span> <span class='ocrx_word' id='word_1_51' title='bbox 811 1057 892 1114; x_wconf 78' lang='lat' dir='ltr'><strong><em>tetes</em></strong></span> <span class='ocrx_word' id='word_1_52' title='bbox 917 1055 1058 1125; x_wconf 82' lang='lat' dir='ltr'><strong><em>Christus,</em></strong></span> <span class='ocrx_word' id='word_1_53' title='bbox 1115 1068 1240 1126; x_wconf 78' lang='lat' dir='ltr'><strong><em>quaerere</em></strong></span> <span class='ocrx_word' id='word_1_54' title='bbox 1258 1059 1286 1110; x_wconf 89' lang='lat' dir='ltr'><strong><em>et</em></strong></span> <span class='ocrx_word' id='word_1_55' title='bbox 1308 1053 1412 1111; x_wconf 83' lang='lat' dir='ltr'><strong><em>salvum</em></strong></span> <span class='ocrx_word' id='word_1_56' title='bbox 1432 1050 1523 1108; x_wconf 86' lang='lat' dir='ltr'><strong><em>iacere</em></strong></span> <span class='ocrx_word' id='word_1_57' title='bbox 1543 1049 1615 1127; x_wconf 93' lang='lat' dir='ltr'><strong><em>quod</em></strong></span> <span class='ocrx_word' id='word_1_58' title='bbox 1637 1049 1766 1121; x_wconf 85' lang='lat' dir='ltr'><strong><em>perierat.</em></strong></span> <span class='ocrx_word' id='word_1_59' title='bbox 1785 1046 1931 1112; x_wconf 85' lang='lat' dir='ltr'><strong><em>Blcrbidi,</em></strong></span> <span class='ocrx_word' id='word_1_60' title='bbox 1972 1079 1973 1084; x_wconf 23' lang='grc' dir='ltr'><strong><em>κ</em></strong></span> 
     </span>
     <span class='ocr_line' id='line_1_8' title="bbox 302 1137 1930 1216; baseline -0.007 -12"><span class='ocrx_word' id='word_1_61' title='bbox 302 1146 392 1204; x_wconf 81' lang='lat' dir='ltr'><strong><em>Filius</em></strong></span> <span class='ocrx_word' id='word_1_62' title='bbox 405 1144 465 1213; x_wconf 82' lang='lat' dir='ltr'><strong><em>Bet,</em></strong></span> <span class='ocrx_word' id='word_1_63' title='bbox 476 1143 608 1199; x_wconf 75' lang='lat' dir='ltr'><strong><em>amciter</em></strong></span> <span class='ocrx_word' id='word_1_64' title='bbox 621 1143 654 1198; x_wconf 83' lang='lat' dir='ltr'><strong><em>im</em></strong></span> <span class='ocrx_word' id='word_1_65' title='bbox 668 1144 829 1201; x_wconf 77' lang='lat' dir='ltr'><strong><em>Bethlehem</em></strong></span> <span class='ocrx_word' id='word_1_66' title='bbox 848 1145 928 1202; x_wconf 70' lang='lat' dir='ltr'><strong><em>tate</em></strong></span> <span class='ocrx_word' id='word_1_67' title='bbox 941 1145 1022 1216; x_wconf 78' lang='grc'>(9).»</span> <span class='ocrx_word' id='word_1_68' title='bbox 1115 1141 1311 1212; x_wconf 79' lang='lat' dir='ltr'><strong><em>convalescite3</em></strong></span> <span class='ocrx_word' id='word_1_69' title='bbox 1335 1141 1407 1199; x_wconf 83' lang='lat' dir='ltr'><strong><em>veuit</em></strong></span> <span class='ocrx_word' id='word_1_70' title='bbox 1437 1139 1570 1207; x_wconf 85' lang='lat' dir='ltr'><strong><em>Christus,</em></strong></span> <span class='ocrx_word' id='word_1_71' title='bbox 1604 1137 1652 1210; x_wconf 91' lang='lat' dir='ltr'><strong><em>qui</em></strong></span> <span class='ocrx_word' id='word_1_72' title='bbox 1678 1137 1811 1195; x_wconf 89' lang='lat' dir='ltr'><strong><em>contritos</em></strong></span> <span class='ocrx_word' id='word_1_73' title='bbox 1833 1137 1930 1194; x_wconf 85' lang='lat' dir='ltr'><strong><em>corde</em></strong></span> 
     </span>
    </p>

    <p class='ocr_par' dir='ltr' id='par_1_6' title="bbox 176 1225 1973 2988">
     <span class='ocr_line' id='line_1_9' title="bbox 301 1225 1973 1312; baseline -0.005 -23"><span class='ocrx_word' id='word_1_74' title='bbox 301 1240 328 1289; x_wconf 89' lang='lat' dir='ltr'><strong><em>t.</em></strong></span> <span class='ocrx_word' id='word_1_75' title='bbox 343 1231 438 1288; x_wconf 90' lang='lat' dir='ltr'><strong><em>Sonuit</em></strong></span> <span class='ocrx_word' id='word_1_76' title='bbox 458 1246 511 1287; x_wconf 82' lang='lat' dir='ltr'><strong><em>ror</em></strong></span> <span class='ocrx_word' id='word_1_77' title='bbox 529 1229 628 1286; x_wconf 83' lang='lat' dir='ltr'><strong><em>laetitiae</em></strong></span> <span class='ocrx_word' id='word_1_78' title='bbox 646 1231 674 1285; x_wconf 94' lang='lat' dir='ltr'><strong><em>in</em></strong></span> <span class='ocrx_word' id='word_1_79' title='bbox 689 1239 762 1286; x_wconf 89' lang='lat' dir='ltr'><strong><em>terra</em></strong></span> <span class='ocrx_word' id='word_1_80' title='bbox 775 1238 878 1304; x_wconf 87' lang='lat' dir='ltr'><strong><em>nostra,</em></strong></span> <span class='ocrx_word' id='word_1_81' title='bbox 891 1247 943 1288; x_wconf 83' lang='lat' dir='ltr'><strong><em>vox</em></strong></span> <span class='ocrx_word' id='word_1_82' title='bbox 962 1233 1057 1288; x_wconf 86' lang='lat' dir='ltr'><strong><em>exsul·</em></strong></span> <span class='ocrx_word' id='word_1_83' title='bbox 1114 1237 1190 1285; x_wconf 89' lang='lat' dir='ltr'><strong><em>sanat</em></strong></span> <span class='ocrx_word' id='word_1_84' title='bbox 1211 1230 1338 1287; x_wconf 89' lang='lat' dir='ltr'><strong><em>unctione</em></strong></span> <span class='ocrx_word' id='word_1_85' title='bbox 1361 1227 1555 1285; x_wconf 84' lang='lat' dir='ltr'><strong><em>miscricordiae</em></strong></span> <span class='ocrx_word' id='word_1_86' title='bbox 1577 1243 1643 1283; x_wconf 85' lang='lat' dir='ltr'><strong><em>suae.</em></strong></span> <span class='ocrx_word' id='word_1_87' title='bbox 1668 1226 1825 1292; x_wconf 84' lang='lat' dir='ltr'><strong><em>Exsultete,</em></strong></span> <span class='ocrx_word' id='word_1_88' title='bbox 1853 1225 1928 1298; x_wconf 91' lang='lat' dir='ltr'><strong><em>qui·</em></strong></span> <span class='ocrx_word' id='word_1_89' title='bbox 1972 1255 1973 1312; x_wconf 68' lang='lat' dir='ltr'><strong><em>t</em></strong></span> 
     </span>
     <span class='ocr_line' id='line_1_10' title="bbox 176 1313 1926 1393; baseline -0.007 -15"><span class='ocrx_word' id='word_1_90' title='bbox 176 1321 181 1332; x_wconf 85' lang='lat'>&#39;</span> <span class='ocrx_word' id='word_1_91' title='bbox 265 1321 374 1378; x_wconf 85' lang='lat' dir='ltr'><strong><em>tationis</em></strong></span> <span class='ocrx_word' id='word_1_92' title='bbox 387 1328 414 1376; x_wconf 90' lang='lat' dir='ltr'><strong><em>et</em></strong></span> <span class='ocrx_word' id='word_1_93' title='bbox 440 1319 533 1375; x_wconf 87' lang='lat' dir='ltr'><strong><em>salutis</em></strong></span> <span class='ocrx_word' id='word_1_94' title='bbox 543 1319 570 1373; x_wconf 90' lang='lat' dir='ltr'><strong><em>iu</em></strong></span> <span class='ocrx_word' id='word_1_95' title='bbox 580 1319 761 1375; x_wconf 87' lang='lat' dir='ltr'><strong><em>tabernaculis</em></strong></span> <span class='ocrx_word' id='word_1_96' title='bbox 774 1327 959 1393; x_wconf 85' lang='lat' dir='ltr'><strong><em>pcccatorum.</em></strong></span> <span class='ocrx_word' id='word_1_97' title='bbox 974 1322 1058 1378; x_wconf 80' lang='lat' dir='ltr'><strong><em>Audi·</em></strong></span> <span class='ocrx_word' id='word_1_98' title='bbox 1114 1334 1229 1392; x_wconf 90' lang='lat' dir='ltr'><strong><em>cumque</em></strong></span> <span class='ocrx_word' id='word_1_99' title='bbox 1247 1319 1315 1376; x_wconf 89' lang='lat' dir='ltr'><strong><em>estis</em></strong></span> <span class='ocrx_word' id='word_1_100' title='bbox 1333 1317 1447 1392; x_wconf 77' lang='lat' dir='ltr'>grandia</span> <span class='ocrx_word' id='word_1_101' title='bbox 1460 1315 1704 1388; x_wconf 64' lang='lat' dir='ltr'><strong><em>concupiscentem</em></strong></span> <span class='ocrx_word' id='word_1_102' title='bbox 1720 1313 1874 1372; x_wconf 88' lang='lat' dir='ltr'><strong><em>descendit</em></strong></span> <span class='ocrx_word' id='word_1_103' title='bbox 1889 1314 1926 1367; x_wconf 82' lang='lat' dir='ltr'><strong><em>ad</em></strong></span> 
     </span>
     <span class='ocr_line' id='line_1_11' title="bbox 265 1401 1925 1479; baseline -0.007 -12"><span class='ocrx_word' id='word_1_104' title='bbox 265 1417 386 1467; x_wconf 84' lang='lat' dir='ltr'><strong><em>tumeat</em></strong></span> <span class='ocrx_word' id='word_1_105' title='bbox 412 1409 525 1466; x_wconf 83' lang='lat' dir='ltr'><strong><em>verbum</em></strong></span> <span class='ocrx_word' id='word_1_106' title='bbox 554 1407 667 1474; x_wconf 86' lang='lat' dir='ltr'><strong><em>bouum,</em></strong></span> <span class='ocrx_word' id='word_1_107' title='bbox 694 1409 806 1464; x_wconf 83' lang='lat' dir='ltr'><strong><em>verbum</em></strong></span> <span class='ocrx_word' id='word_1_108' title='bbox 835 1409 1057 1476; x_wconf 86' lang='lat' dir='ltr'><strong><em>consolatorium,</em></strong></span> <span class='ocrx_word' id='word_1_109' title='bbox 1114 1422 1163 1464; x_wconf 91' lang='lat' dir='ltr'><strong><em>vos</em></strong></span> <span class='ocrx_word' id='word_1_110' title='bbox 1176 1407 1259 1463; x_wconf 89' lang='lat' dir='ltr'><strong><em>Filius</em></strong></span> <span class='ocrx_word' id='word_1_111' title='bbox 1273 1407 1333 1478; x_wconf 89' lang='lat' dir='ltr'><strong><em>Dei,</em></strong></span> <span class='ocrx_word' id='word_1_112' title='bbox 1358 1414 1389 1462; x_wconf 92' lang='lat' dir='ltr'><strong><em>ut</em></strong></span> <span class='ocrx_word' id='word_1_113' title='bbox 1410 1405 1488 1479; x_wconf 87' lang='lat' dir='ltr'><strong><em>regni</em></strong></span> <span class='ocrx_word' id='word_1_114' title='bbox 1511 1403 1553 1460; x_wconf 91' lang='lat' dir='ltr'><strong><em>sui</em></strong></span> <span class='ocrx_word' id='word_1_115' title='bbox 1572 1404 1653 1461; x_wconf 86' lang='lat' dir='ltr'><strong><em>iaciat</em></strong></span> <span class='ocrx_word' id='word_1_116' title='bbox 1675 1403 1852 1460; x_wconf 86' lang='lat' dir='ltr'><strong><em>cohaeredes.</em></strong></span> <span class='ocrx_word' id='word_1_117' title='bbox 1872 1401 1925 1466; x_wconf 83' lang='lat' dir='ltr'><strong><em>lta,</em></strong></span> 
     </span>
     <span class='ocr_line' id='line_1_12' title="bbox 263 1493 1925 1572; baseline -0.004 -17"><span class='ocrx_word' id='word_1_118' title='bbox 263 1513 353 1555; x_wconf 87' lang='lat' dir='ltr'><strong><em>sermo</em></strong></span> <span class='ocrx_word' id='word_1_119' title='bbox 366 1497 535 1568; x_wconf 86' lang='lat' dir='ltr'><strong><em>jucunditate</em></strong></span> <span class='ocrx_word' id='word_1_120' title='bbox 553 1496 661 1568; x_wconf 88' lang='lat' dir='ltr'><strong><em>plenus,</em></strong></span> <span class='ocrx_word' id='word_1_121' title='bbox 679 1496 777 1568; x_wconf 87' lang='lat' dir='ltr'><strong><em>dignus</em></strong></span> <span class='ocrx_word' id='word_1_122' title='bbox 791 1499 865 1554; x_wconf 89' lang='lat' dir='ltr'><strong><em>omni</em></strong></span> <span class='ocrx_word' id='word_1_123' title='bbox 882 1500 1054 1572; x_wconf 88' lang='lat' dir='ltr'><strong><em>acceptione.</em></strong></span> <span class='ocrx_word' id='word_1_124' title='bbox 1114 1497 1239 1564; x_wconf 90' lang='lat' dir='ltr'><strong><em>obsecro,</em></strong></span> <span class='ocrx_word' id='word_1_125' title='bbox 1255 1512 1321 1552; x_wconf 90' lang='lat' dir='ltr'><strong><em>sana</em></strong></span> <span class='ocrx_word' id='word_1_126' title='bbox 1336 1512 1390 1564; x_wconf 92' lang='lat' dir='ltr'><strong><em>me,</em></strong></span> <span class='ocrx_word' id='word_1_127' title='bbox 1406 1496 1531 1564; x_wconf 86' lang='lat' dir='ltr'><strong><em>Domine,</em></strong></span> <span class='ocrx_word' id='word_1_128' title='bbox 1549 1503 1577 1551; x_wconf 93' lang='lat' dir='ltr'><strong><em>et</em></strong></span> <span class='ocrx_word' id='word_1_129' title='bbox 1591 1494 1731 1551; x_wconf 88' lang='lat' dir='ltr'><strong><em>sanabor:</em></strong></span> <span class='ocrx_word' id='word_1_130' title='bbox 1750 1493 1863 1550; x_wconf 59' lang='lat' dir='ltr'><strong><em>mrum</em></strong></span> <span class='ocrx_word' id='word_1_131' title='bbox 1879 1509 1925 1548; x_wconf 85' lang='lat' dir='ltr'><strong><em>me</em></strong></span> 
     </span>
     <span class='ocr_line' id='line_1_13' title="bbox 262 1580 1924 1662; baseline -0.005 -20"><span class='ocrx_word' id='word_1_132' title='bbox 262 1586 389 1651; x_wconf 83' lang='lat' dir='ltr'><strong><em>iubilate,</em></strong></span> <span class='ocrx_word' id='word_1_133' title='bbox 403 1590 522 1650; x_wconf 89' lang='lat' dir='ltr'><strong><em>montes,</em></strong></span> <span class='ocrx_word' id='word_1_134' title='bbox 537 1585 662 1656; x_wconf 80' lang='lat' dir='ltr'><strong><em>iaudem3</em></strong></span> <span class='ocrx_word' id='word_1_135' title='bbox 680 1592 707 1641; x_wconf 90' lang='lat' dir='ltr'><strong><em>et</em></strong></span> <span class='ocrx_word' id='word_1_136' title='bbox 721 1587 811 1642; x_wconf 86' lang='lat' dir='ltr'><strong><em>omnia</em></strong></span> <span class='ocrx_word' id='word_1_137' title='bbox 825 1586 899 1662; x_wconf 83' lang='lat' dir='ltr'><strong><em>ligna</em></strong></span> <span class='ocrx_word' id='word_1_138' title='bbox 918 1589 1058 1656; x_wconf 78' lang='lat' dir='ltr'><strong><em>silvarum,</em></strong></span> <span class='ocrx_word' id='word_1_139' title='bbox 1115 1583 1168 1651; x_wconf 88' lang='lat' dir='ltr'><strong><em>isc,</em></strong></span> <span class='ocrx_word' id='word_1_140' title='bbox 1183 1593 1210 1641; x_wconf 88' lang='lat' dir='ltr'><strong><em>et</em></strong></span> <span class='ocrx_word' id='word_1_141' title='bbox 1233 1585 1325 1640; x_wconf 86' lang='lat' dir='ltr'><strong><em>sulvus</em></strong></span> <span class='ocrx_word' id='word_1_142' title='bbox 1347 1598 1417 1640; x_wconf 89' lang='lat' dir='ltr'><strong><em>ero:</em></strong></span> <span class='ocrx_word' id='word_1_143' title='bbox 1437 1581 1569 1655; x_wconf 83' lang='lat' dir='ltr'><strong><em>glorifica,</em></strong></span> <span class='ocrx_word' id='word_1_144' title='bbox 1593 1589 1621 1638; x_wconf 91' lang='lat' dir='ltr'><strong><em>et</em></strong></span> <span class='ocrx_word' id='word_1_145' title='bbox 1635 1596 1682 1637; x_wconf 91' lang='lat' dir='ltr'><strong><em>ero</em></strong></span> <span class='ocrx_word' id='word_1_146' title='bbox 1705 1580 1859 1654; x_wconf 85' lang='lat' dir='ltr'><strong><em>gloriosus.</em></strong></span> <span class='ocrx_word' id='word_1_147' title='bbox 1878 1581 1924 1635; x_wconf 81' lang='lat' dir='ltr'><strong><em>Sic</em></strong></span> 
     </span>
     <span class='ocr_line' id='line_1_14' title="bbox 264 1669 1924 1783; baseline -0.002 -55"><span class='ocrx_word' id='word_1_148' title='bbox 264 1674 384 1747; x_wconf 79' lang='lat' dir='ltr'><strong><em>plaudite</em></strong></span> <span class='ocrx_word' id='word_1_149' title='bbox 406 1673 531 1730; x_wconf 87' lang='lat' dir='ltr'><strong><em>munibus</em></strong></span> <span class='ocrx_word' id='word_1_150' title='bbox 552 1681 616 1730; x_wconf 91' lang='lat' dir='ltr'><strong><em>ante</em></strong></span> <span class='ocrx_word' id='word_1_151' title='bbox 639 1673 736 1729; x_wconf 90' lang='lat' dir='ltr'><strong><em>iaciem</em></strong></span> <span class='ocrx_word' id='word_1_152' title='bbox 759 1674 877 1742; x_wconf 89' lang='lat' dir='ltr'><strong><em>Domini,</em></strong></span> <span class='ocrx_word' id='word_1_153' title='bbox 897 1677 961 1748; x_wconf 87' lang='lat' dir='ltr'><strong><em>quia</em></strong></span> <span class='ocrx_word' id='word_1_154' title='bbox 975 1676 1056 1734; x_wconf 81' lang='lat' dir='ltr'><strong><em>venit.</em></strong></span> <span class='ocrx_word' id='word_1_155' title='bbox 1076 1706 1099 1783; x_wconf 64' lang='lat' dir='ltr'><strong>n</strong></span> <span class='ocrx_word' id='word_1_156' title='bbox 1115 1688 1213 1744; x_wconf 89' lang='lat' dir='ltr'><strong><em>nempe</em></strong></span> <span class='ocrx_word' id='word_1_157' title='bbox 1227 1673 1372 1729; x_wconf 75' lang='lat' dir='ltr'><strong><em>benedicet</em></strong></span> <span class='ocrx_word' id='word_1_158' title='bbox 1383 1671 1474 1726; x_wconf 90' lang='lat' dir='ltr'><strong><em>anime</em></strong></span> <span class='ocrx_word' id='word_1_159' title='bbox 1490 1686 1552 1726; x_wconf 89' lang='lat' dir='ltr'><strong><em>mea</em></strong></span> <span class='ocrx_word' id='word_1_160' title='bbox 1564 1669 1689 1737; x_wconf 89' lang='lat' dir='ltr'><strong><em>Domino,</em></strong></span> <span class='ocrx_word' id='word_1_161' title='bbox 1708 1675 1736 1725; x_wconf 92' lang='lat' dir='ltr'><strong><em>et</em></strong></span> <span class='ocrx_word' id='word_1_162' title='bbox 1750 1671 1847 1726; x_wconf 82' lang='lat' dir='ltr'><strong><em>omnia</em></strong></span> <span class='ocrx_word' id='word_1_163' title='bbox 1858 1685 1924 1740; x_wconf 74' lang='lat' dir='ltr'><strong><em>qum</em></strong></span> 
     </span>
     <span class='ocr_line' id='line_1_15' title="bbox 264 1757 1923 1836; baseline -0.004 -17"><span class='ocrx_word' id='word_1_164' title='bbox 264 1764 371 1828; x_wconf 76' lang='lat' dir='ltr'><strong><em>Audite,</em></strong></span> <span class='ocrx_word' id='word_1_165' title='bbox 386 1762 461 1829; x_wconf 89' lang='lat' dir='ltr'><strong><em>coeli;</em></strong></span> <span class='ocrx_word' id='word_1_166' title='bbox 484 1769 511 1817; x_wconf 92' lang='lat' dir='ltr'><strong><em>et</em></strong></span> <span class='ocrx_word' id='word_1_167' title='bbox 525 1763 637 1818; x_wconf 88' lang='lat' dir='ltr'><strong><em>auribus</em></strong></span> <span class='ocrx_word' id='word_1_168' title='bbox 651 1763 771 1834; x_wconf 86' lang='lat' dir='ltr'><strong><em>percipe,</em></strong></span> <span class='ocrx_word' id='word_1_169' title='bbox 787 1770 877 1830; x_wconf 85' lang='lat' dir='ltr'><strong><em>terra;</em></strong></span> <span class='ocrx_word' id='word_1_170' title='bbox 895 1765 1059 1836; x_wconf 82' lang='lat' dir='ltr'><strong><em>obstupesce</em></strong></span> <span class='ocrx_word' id='word_1_171' title='bbox 1114 1761 1185 1816; x_wconf 90' lang='lat' dir='ltr'><strong><em>iutra</em></strong></span> <span class='ocrx_word' id='word_1_172' title='bbox 1198 1777 1242 1816; x_wconf 91' lang='lat' dir='ltr'><strong><em>me</em></strong></span> <span class='ocrx_word' id='word_1_173' title='bbox 1257 1767 1331 1826; x_wconf 91' lang='lat' dir='ltr'><strong><em>sunt,</em></strong></span> <span class='ocrx_word' id='word_1_174' title='bbox 1351 1759 1455 1816; x_wconf 89' lang='lat' dir='ltr'><strong><em>nomini</em></strong></span> <span class='ocrx_word' id='word_1_175' title='bbox 1471 1764 1566 1815; x_wconf 92' lang='lat' dir='ltr'><strong><em>sancto</em></strong></span> <span class='ocrx_word' id='word_1_176' title='bbox 1580 1759 1651 1829; x_wconf 88' lang='lat' dir='ltr'><strong><em>ejus,</em></strong></span> <span class='ocrx_word' id='word_1_177' title='bbox 1675 1773 1737 1814; x_wconf 89' lang='lat' dir='ltr'><strong><em>cum</em></strong></span> <span class='ocrx_word' id='word_1_178' title='bbox 1751 1757 1923 1829; x_wconf 74' lang='lat' dir='ltr'><strong><em>propitiatus</em></strong></span> 
     </span>
     <span class='ocr_line' id='line_1_16' title="bbox 264 1846 1922 1924; baseline -0.005 -15"><span class='ocrx_word' id='word_1_179' title='bbox 264 1857 292 1908; x_wconf 89' lang='lat' dir='ltr'><strong><em>el</em></strong></span> <span class='ocrx_word' id='word_1_180' title='bbox 302 1849 392 1918; x_wconf 88' lang='lat' dir='ltr'><strong><em>lauda,</em></strong></span> <span class='ocrx_word' id='word_1_181' title='bbox 403 1849 567 1906; x_wconf 80' lang='lat' dir='ltr'>universitas</span> <span class='ocrx_word' id='word_1_182' title='bbox 577 1857 717 1916; x_wconf 80' lang='lat' dir='ltr'><strong><em>creaturae,</em></strong></span> <span class='ocrx_word' id='word_1_183' title='bbox 726 1852 776 1906; x_wconf 86' lang='lat' dir='ltr'><strong><em>sed</em></strong></span> <span class='ocrx_word' id='word_1_184' title='bbox 786 1858 814 1908; x_wconf 94' lang='lat' dir='ltr'><strong><em>tu</em></strong></span> <span class='ocrx_word' id='word_1_185' title='bbox 822 1851 919 1924; x_wconf 83' lang='lat' dir='ltr'><strong><em>magis,</em></strong></span> <span class='ocrx_word' id='word_1_186' title='bbox 931 1869 947 1909; x_wconf 96' lang='grc' dir='ltr'><strong>ο</strong></span> <span class='ocrx_word' id='word_1_187' title='bbox 957 1853 1055 1910; x_wconf 91' lang='lat' dir='ltr'><strong><em>homo:</em></strong></span> <span class='ocrx_word' id='word_1_188' title='bbox 1114 1848 1199 1905; x_wconf 83' lang='lat' dir='ltr'><strong><em>tueris</em></strong></span> <span class='ocrx_word' id='word_1_189' title='bbox 1212 1849 1339 1906; x_wconf 93' lang='lat' dir='ltr'><strong><em>omuibus</em></strong></span> <span class='ocrx_word' id='word_1_190' title='bbox 1357 1847 1546 1920; x_wconf 85' lang='lat' dir='ltr'><strong><em>iniquitatibus</em></strong></span> <span class='ocrx_word' id='word_1_191' title='bbox 1561 1847 1640 1914; x_wconf 89' lang='lat' dir='ltr'><strong><em>meis,</em></strong></span> <span class='ocrx_word' id='word_1_192' title='bbox 1665 1846 1806 1904; x_wconf 86' lang='lat' dir='ltr'><strong><em>sanareris</em></strong></span> <span class='ocrx_word' id='word_1_193' title='bbox 1821 1861 1922 1902; x_wconf 73' lang='lat' dir='ltr'><strong><em>omues</em></strong></span> 
     </span>
     <span class='ocr_line' id='line_1_17' title="bbox 268 1934 1921 2010; baseline -0.003 -16"><span class='ocrx_word' id='word_1_194' title='bbox 268 1939 375 1996; x_wconf 78' lang='lat' dir='ltr'><strong><em>clesus</em></strong></span> <span class='ocrx_word' id='word_1_195' title='bbox 388 1938 521 2004; x_wconf 86' lang='lat' dir='ltr'><strong><em>Christus,</em></strong></span> <span class='ocrx_word' id='word_1_196' title='bbox 540 1937 624 1994; x_wconf 81' lang='lat' dir='ltr'><strong><em>Filius</em></strong></span> <span class='ocrx_word' id='word_1_197' title='bbox 645 1938 708 2004; x_wconf 86' lang='lat' dir='ltr'><strong><em>Dei,</em></strong></span> <span class='ocrx_word' id='word_1_198' title='bbox 723 1939 844 1996; x_wconf 89' lang='lat' dir='ltr'><strong><em>nascitur</em></strong></span> <span class='ocrx_word' id='word_1_199' title='bbox 860 1941 889 1996; x_wconf 90' lang='lat' dir='ltr'><strong><em>iu</em></strong></span> <span class='ocrx_word' id='word_1_200' title='bbox 902 1941 1059 1998; x_wconf 85' lang='lat' dir='ltr'><strong><em>Bethlehem</em></strong></span> <span class='ocrx_word' id='word_1_201' title='bbox 1114 1937 1285 1996; x_wconf 87' lang='lat' dir='ltr'><strong><em>infirmitates</em></strong></span> <span class='ocrx_word' id='word_1_202' title='bbox 1304 1954 1391 2008; x_wconf 86' lang='lat' dir='ltr'><strong><em>meas,</em></strong></span> <span class='ocrx_word' id='word_1_203' title='bbox 1419 1937 1569 2010; x_wconf 83' lang='lat' dir='ltr'><strong><em>repleveris</em></strong></span> <span class='ocrx_word' id='word_1_204' title='bbox 1587 1936 1615 1992; x_wconf 93' lang='lat' dir='ltr'><strong><em>in</em></strong></span> <span class='ocrx_word' id='word_1_205' title='bbox 1640 1935 1719 1992; x_wconf 91' lang='lat' dir='ltr'><strong><em>bonis</em></strong></span> <span class='ocrx_word' id='word_1_206' title='bbox 1747 1934 1921 1991; x_wconf 88' lang='lat' dir='ltr'><strong><em>desiderium</em></strong></span> 
     </span>
     <span class='ocr_line' id='line_1_18' title="bbox 266 2022 1919 2100; baseline -0.002 -20"><span class='ocrx_word' id='word_1_207' title='bbox 266 2051 280 2080; x_wconf 73' lang='lat' dir='ltr'><strong><em>a</em></strong></span> <span class='ocrx_word' id='word_1_208' title='bbox 296 2026 383 2084; x_wconf 85' lang='lat' dir='ltr'><strong><em>ludae.</em></strong></span> <span class='ocrx_word' id='word_1_209' title='bbox 402 2047 413 2077; x_wconf 75' lang='grc' dir='ltr'><strong>ι</strong></span> <span class='ocrx_word' id='word_1_210' title='bbox 429 2026 562 2097; x_wconf 81' lang='lat' dir='ltr'><strong><em>Quintam</em></strong></span> <span class='ocrx_word' id='word_1_211' title='bbox 581 2026 680 2100; x_wconf 89' lang='lat' dir='ltr'><strong><em>lapidei</em></strong></span> <span class='ocrx_word' id='word_1_212' title='bbox 695 2027 796 2094; x_wconf 88' lang='lat' dir='ltr'><strong><em>cordis,</em></strong></span> <span class='ocrx_word' id='word_1_213' title='bbox 808 2029 887 2098; x_wconf 86' lang='lat' dir='ltr'><strong><em>eujus</em></strong></span> <span class='ocrx_word' id='word_1_214' title='bbox 900 2029 990 2085; x_wconf 88' lang='lat' dir='ltr'><strong><em>anima</em></strong></span> <span class='ocrx_word' id='word_1_215' title='bbox 1004 2045 1060 2086; x_wconf 93' lang='lat' dir='ltr'><strong><em>uon</em></strong></span> <span class='ocrx_word' id='word_1_216' title='bbox 1114 2042 1205 2083; x_wconf 89' lang='lat' dir='ltr'><strong><em>meum</em></strong></span> <span class='ocrx_word' id='word_1_217' title='bbox 1221 2027 1308 2097; x_wconf 82' lang='lat' dir='ltr'><strong><em>(Psoi.</em></strong></span> <span class='ocrx_word' id='word_1_218' title='bbox 1325 2041 1374 2098; x_wconf 87' lang='lat' dir='ltr'><strong><em>un,</em></strong></span> <span class='ocrx_word' id='word_1_219' title='bbox 1400 2030 1427 2093; x_wconf 88' lang='lat' dir='ltr'><strong><em>i,</em></strong></span> <span class='ocrx_word' id='word_1_220' title='bbox 1450 2029 1477 2098; x_wconf 83' lang='grc'><strong><em>3,</em></strong></span> <span class='ocrx_word' id='word_1_221' title='bbox 1505 2025 1544 2098; x_wconf 80' lang='grc'><strong><em>5).</em></strong></span> <span class='ocrx_word' id='word_1_222' title='bbox 1567 2025 1631 2081; x_wconf 77' lang='lat' dir='ltr'><strong><em>liae</em></strong></span> <span class='ocrx_word' id='word_1_223' title='bbox 1646 2024 1709 2088; x_wconf 89' lang='lat' dir='ltr'><strong><em>trie,</em></strong></span> <span class='ocrx_word' id='word_1_224' title='bbox 1733 2022 1919 2086; x_wconf 87' lang='lat' dir='ltr'><strong><em>dilectissimi,</em></strong></span> 
     </span>
     <span class='ocr_line' id='line_1_19' title="bbox 264 2111 1919 2192; baseline -0.004 -19"><span class='ocrx_word' id='word_1_225' title='bbox 264 2115 411 2192; x_wconf 88' lang='lat' dir='ltr'><strong><em>liqueiecta</em></strong></span> <span class='ocrx_word' id='word_1_226' title='bbox 423 2115 459 2171; x_wconf 89' lang='lat' dir='ltr'><strong><em>sit</em></strong></span> <span class='ocrx_word' id='word_1_227' title='bbox 471 2115 500 2170; x_wconf 91' lang='lat' dir='ltr'><strong><em>in</em></strong></span> <span class='ocrx_word' id='word_1_228' title='bbox 515 2117 566 2172; x_wconf 90' lang='lat' dir='ltr'><strong><em>hoc</em></strong></span> <span class='ocrx_word' id='word_1_229' title='bbox 580 2116 688 2173; x_wconf 76' lang='lat' dir='ltr'><strong><em>verbo?</em></strong></span> <span class='ocrx_word' id='word_1_230' title='bbox 702 2115 773 2186; x_wconf 84' lang='lat' dir='ltr'>Quid</span> <span class='ocrx_word' id='word_1_231' title='bbox 787 2117 942 2173; x_wconf 87' lang='lat' dir='ltr'><strong><em>annuntiari</em></strong></span> <span class='ocrx_word' id='word_1_232' title='bbox 955 2117 1060 2175; x_wconf 92' lang='lat' dir='ltr'><strong><em>dulcius</em></strong></span> <span class='ocrx_word' id='word_1_233' title='bbox 1114 2115 1184 2188; x_wconf 88' lang='lat' dir='ltr'><strong><em>sepit</em></strong></span> <span class='ocrx_word' id='word_1_234' title='bbox 1199 2115 1265 2172; x_wconf 92' lang='lat' dir='ltr'><strong><em>mibi</em></strong></span> <span class='ocrx_word' id='word_1_235' title='bbox 1277 2115 1351 2189; x_wconf 92' lang='lat' dir='ltr'><strong><em>quod</em></strong></span> <span class='ocrx_word' id='word_1_236' title='bbox 1362 2115 1442 2171; x_wconf 88' lang='lat' dir='ltr'><strong><em>audio</em></strong></span> <span class='ocrx_word' id='word_1_237' title='bbox 1456 2114 1532 2170; x_wconf 87' lang='lat' dir='ltr'><strong><em>nasei</em></strong></span> <span class='ocrx_word' id='word_1_238' title='bbox 1547 2114 1641 2169; x_wconf 86' lang='lat' dir='ltr'><strong><em>lesum</em></strong></span> <span class='ocrx_word' id='word_1_239' title='bbox 1659 2111 1796 2169; x_wconf 81' lang='lat' dir='ltr'><strong><em>Christum</em></strong></span> <span class='ocrx_word' id='word_1_240' title='bbox 1818 2111 1919 2167; x_wconf 85' lang='lat' dir='ltr'><strong><em>Filium</em></strong></span> 
     </span>
     <span class='ocr_line' id='line_1_20' title="bbox 264 2193 1919 2278; baseline -0.005 -16"><span class='ocrx_word' id='word_1_241' title='bbox 264 2207 394 2278; x_wconf 75' lang='lat' dir='ltr'><strong><em>poterat?</em></strong></span> <span class='ocrx_word' id='word_1_242' title='bbox 407 2205 473 2277; x_wconf 91' lang='lat' dir='ltr'><strong><em>quid</em></strong></span> <span class='ocrx_word' id='word_1_243' title='bbox 497 2203 685 2260; x_wconf 77' lang='lat' dir='ltr'><strong><em>delectabilius</em></strong></span> <span class='ocrx_word' id='word_1_244' title='bbox 704 2193 908 2262; x_wconf 70' lang='lat' dir='ltr'><strong><em>commendarit</em></strong></span> <span class='ocrx_word' id='word_1_245' title='bbox 921 2205 992 2277; x_wconf 83' lang='lat' dir='ltr'>Quid</span> <span class='ocrx_word' id='word_1_246' title='bbox 1007 2205 1060 2264; x_wconf 90' lang='lat' dir='ltr'><strong><em>tale</em></strong></span> <span class='ocrx_word' id='word_1_247' title='bbox 1114 2204 1175 2260; x_wconf 87' lang='lat' dir='ltr'><strong><em>Dei.</em></strong></span> <span class='ocrx_word' id='word_1_248' title='bbox 1194 2203 1284 2273; x_wconf 86' lang='lat' dir='ltr'><strong><em>Quare</em></strong></span> <span class='ocrx_word' id='word_1_249' title='bbox 1307 2203 1379 2261; x_wconf 90' lang='lat' dir='ltr'><strong><em>enim</em></strong></span> <span class='ocrx_word' id='word_1_250' title='bbox 1401 2217 1531 2260; x_wconf 86' lang='lat' dir='ltr'><strong><em>vocamus</em></strong></span> <span class='ocrx_word' id='word_1_251' title='bbox 1547 2216 1648 2257; x_wconf 89' lang='lat' dir='ltr'><strong><em>nomen</em></strong></span> <span class='ocrx_word' id='word_1_252' title='bbox 1663 2201 1724 2271; x_wconf 74' lang='lat' dir='ltr'><strong><em>eius</em></strong></span> <span class='ocrx_word' id='word_1_253' title='bbox 1737 2201 1849 2268; x_wconf 86' lang='lat' dir='ltr'><strong><em>lesum,</em></strong></span> <span class='ocrx_word' id='word_1_254' title='bbox 1870 2199 1919 2254; x_wconf 86' lang='lat' dir='ltr'><strong><em>nisi</em></strong></span> 
     </span>
     <span class='ocr_line' id='line_1_21' title="bbox 265 2291 1919 2368; baseline -0.002 -17"><span class='ocrx_word' id='word_1_255' title='bbox 265 2310 386 2368; x_wconf 87' lang='lat' dir='ltr'><strong><em>unquam</em></strong></span> <span class='ocrx_word' id='word_1_256' title='bbox 410 2293 529 2350; x_wconf 90' lang='lat' dir='ltr'><strong><em>auditum</em></strong></span> <span class='ocrx_word' id='word_1_257' title='bbox 551 2299 604 2361; x_wconf 91' lang='lat' dir='ltr'><strong><em>est,</em></strong></span> <span class='ocrx_word' id='word_1_258' title='bbox 631 2300 678 2350; x_wconf 89' lang='lat' dir='ltr'><strong><em>aut</em></strong></span> <span class='ocrx_word' id='word_1_259' title='bbox 705 2293 770 2366; x_wconf 88' lang='lat' dir='ltr'><strong><em>quid</em></strong></span> <span class='ocrx_word' id='word_1_260' title='bbox 797 2293 885 2352; x_wconf 88' lang='lat' dir='ltr'><strong><em>simile</em></strong></span> <span class='ocrx_word' id='word_1_261' title='bbox 912 2295 1057 2368; x_wconf 88' lang='lat' dir='ltr'><strong><em>aliquando</em></strong></span> <span class='ocrx_word' id='word_1_262' title='bbox 1114 2307 1182 2364; x_wconf 77' lang='lat' dir='ltr'><strong><em>pcto</em></strong></span> <span class='ocrx_word' id='word_1_263' title='bbox 1195 2291 1255 2362; x_wconf 81' lang='lat' dir='ltr'><strong><em>ipse</em></strong></span> <span class='ocrx_word' id='word_1_264' title='bbox 1269 2291 1380 2348; x_wconf 83' lang='lat' dir='ltr'><strong><em>sulcum</em></strong></span> <span class='ocrx_word' id='word_1_265' title='bbox 1398 2293 1484 2364; x_wconf 70' lang='lat' dir='ltr'><strong><em>societ</em></strong></span> <span class='ocrx_word' id='word_1_266' title='bbox 1496 2293 1636 2364; x_wconf 86' lang='lat' dir='ltr'><strong><em>populum</em></strong></span> <span class='ocrx_word' id='word_1_267' title='bbox 1659 2308 1744 2348; x_wconf 85' lang='lat' dir='ltr'><strong><em>scum</em></strong></span> <span class='ocrx_word' id='word_1_268' title='bbox 1758 2308 1777 2346; x_wconf 87' lang='lat' dir='ltr'><strong><em>n</em></strong></span> <span class='ocrx_word' id='word_1_269' title='bbox 1792 2293 1919 2363; x_wconf 84' lang='lat' dir='ltr'><strong><em>peccetis</em></strong></span> 
     </span>
     <span class='ocr_line' id='line_1_22' title="bbox 264 2378 1918 2455; baseline -0.004 -16"><span class='ocrx_word' id='word_1_270' title='bbox 264 2383 383 2440; x_wconf 89' lang='lat' dir='ltr'><strong><em>muudus</em></strong></span> <span class='ocrx_word' id='word_1_271' title='bbox 398 2381 521 2455; x_wconf 76' lang='lat' dir='ltr'><strong><em>accepiet</em></strong></span> <span class='ocrx_word' id='word_1_272' title='bbox 536 2383 640 2438; x_wconf 75' lang='lat' dir='ltr'><strong><em>«lesus</em></strong></span> <span class='ocrx_word' id='word_1_273' title='bbox 653 2382 786 2450; x_wconf 88' lang='lat' dir='ltr'><strong><em>Christus,</em></strong></span> <span class='ocrx_word' id='word_1_274' title='bbox 796 2383 879 2440; x_wconf 81' lang='lat' dir='ltr'><strong><em>Filius</em></strong></span> <span class='ocrx_word' id='word_1_275' title='bbox 892 2384 953 2454; x_wconf 90' lang='lat' dir='ltr'><strong><em>Dei,</em></strong></span> <span class='ocrx_word' id='word_1_276' title='bbox 969 2383 1058 2440; x_wconf 89' lang='lat' dir='ltr'><strong><em>nasci·</em></strong></span> <span class='ocrx_word' id='word_1_277' title='bbox 1114 2381 1233 2436; x_wconf 76' lang='lat' dir='ltr'><strong><em>eorum?</em></strong></span> <span class='ocrx_word' id='word_1_278' title='bbox 1248 2380 1358 2449; x_wconf 72' lang='lat' dir='ltr'><strong><em>(blattis.</em></strong></span> <span class='ocrx_word' id='word_1_279' title='bbox 1373 2395 1392 2446; x_wconf 90' lang='lat'><strong><em>1,</em></strong></span> <span class='ocrx_word' id='word_1_280' title='bbox 1408 2383 1465 2450; x_wconf 78' lang='lat' dir='ltr'><strong><em>Bt.)</em></strong></span> <span class='ocrx_word' id='word_1_281' title='bbox 1481 2387 1525 2435; x_wconf 90' lang='lat' dir='ltr'><strong><em>aut</em></strong></span> <span class='ocrx_word' id='word_1_282' title='bbox 1536 2395 1621 2454; x_wconf 87' lang='lat' dir='ltr'><strong><em>quere</em></strong></span> <span class='ocrx_word' id='word_1_283' title='bbox 1636 2379 1761 2436; x_wconf 87' lang='lat' dir='ltr'><strong><em>Christus</em></strong></span> <span class='ocrx_word' id='word_1_284' title='bbox 1777 2378 1918 2434; x_wconf 86' lang='lat' dir='ltr'><strong><em>nominari</em></strong></span> 
     </span>
     <span class='ocr_line' id='line_1_23' title="bbox 267 2468 1917 2543; baseline -0.003 -16"><span class='ocrx_word' id='word_1_285' title='bbox 267 2480 310 2527; x_wconf 90' lang='lat' dir='ltr'><strong><em>tur</em></strong></span> <span class='ocrx_word' id='word_1_286' title='bbox 322 2469 351 2526; x_wconf 91' lang='lat' dir='ltr'><strong><em>in</em></strong></span> <span class='ocrx_word' id='word_1_287' title='bbox 360 2471 515 2528; x_wconf 87' lang='lat' dir='ltr'><strong><em>Bethlehem</em></strong></span> <span class='ocrx_word' id='word_1_288' title='bbox 530 2470 617 2528; x_wconf 82' lang='lat' dir='ltr'>Judae.</span> <span class='ocrx_word' id='word_1_289' title='bbox 635 2492 647 2522; x_wconf 76' lang='grc' dir='ltr'><strong>ι</strong></span> <span class='ocrx_word' id='word_1_290' title='bbox 668 2471 692 2527; x_wconf 95' lang='lat'>0</span> <span class='ocrx_word' id='word_1_291' title='bbox 705 2473 788 2528; x_wconf 86' lang='lat' dir='ltr'><strong><em>breve</em></strong></span> <span class='ocrx_word' id='word_1_292' title='bbox 802 2471 915 2529; x_wconf 82' lang='lat' dir='ltr'><strong><em>ve’rbum</em></strong></span> <span class='ocrx_word' id='word_1_293' title='bbox 924 2473 959 2528; x_wconf 90' lang='lat' dir='ltr'><strong><em>de</em></strong></span> <span class='ocrx_word' id='word_1_294' title='bbox 970 2472 1059 2528; x_wconf 83' lang='lat' dir='ltr'><strong><em>Verbo</em></strong></span> <span class='ocrx_word' id='word_1_295' title='bbox 1114 2468 1206 2536; x_wconf 86' lang='lat' dir='ltr'><strong><em>voluit,</em></strong></span> <span class='ocrx_word' id='word_1_296' title='bbox 1219 2470 1270 2524; x_wconf 89' lang='lat' dir='ltr'><strong><em>nisi</em></strong></span> <span class='ocrx_word' id='word_1_297' title='bbox 1284 2471 1348 2541; x_wconf 88' lang='lat' dir='ltr'><strong><em>quia</em></strong></span> <span class='ocrx_word' id='word_1_298' title='bbox 1362 2477 1585 2543; x_wconf 81' lang='lat' dir='ltr'><strong><em>computrescere</em></strong></span> <span class='ocrx_word' id='word_1_299' title='bbox 1593 2472 1682 2543; x_wconf 73' lang='lat' dir='ltr'><strong><em>saciet</em></strong></span> <span class='ocrx_word' id='word_1_300' title='bbox 1688 2472 1793 2542; x_wconf 79' lang='lat' dir='ltr'><strong><em>jugam</em></strong></span> <span class='ocrx_word' id='word_1_301' title='bbox 1807 2485 1828 2524; x_wconf 88' lang='lat' dir='ltr'><strong><em>c</em></strong></span> <span class='ocrx_word' id='word_1_302' title='bbox 1845 2469 1917 2540; x_wconf 77' lang='lat' dir='ltr'><strong><em>scete</em></strong></span> 
     </span>
     <span class='ocr_line' id='line_1_24' title="bbox 267 2556 1917 2631; baseline -0.002 -15"><span class='ocrx_word' id='word_1_303' title='bbox 267 2559 434 2626; x_wconf 85' lang='lat' dir='ltr'><strong><em>abbreviato,</em></strong></span> <span class='ocrx_word' id='word_1_304' title='bbox 454 2559 504 2615; x_wconf 92' lang='lat' dir='ltr'><strong><em>sed</em></strong></span> <span class='ocrx_word' id='word_1_305' title='bbox 518 2559 623 2616; x_wconf 87' lang='lat' dir='ltr'><strong><em>coeiesti</em></strong></span> <span class='ocrx_word' id='word_1_306' title='bbox 637 2561 767 2618; x_wconf 86' lang='lat' dir='ltr'><strong><em>suavitate</em></strong></span> <span class='ocrx_word' id='word_1_307' title='bbox 781 2560 925 2617; x_wconf 87' lang='lat' dir='ltr'><strong><em>reienuml</em></strong></span> <span class='ocrx_word' id='word_1_308' title='bbox 942 2561 1060 2617; x_wconf 78' lang='lat' dir='ltr'><strong><em>Laborat</em></strong></span> <span class='ocrx_word' id='word_1_309' title='bbox 1114 2557 1168 2613; x_wconf 83' lang='lat' dir='ltr'><strong><em>olel</em></strong></span> <span class='ocrx_word' id='word_1_310' title='bbox 1184 2559 1249 2626; x_wconf 84' lang='lat' dir='ltr'><strong><em>(iso.</em></strong></span> <span class='ocrx_word' id='word_1_311' title='bbox 1268 2574 1298 2622; x_wconf 83' lang='lat' dir='ltr'><strong><em>x,</em></strong></span> <span class='ocrx_word' id='word_1_312' title='bbox 1310 2558 1367 2631; x_wconf 79' lang='lat' dir='ltr'><strong><em>hi.)</em></strong></span> <span class='ocrx_word' id='word_1_313' title='bbox 1385 2556 1475 2626; x_wconf 87' lang='lat' dir='ltr'><strong><em>Quare</em></strong></span> <span class='ocrx_word' id='word_1_314' title='bbox 1489 2559 1570 2614; x_wconf 89' lang='lat' dir='ltr'><strong><em>Filius</em></strong></span> <span class='ocrx_word' id='word_1_315' title='bbox 1585 2559 1635 2616; x_wconf 89' lang='lat' dir='ltr'><strong><em>Bei</em></strong></span> <span class='ocrx_word' id='word_1_316' title='bbox 1653 2558 1741 2614; x_wconf 89' lang='lat' dir='ltr'><strong><em>iactus</em></strong></span> <span class='ocrx_word' id='word_1_317' title='bbox 1757 2563 1801 2613; x_wconf 90' lang='lat' dir='ltr'><strong><em>est</em></strong></span> <span class='ocrx_word' id='word_1_318' title='bbox 1822 2559 1917 2621; x_wconf 83' lang='lat' dir='ltr'><strong><em>honio,</em></strong></span> 
     </span>
     <span class='ocr_line' id='line_1_25' title="bbox 265 2645 1917 2721; baseline -0.003 -17"><span class='ocrx_word' id='word_1_319' title='bbox 265 2647 373 2705; x_wconf 82' lang='lat' dir='ltr'><strong><em>allectio</em></strong></span> <span class='ocrx_word' id='word_1_320' title='bbox 388 2647 524 2705; x_wconf 85' lang='lat' dir='ltr'><strong><em>melliiluae</em></strong></span> <span class='ocrx_word' id='word_1_321' title='bbox 538 2648 690 2704; x_wconf 82' lang='lat' dir='ltr'><strong><em>dulcedinis</em></strong></span> <span class='ocrx_word' id='word_1_322' title='bbox 704 2649 808 2721; x_wconf 89' lang='lat' dir='ltr'><strong><em>copiam</em></strong></span> <span class='ocrx_word' id='word_1_323' title='bbox 822 2650 901 2705; x_wconf 90' lang='lat' dir='ltr'><strong><em>latius</em></strong></span> <span class='ocrx_word' id='word_1_324' title='bbox 916 2649 1060 2706; x_wconf 81' lang='lat' dir='ltr'><strong><em>estundere</em></strong></span> <span class='ocrx_word' id='word_1_325' title='bbox 1114 2645 1166 2700; x_wconf 91' lang='lat' dir='ltr'><strong><em>nisi</em></strong></span> <span class='ocrx_word' id='word_1_326' title='bbox 1185 2654 1215 2701; x_wconf 93' lang='lat' dir='ltr'><strong><em>ut</em></strong></span> <span class='ocrx_word' id='word_1_327' title='bbox 1239 2647 1362 2702; x_wconf 88' lang='lat' dir='ltr'><strong><em>homines</em></strong></span> <span class='ocrx_word' id='word_1_328' title='bbox 1387 2647 1468 2703; x_wconf 84' lang='lat' dir='ltr'><strong><em>iaciat</em></strong></span> <span class='ocrx_word' id='word_1_329' title='bbox 1490 2645 1560 2704; x_wconf 88' lang='lat' dir='ltr'><strong><em>filios</em></strong></span> <span class='ocrx_word' id='word_1_330' title='bbox 1576 2648 1649 2704; x_wconf 72' lang='lat' dir='ltr'><strong><em>Dei?</em></strong></span> <span class='ocrx_word' id='word_1_331' title='bbox 1669 2647 1807 2702; x_wconf 86' lang='lat' dir='ltr'><strong><em>Voluntati</em></strong></span> <span class='ocrx_word' id='word_1_332' title='bbox 1822 2652 1917 2701; x_wconf 87' lang='lat' dir='ltr'><strong><em>antem</em></strong></span> 
     </span>
     <span class='ocr_line' id='line_1_26' title="bbox 265 2733 1918 2813; baseline -0.004 -19"><span class='ocrx_word' id='word_1_333' title='bbox 265 2737 399 2813; x_wconf 87' lang='lat' dir='ltr'><strong><em>gestiens,</em></strong></span> <span class='ocrx_word' id='word_1_334' title='bbox 418 2753 470 2794; x_wconf 89' lang='lat' dir='ltr'><strong><em>nec</em></strong></span> <span class='ocrx_word' id='word_1_335' title='bbox 492 2737 633 2794; x_wconf 85' lang='lat' dir='ltr'><strong><em>inveniens</em></strong></span> <span class='ocrx_word' id='word_1_336' title='bbox 654 2738 749 2794; x_wconf 90' lang='lat' dir='ltr'><strong><em>verba.</em></strong></span> <span class='ocrx_word' id='word_1_337' title='bbox 768 2737 853 2793; x_wconf 85' lang='lat' dir='ltr'><strong><em>Tanta</em></strong></span> <span class='ocrx_word' id='word_1_338' title='bbox 868 2737 1004 2812; x_wconf 89' lang='lat' dir='ltr'><strong><em>siquidem</em></strong></span> <span class='ocrx_word' id='word_1_339' title='bbox 1018 2745 1061 2794; x_wconf 89' lang='lat' dir='ltr'><strong><em>est</em></strong></span> <span class='ocrx_word' id='word_1_340' title='bbox 1115 2736 1175 2804; x_wconf 75' lang='lat' dir='ltr'><strong><em>eius</em></strong></span> <span class='ocrx_word' id='word_1_341' title='bbox 1188 2733 1249 2805; x_wconf 91' lang='lat' dir='ltr'><strong><em>quis</em></strong></span> <span class='ocrx_word' id='word_1_342' title='bbox 1264 2735 1386 2790; x_wconf 79' lang='lat' dir='ltr'><strong><em>resistit?</em></strong></span> <span class='ocrx_word' id='word_1_343' title='bbox 1407 2737 1487 2792; x_wconf 89' lang='lat' dir='ltr'><strong><em>lesus</em></strong></span> <span class='ocrx_word' id='word_1_344' title='bbox 1510 2735 1556 2808; x_wconf 88' lang='lat' dir='ltr'><strong><em>qui</em></strong></span> <span class='ocrx_word' id='word_1_345' title='bbox 1577 2735 1716 2806; x_wconf 86' lang='lat' dir='ltr'><strong><em>justificat,</em></strong></span> <span class='ocrx_word' id='word_1_346' title='bbox 1733 2735 1796 2807; x_wconf 92' lang='lat' dir='ltr'><strong><em>quis</em></strong></span> <span class='ocrx_word' id='word_1_347' title='bbox 1812 2743 1860 2791; x_wconf 85' lang='lat' dir='ltr'><strong><em>est</em></strong></span> <span class='ocrx_word' id='word_1_348' title='bbox 1876 2733 1918 2806; x_wconf 91' lang='lat' dir='ltr'><strong><em>qui</em></strong></span> 
     </span>
     <span class='ocr_line' id='line_1_27' title="bbox 265 2822 1917 2900; baseline -0.004 -18"><span class='ocrx_word' id='word_1_349' title='bbox 265 2826 356 2900; x_wconf 86' lang='lat' dir='ltr'><strong><em>gratia</em></strong></span> <span class='ocrx_word' id='word_1_350' title='bbox 373 2826 506 2883; x_wconf 87' lang='lat' dir='ltr'><strong><em>sermonis</em></strong></span> <span class='ocrx_word' id='word_1_351' title='bbox 528 2827 621 2895; x_wconf 82' lang='lat' dir='ltr'><strong><em>hujus,</em></strong></span> <span class='ocrx_word' id='word_1_352' title='bbox 645 2834 675 2881; x_wconf 93' lang='lat' dir='ltr'><strong><em>ut</em></strong></span> <span class='ocrx_word' id='word_1_353' title='bbox 693 2825 821 2882; x_wconf 90' lang='lat' dir='ltr'><strong><em>continuo</em></strong></span> <span class='ocrx_word' id='word_1_354' title='bbox 839 2826 951 2898; x_wconf 87' lang='lat' dir='ltr'><strong><em>incipiat</em></strong></span> <span class='ocrx_word' id='word_1_355' title='bbox 972 2828 1060 2882; x_wconf 90' lang='lat' dir='ltr'><strong><em>miuus</em></strong></span> <span class='ocrx_word' id='word_1_356' title='bbox 1115 2822 1298 2879; x_wconf 76' lang='lat' dir='ltr'><strong><em>condemnet?</em></strong></span> <span class='ocrx_word' id='word_1_357' title='bbox 1319 2824 1441 2879; x_wconf 86' lang='lat' dir='ltr'><strong><em>Christus</em></strong></span> <span class='ocrx_word' id='word_1_358' title='bbox 1461 2825 1507 2897; x_wconf 92' lang='lat' dir='ltr'><strong><em>qui</em></strong></span> <span class='ocrx_word' id='word_1_359' title='bbox 1529 2831 1616 2890; x_wconf 84' lang='lat' dir='ltr'><strong><em>sanat,</em></strong></span> <span class='ocrx_word' id='word_1_360' title='bbox 1640 2823 1701 2896; x_wconf 90' lang='lat' dir='ltr'><strong><em>quis</em></strong></span> <span class='ocrx_word' id='word_1_361' title='bbox 1723 2830 1767 2879; x_wconf 91' lang='lat' dir='ltr'><strong><em>est</em></strong></span> <span class='ocrx_word' id='word_1_362' title='bbox 1792 2823 1842 2895; x_wconf 92' lang='lat' dir='ltr'><strong><em>qui</em></strong></span> <span class='ocrx_word' id='word_1_363' title='bbox 1859 2823 1917 2879; x_wconf 84' lang='lat' dir='ltr'><strong><em>rui-</em></strong></span> 
     </span>
     <span class='ocr_line' id='line_1_28' title="bbox 267 2910 1918 2988; baseline -0.003 -17"><span class='ocrx_word' id='word_1_364' title='bbox 267 2929 375 2988; x_wconf 86' lang='lat' dir='ltr'><strong><em>sapere,</em></strong></span> <span class='ocrx_word' id='word_1_365' title='bbox 400 2914 424 2970; x_wconf 89' lang='lat' dir='ltr'><strong><em>si</em></strong></span> <span class='ocrx_word' id='word_1_366' title='bbox 443 2931 525 2982; x_wconf 82' lang='lat' dir='ltr'><strong><em>unum</em></strong></span> <span class='ocrx_word' id='word_1_367' title='bbox 548 2914 605 2970; x_wconf 89' lang='lat' dir='ltr'><strong><em>iota</em></strong></span> <span class='ocrx_word' id='word_1_368' title='bbox 621 2921 769 2971; x_wconf 87' lang='lat' dir='ltr'><strong><em>mutavero.</em></strong></span> <span class='ocrx_word' id='word_1_369' title='bbox 789 2935 801 2965; x_wconf 83' lang='lat' dir='ltr'>u</span> <span class='ocrx_word' id='word_1_370' title='bbox 824 2915 904 2970; x_wconf 87' lang='lat' dir='ltr'><strong><em>lesus</em></strong></span> <span class='ocrx_word' id='word_1_371' title='bbox 927 2915 1059 2982; x_wconf 86' lang='lat' dir='ltr'><strong><em>Christus,</em></strong></span> <span class='ocrx_word' id='word_1_372' title='bbox 1115 2910 1211 2968; x_wconf 82' lang='lat' dir='ltr'><strong><em>neretl</em></strong></span> <span class='ocrx_word' id='word_1_373' title='bbox 1228 2910 1312 2968; x_wconf 83' lang='lat' dir='ltr'><strong><em>Filius</em></strong></span> <span class='ocrx_word' id='word_1_374' title='bbox 1337 2912 1387 2968; x_wconf 90' lang='lat' dir='ltr'><strong><em>Dei</em></strong></span> <span class='ocrx_word' id='word_1_375' title='bbox 1415 2913 1463 2985; x_wconf 90' lang='lat' dir='ltr'><strong><em>qui</em></strong></span> <span class='ocrx_word' id='word_1_376' title='bbox 1486 2913 1596 2986; x_wconf 87' lang='lat' dir='ltr'><strong><em>exaltat,</em></strong></span> <span class='ocrx_word' id='word_1_377' title='bbox 1614 2915 1676 2985; x_wconf 92' lang='lat' dir='ltr'><strong><em>quis</em></strong></span> <span class='ocrx_word' id='word_1_378' title='bbox 1695 2912 1800 2984; x_wconf 91' lang='lat' dir='ltr'><strong><em>estqui</em></strong></span> <span class='ocrx_word' id='word_1_379' title='bbox 1823 2912 1918 2968; x_wconf 89' lang='lat' dir='ltr'><strong><em>humi-</em></strong></span> 
     </span>
    </p>

    <p class='ocr_par' dir='ltr' id='par_1_7' title="bbox 268 2998 1183 3071">
     <span class='ocr_line' id='line_1_29' title="bbox 268 2998 1183 3071; baseline -0.001 -16"><span class='ocrx_word' id='word_1_380' title='bbox 268 3026 282 3055; x_wconf 79' lang='lat'><strong>«</strong></span> <span class='ocrx_word' id='word_1_381' title='bbox 301 3003 383 3061; x_wconf 88' lang='lat' dir='ltr'><strong><em>Filius</em></strong></span> <span class='ocrx_word' id='word_1_382' title='bbox 397 3005 457 3071; x_wconf 84' lang='lat' dir='ltr'><strong><em>Dei,</em></strong></span> <span class='ocrx_word' id='word_1_383' title='bbox 473 3003 592 3060; x_wconf 84' lang='lat' dir='ltr'><strong><em>nascitur</em></strong></span> <span class='ocrx_word' id='word_1_384' title='bbox 606 3003 635 3059; x_wconf 90' lang='lat' dir='ltr'><strong><em>in</em></strong></span> <span class='ocrx_word' id='word_1_385' title='bbox 650 3002 806 3060; x_wconf 88' lang='lat' dir='ltr'><strong><em>Bethlehem</em></strong></span> <span class='ocrx_word' id='word_1_386' title='bbox 820 3003 907 3060; x_wconf 86' lang='lat' dir='ltr'><strong><em>tudae.</em></strong></span> <span class='ocrx_word' id='word_1_387' title='bbox 924 3023 937 3056; x_wconf 82' lang='lat' dir='ltr'><strong><em>u</em></strong></span> <span class='ocrx_word' id='word_1_388' title='bbox 954 3003 1061 3060; x_wconf 88' lang='lat' dir='ltr'><strong><em>Oneti·</em></strong></span> <span class='ocrx_word' id='word_1_389' title='bbox 1115 2998 1183 3056; x_wconf 75' lang='lat' dir='ltr'><strong><em>liet?</em></strong></span> 
     </span>
    </p>

    <p class='ocr_par' dir='ltr' id='par_1_8' title="bbox 266 3087 1921 3253">
     <span class='ocr_line' id='line_1_30' title="bbox 266 3087 1919 3166; baseline -0.004 -17"><span class='ocrx_word' id='word_1_390' title='bbox 266 3092 336 3149; x_wconf 85' lang='lat' dir='ltr'><strong><em>vites</em></strong></span> <span class='ocrx_word' id='word_1_391' title='bbox 348 3092 451 3149; x_wconf 86' lang='lat' dir='ltr'><strong><em>illibata</em></strong></span> <span class='ocrx_word' id='word_1_392' title='bbox 465 3092 618 3164; x_wconf 78' lang='lat' dir='ltr'><strong><em>sanctitate,</em></strong></span> <span class='ocrx_word' id='word_1_393' title='bbox 635 3091 801 3148; x_wconf 89' lang='lat' dir='ltr'><strong><em>honorabilis</em></strong></span> <span class='ocrx_word' id='word_1_394' title='bbox 814 3093 926 3158; x_wconf 88' lang='lat' dir='ltr'><strong><em>mundo,</em></strong></span> <span class='ocrx_word' id='word_1_395' title='bbox 938 3092 1059 3148; x_wconf 89' lang='lat' dir='ltr'><strong><em>amabilis</em></strong></span> <span class='ocrx_word' id='word_1_396' title='bbox 1152 3094 1179 3147; x_wconf 87' lang='lat'><strong><em>3.</em></strong></span> <span class='ocrx_word' id='word_1_397' title='bbox 1193 3089 1319 3146; x_wconf 85' lang='lat' dir='ltr'><strong><em>Nascitur</em></strong></span> <span class='ocrx_word' id='word_1_398' title='bbox 1336 3106 1403 3166; x_wconf 85' lang='lat' dir='ltr'><strong><em>ergo</em></strong></span> <span class='ocrx_word' id='word_1_399' title='bbox 1417 3090 1511 3159; x_wconf 87' lang='lat' dir='ltr'><strong><em>lesus;</em></strong></span> <span class='ocrx_word' id='word_1_400' title='bbox 1525 3089 1644 3162; x_wconf 60' lang='lat' dir='ltr'><strong><em>madeat</em></strong></span> <span class='ocrx_word' id='word_1_401' title='bbox 1660 3088 1784 3162; x_wconf 90' lang='lat' dir='ltr'><strong><em>quisquis</em></strong></span> <span class='ocrx_word' id='word_1_402' title='bbox 1801 3087 1850 3146; x_wconf 90' lang='lat' dir='ltr'><strong><em>ille</em></strong></span> <span class='ocrx_word' id='word_1_403' title='bbox 1867 3095 1919 3157; x_wconf 89' lang='lat' dir='ltr'><strong><em>est,</em></strong></span> 
     </span>
     <span class='ocr_line' id='line_1_31' title="bbox 266 3179 1921 3253; baseline -0.002 -16"><span class='ocrx_word' id='word_1_404' title='bbox 266 3181 419 3239; x_wconf 88' lang='lat' dir='ltr'><strong><em>hominibus</em></strong></span> <span class='ocrx_word' id='word_1_405' title='bbox 440 3181 530 3238; x_wconf 90' lang='lat' dir='ltr'><strong><em>collati</em></strong></span> <span class='ocrx_word' id='word_1_406' title='bbox 545 3180 732 3252; x_wconf 82' lang='lat' dir='ltr'><strong><em>magnitudine</em></strong></span> <span class='ocrx_word' id='word_1_407' title='bbox 755 3179 890 3249; x_wconf 85' lang='lat' dir='ltr'><strong><em>beneficii,</em></strong></span> <span class='ocrx_word' id='word_1_408' title='bbox 913 3181 1060 3253; x_wconf 85' lang='lat' dir='ltr'><strong><em>investiga·</em></strong></span> <span class='ocrx_word' id='word_1_409' title='bbox 1116 3194 1198 3250; x_wconf 91' lang='lat' dir='ltr'><strong><em>quem</em></strong></span> <span class='ocrx_word' id='word_1_410' title='bbox 1213 3185 1353 3251; x_wconf 78' lang='lat' dir='ltr'><strong><em>perpetuae</em></strong></span> <span class='ocrx_word' id='word_1_411' title='bbox 1368 3179 1553 3235; x_wconf 87' lang='lat' dir='ltr'><strong><em>damnationis</em></strong></span> <span class='ocrx_word' id='word_1_412' title='bbox 1566 3195 1642 3235; x_wconf 89' lang='lat' dir='ltr'><strong><em>reum</em></strong></span> <span class='ocrx_word' id='word_1_413' title='bbox 1659 3179 1835 3250; x_wconf 84' lang='lat' dir='ltr'><strong><em>adjudicabat</em></strong></span> <span class='ocrx_word' id='word_1_414' title='bbox 1849 3195 1921 3236; x_wconf 88' lang='lat' dir='ltr'><strong><em>eon-</em></strong></span> 
     </span>
    </p>
   </div>
   <div class='ocr_carea' id='block_1_5' title="bbox 264 3268 1065 4407">
    <p class='ocr_par' dir='ltr' id='par_1_9' title="bbox 264 3268 1065 4407">
     <span class='ocr_line' id='line_1_32' title="bbox 265 3268 1061 3342; baseline -0.001 -16"><span class='ocrx_word' id='word_1_415' title='bbox 265 3271 327 3326; x_wconf 88' lang='lat' dir='ltr'><strong><em>bilis</em></strong></span> <span class='ocrx_word' id='word_1_416' title='bbox 341 3271 422 3327; x_wconf 86' lang='lat' dir='ltr'><strong><em>etiam</em></strong></span> <span class='ocrx_word' id='word_1_417' title='bbox 437 3270 543 3342; x_wconf 85' lang='lat' dir='ltr'><strong><em>angelis</em></strong></span> <span class='ocrx_word' id='word_1_418' title='bbox 557 3269 628 3325; x_wconf 89' lang='lat' dir='ltr'><strong><em>sacri</em></strong></span> <span class='ocrx_word' id='word_1_419' title='bbox 642 3268 826 3342; x_wconf 83' lang='lat' dir='ltr'><strong><em>profunditate</em></strong></span> <span class='ocrx_word' id='word_1_420' title='bbox 845 3270 978 3342; x_wconf 85' lang='lat' dir='ltr'><strong><em>mysterii,</em></strong></span> <span class='ocrx_word' id='word_1_421' title='bbox 993 3277 1021 3325; x_wconf 89' lang='lat' dir='ltr'><strong><em>et</em></strong></span> <span class='ocrx_word' id='word_1_422' title='bbox 1033 3271 1061 3325; x_wconf 92' lang='lat' dir='ltr'><strong><em>iu</em></strong></span> 
     </span>
     <span class='ocr_line' id='line_1_33' title="bbox 266 3357 1060 3431; baseline -0.003 -15"><span class='ocrx_word' id='word_1_423' title='bbox 266 3361 307 3416; x_wconf 89' lang='lat' dir='ltr'><strong><em>liis</em></strong></span> <span class='ocrx_word' id='word_1_424' title='bbox 320 3360 447 3417; x_wconf 89' lang='lat' dir='ltr'><strong><em>omuibus</em></strong></span> <span class='ocrx_word' id='word_1_425' title='bbox 460 3357 627 3414; x_wconf 89' lang='lat' dir='ltr'><strong><em>admirabilis</em></strong></span> <span class='ocrx_word' id='word_1_426' title='bbox 646 3358 777 3431; x_wconf 78' lang='lat' dir='ltr'><strong><em>singulari</em></strong></span> <span class='ocrx_word' id='word_1_427' title='bbox 795 3357 954 3415; x_wconf 84' lang='lat' dir='ltr'><strong><em>excellentia</em></strong></span> <span class='ocrx_word' id='word_1_428' title='bbox 978 3359 1060 3416; x_wconf 89' lang='lat' dir='ltr'><strong><em>novi·</em></strong></span> 
     </span>
     <span class='ocr_line' id='line_1_34' title="bbox 265 3446 1062 3521; baseline -0.003 -15"><span class='ocrx_word' id='word_1_429' title='bbox 265 3449 343 3506; x_wconf 86' lang='lat' dir='ltr'><strong><em>tatis!</em></strong></span> <span class='ocrx_word' id='word_1_430' title='bbox 358 3455 453 3521; x_wconf 91' lang='lat' dir='ltr'><strong><em>utpote</em></strong></span> <span class='ocrx_word' id='word_1_431' title='bbox 468 3464 529 3520; x_wconf 86' lang='lat' dir='ltr'><strong><em>quae</em></strong></span> <span class='ocrx_word' id='word_1_432' title='bbox 543 3463 595 3504; x_wconf 92' lang='lat' dir='ltr'><strong><em>nec</em></strong></span> <span class='ocrx_word' id='word_1_433' title='bbox 608 3446 723 3520; x_wconf 89' lang='lat' dir='ltr'><strong><em>primam</em></strong></span> <span class='ocrx_word' id='word_1_434' title='bbox 740 3447 855 3503; x_wconf 88' lang='lat' dir='ltr'><strong><em>similem</em></strong></span> <span class='ocrx_word' id='word_1_435' title='bbox 869 3448 928 3504; x_wconf 87' lang='lat' dir='ltr'><strong><em>visa</em></strong></span> <span class='ocrx_word' id='word_1_436' title='bbox 942 3456 994 3516; x_wconf 91' lang='lat' dir='ltr'><strong><em>est,</em></strong></span> <span class='ocrx_word' id='word_1_437' title='bbox 1011 3465 1062 3504; x_wconf 93' lang='lat' dir='ltr'><strong><em>nec</em></strong></span> 
     </span>
     <span class='ocr_line' id='line_1_35' title="bbox 265 3536 1062 3609; baseline -0.003 -15"><span class='ocrx_word' id='word_1_438' title='bbox 265 3539 368 3595; x_wconf 87' lang='lat' dir='ltr'><strong><em>hebere</em></strong></span> <span class='ocrx_word' id='word_1_439' title='bbox 384 3544 555 3609; x_wconf 88' lang='lat' dir='ltr'><strong><em>sequentem.</em></strong></span> <span class='ocrx_word' id='word_1_440' title='bbox 571 3536 594 3592; x_wconf 95' lang='lat'>0</span> <span class='ocrx_word' id='word_1_441' title='bbox 608 3543 702 3607; x_wconf 89' lang='lat' dir='ltr'><strong><em>partus</em></strong></span> <span class='ocrx_word' id='word_1_442' title='bbox 716 3537 790 3593; x_wconf 90' lang='lat' dir='ltr'><strong><em>solus</em></strong></span> <span class='ocrx_word' id='word_1_443' title='bbox 800 3537 859 3592; x_wconf 90' lang='lat' dir='ltr'><strong><em>sine</em></strong></span> <span class='ocrx_word' id='word_1_444' title='bbox 873 3537 978 3607; x_wconf 89' lang='lat' dir='ltr'><strong><em>dolore,</em></strong></span> <span class='ocrx_word' id='word_1_445' title='bbox 989 3537 1062 3593; x_wconf 91' lang='lat' dir='ltr'><strong><em>solus</em></strong></span> 
     </span>
     <span class='ocr_line' id='line_1_36' title="bbox 266 3621 1060 3697; baseline -0.004 -15"><span class='ocrx_word' id='word_1_446' title='bbox 266 3621 375 3682; x_wconf 86' lang='lat' dir='ltr'><strong><em>nescius</em></strong></span> <span class='ocrx_word' id='word_1_447' title='bbox 384 3624 508 3697; x_wconf 91' lang='lat' dir='ltr'><strong><em>pudoris,</em></strong></span> <span class='ocrx_word' id='word_1_448' title='bbox 521 3625 702 3696; x_wconf 88' lang='lat' dir='ltr'><strong><em>corruptionis</em></strong></span> <span class='ocrx_word' id='word_1_449' title='bbox 715 3625 843 3696; x_wconf 79' lang='lat' dir='ltr'><strong><em>ignarus3</em></strong></span> <span class='ocrx_word' id='word_1_450' title='bbox 859 3639 915 3680; x_wconf 92' lang='lat' dir='ltr'><strong><em>non</em></strong></span> <span class='ocrx_word' id='word_1_451' title='bbox 925 3639 1060 3690; x_wconf 88' lang='lat' dir='ltr'><strong><em>reserens,</em></strong></span> 
     </span>
     <span class='ocr_line' id='line_1_37' title="bbox 266 3711 1063 3786; baseline -0.003 -16"><span class='ocrx_word' id='word_1_452' title='bbox 266 3713 315 3770; x_wconf 87' lang='lat' dir='ltr'><strong><em>sed</em></strong></span> <span class='ocrx_word' id='word_1_453' title='bbox 329 3728 496 3770; x_wconf 90' lang='lat' dir='ltr'><strong><em>consecrans</em></strong></span> <span class='ocrx_word' id='word_1_454' title='bbox 510 3712 648 3786; x_wconf 87' lang='lat' dir='ltr'><strong><em>virginalis</em></strong></span> <span class='ocrx_word' id='word_1_455' title='bbox 661 3713 728 3769; x_wconf 90' lang='lat' dir='ltr'><strong><em>uteri</em></strong></span> <span class='ocrx_word' id='word_1_456' title='bbox 743 3713 872 3785; x_wconf 87' lang='lat' dir='ltr'><strong><em>templum</em></strong></span> <span class='ocrx_word' id='word_1_457' title='bbox 884 3711 890 3768; x_wconf 96' lang='lat' dir='ltr'><strong><em>l</em></strong></span> <span class='ocrx_word' id='word_1_458' title='bbox 904 3712 1063 3769; x_wconf 90' lang='lat' dir='ltr'><strong><em>Ouativitas</em></strong></span> 
     </span>
     <span class='ocr_line' id='line_1_38' title="bbox 267 3800 1063 3874; baseline 0 -16"><span class='ocrx_word' id='word_1_459' title='bbox 267 3817 350 3874; x_wconf 85' lang='lat' dir='ltr'><strong><em>supra</em></strong></span> <span class='ocrx_word' id='word_1_460' title='bbox 366 3809 499 3869; x_wconf 84' lang='lat' dir='ltr'><strong><em>naturam,</em></strong></span> <span class='ocrx_word' id='word_1_461' title='bbox 516 3802 564 3858; x_wconf 90' lang='lat' dir='ltr'><strong><em>sed</em></strong></span> <span class='ocrx_word' id='word_1_462' title='bbox 578 3817 629 3874; x_wconf 93' lang='lat' dir='ltr'><strong><em>pro</em></strong></span> <span class='ocrx_word' id='word_1_463' title='bbox 645 3810 754 3870; x_wconf 87' lang='lat' dir='ltr'><strong><em>natura;</em></strong></span> <span class='ocrx_word' id='word_1_464' title='bbox 766 3800 887 3858; x_wconf 84' lang='lat' dir='ltr'><strong><em>miraculi</em></strong></span> <span class='ocrx_word' id='word_1_465' title='bbox 902 3801 1063 3859; x_wconf 81' lang='lat' dir='ltr'><strong><em>excellentia</em></strong></span> 
     </span>
     <span class='ocr_line' id='line_1_39' title="bbox 266 3890 1062 3963; baseline 0.001 -17"><span class='ocrx_word' id='word_1_466' title='bbox 266 3905 410 3963; x_wconf 90' lang='lat' dir='ltr'><strong><em>superans,</em></strong></span> <span class='ocrx_word' id='word_1_467' title='bbox 438 3891 487 3946; x_wconf 88' lang='lat' dir='ltr'><strong><em>scd</em></strong></span> <span class='ocrx_word' id='word_1_468' title='bbox 511 3906 638 3963; x_wconf 84' lang='lat' dir='ltr'><strong><em>reparans</em></strong></span> <span class='ocrx_word' id='word_1_469' title='bbox 663 3890 759 3947; x_wconf 84' lang='lat' dir='ltr'><strong><em>virtute</em></strong></span> <span class='ocrx_word' id='word_1_470' title='bbox 781 3890 919 3962; x_wconf 82' lang='lat' dir='ltr'><strong><em>mysteriil</em></strong></span> <span class='ocrx_word' id='word_1_471' title='bbox 942 3890 1062 3962; x_wconf 83' lang='lat' dir='ltr'><strong><em>Fratres,</em></strong></span> 
     </span>
     <span class='ocr_line' id='line_1_40' title="bbox 264 3978 1063 4053; baseline -0.003 -17"><span class='ocrx_word' id='word_1_472' title='bbox 264 3979 472 4053; x_wconf 72' lang='lat' dir='ltr'><strong><em>generationem</em></strong></span> <span class='ocrx_word' id='word_1_473' title='bbox 483 3978 560 4035; x_wconf 83' lang='lat' dir='ltr'><strong><em>istam</em></strong></span> <span class='ocrx_word' id='word_1_474' title='bbox 575 3979 636 4052; x_wconf 91' lang='lat' dir='ltr'><strong><em>quis</em></strong></span> <span class='ocrx_word' id='word_1_475' title='bbox 649 3979 807 4035; x_wconf 72' lang='lat' dir='ltr'><strong><em>enarrabit?</em></strong></span> <span class='ocrx_word' id='word_1_476' title='bbox 816 3979 937 4051; x_wconf 76' lang='lat' dir='ltr'><strong><em>Angelus</em></strong></span> <span class='ocrx_word' id='word_1_477' title='bbox 949 3980 1063 4046; x_wconf 90' lang='lat' dir='ltr'><strong><em>nuntiat,</em></strong></span> 
     </span>
     <span class='ocr_line' id='line_1_41' title="bbox 265 4067 1064 4141; baseline -0.003 -14"><span class='ocrx_word' id='word_1_478' title='bbox 265 4069 350 4127; x_wconf 78' lang='lat' dir='ltr'><strong><em>virtus</em></strong></span> <span class='ocrx_word' id='word_1_479' title='bbox 359 4069 504 4125; x_wconf 90' lang='lat' dir='ltr'><strong><em>obumbret</em></strong></span> <span class='ocrx_word' id='word_1_480' title='bbox 514 4068 625 4124; x_wconf 78' lang='lat' dir='ltr'><strong><em>Altissiu</em></strong></span> <span class='ocrx_word' id='word_1_481' title='bbox 637 4067 656 4134; x_wconf 91' lang='lat' dir='ltr'><strong><em>i,</em></strong></span> <span class='ocrx_word' id='word_1_482' title='bbox 668 4067 826 4141; x_wconf 87' lang='lat' dir='ltr'><strong><em>supervenit</em></strong></span> <span class='ocrx_word' id='word_1_483' title='bbox 836 4067 967 4140; x_wconf 86' lang='lat' dir='ltr'><strong><em>Spiritus:</em></strong></span> <span class='ocrx_word' id='word_1_484' title='bbox 982 4068 1064 4140; x_wconf 83' lang='lat' dir='ltr'><strong><em>Virgo</em></strong></span> 
     </span>
     <span class='ocr_line' id='line_1_42' title="bbox 265 4155 1065 4229; baseline 0.001 -16"><span class='ocrx_word' id='word_1_485' title='bbox 265 4157 363 4223; x_wconf 87' lang='lat' dir='ltr'><strong><em>credit,</em></strong></span> <span class='ocrx_word' id='word_1_486' title='bbox 386 4155 440 4212; x_wconf 88' lang='lat' dir='ltr'><strong><em>lide</em></strong></span> <span class='ocrx_word' id='word_1_487' title='bbox 463 4155 581 4227; x_wconf 86' lang='lat' dir='ltr'><strong><em>concipit</em></strong></span> <span class='ocrx_word' id='word_1_488' title='bbox 602 4155 698 4228; x_wconf 79' lang='lat' dir='ltr'><strong><em>virgo,</em></strong></span> <span class='ocrx_word' id='word_1_489' title='bbox 713 4155 831 4226; x_wconf 87' lang='lat' dir='ltr'><strong><em>parturit</em></strong></span> <span class='ocrx_word' id='word_1_490' title='bbox 856 4156 945 4229; x_wconf 82' lang='lat' dir='ltr'><strong><em>virgo,</em></strong></span> <span class='ocrx_word' id='word_1_491' title='bbox 973 4165 1065 4214; x_wconf 88' lang='lat' dir='ltr'><strong><em>manet</em></strong></span> 
     </span>
     <span class='ocr_line' id='line_1_43' title="bbox 267 4243 1063 4319; baseline -0.001 -17"><span class='ocrx_word' id='word_1_492' title='bbox 267 4246 345 4319; x_wconf 85' lang='lat' dir='ltr'><strong><em>uirgo</em></strong></span> <span class='ocrx_word' id='word_1_493' title='bbox 358 4263 364 4300; x_wconf 91' lang='lat'>:</span> <span class='ocrx_word' id='word_1_494' title='bbox 378 4244 438 4317; x_wconf 87' lang='lat' dir='ltr'><strong><em>quis</em></strong></span> <span class='ocrx_word' id='word_1_495' title='bbox 463 4259 518 4299; x_wconf 92' lang='lat' dir='ltr'><strong><em>nou</em></strong></span> <span class='ocrx_word' id='word_1_496' title='bbox 531 4243 663 4300; x_wconf 87' lang='lat' dir='ltr'><strong><em>mireturi</em></strong></span> <span class='ocrx_word' id='word_1_497' title='bbox 677 4245 806 4302; x_wconf 89' lang='lat' dir='ltr'><strong><em>Nascitur</em></strong></span> <span class='ocrx_word' id='word_1_498' title='bbox 824 4245 956 4301; x_wconf 74' lang='lat' dir='ltr'><strong><em>ditissimi</em></strong></span> <span class='ocrx_word' id='word_1_499' title='bbox 969 4245 1063 4316; x_wconf 84' lang='lat' dir='ltr'><strong><em>Filius,</em></strong></span> 
     </span>
     <span class='ocr_line' id='line_1_44' title="bbox 267 4331 1065 4407; baseline -0.001 -17"><span class='ocrx_word' id='word_1_500' title='bbox 267 4335 341 4390; x_wconf 87' lang='lat' dir='ltr'><strong><em>Beus</em></strong></span> <span class='ocrx_word' id='word_1_501' title='bbox 351 4332 385 4389; x_wconf 94' lang='lat' dir='ltr'><strong><em>de</em></strong></span> <span class='ocrx_word' id='word_1_502' title='bbox 396 4333 454 4388; x_wconf 89' lang='lat' dir='ltr'><strong><em>Beo</em></strong></span> <span class='ocrx_word' id='word_1_503' title='bbox 469 4331 578 4407; x_wconf 87' lang='lat' dir='ltr'><strong><em>genitus</em></strong></span> <span class='ocrx_word' id='word_1_504' title='bbox 596 4340 660 4389; x_wconf 91' lang='lat' dir='ltr'><strong><em>ante</em></strong></span> <span class='ocrx_word' id='word_1_505' title='bbox 675 4333 788 4402; x_wconf 76' lang='lat' dir='ltr'><strong><em>saecule,</em></strong></span> <span class='ocrx_word' id='word_1_506' title='bbox 814 4333 931 4391; x_wconf 88' lang='lat' dir='ltr'><strong><em>nascitur</em></strong></span> <span class='ocrx_word' id='word_1_507' title='bbox 945 4334 1065 4392; x_wconf 88' lang='lat' dir='ltr'><strong><em>Verbum</em></strong></span> 
     </span>
    </p>
   </div>
   <div class='ocr_carea' id='block_1_6' title="bbox 1116 3267 1924 4405">
    <p class='ocr_par' dir='ltr' id='par_1_10' title="bbox 1116 3267 1924 4405">
     <span class='ocr_line' id='line_1_45' title="bbox 1117 3267 1921 3341; baseline 0 -19"><span class='ocrx_word' id='word_1_508' title='bbox 1117 3267 1231 3324; x_wconf 86' lang='lat' dir='ltr'><strong><em>scientie</em></strong></span> <span class='ocrx_word' id='word_1_509' title='bbox 1253 3277 1438 3340; x_wconf 88' lang='lat' dir='ltr'><strong><em>peccatorum.</em></strong></span> <span class='ocrx_word' id='word_1_510' title='bbox 1467 3267 1582 3324; x_wconf 87' lang='lat' dir='ltr'><strong><em>Excedit</em></strong></span> <span class='ocrx_word' id='word_1_511' title='bbox 1609 3268 1711 3341; x_wconf 90' lang='lat' dir='ltr'><strong><em>quippe</em></strong></span> <span class='ocrx_word' id='word_1_512' title='bbox 1736 3267 1828 3339; x_wconf 90' lang='lat' dir='ltr'><strong><em>pietas</em></strong></span> <span class='ocrx_word' id='word_1_513' title='bbox 1854 3269 1921 3324; x_wconf 88' lang='lat' dir='ltr'><strong><em>Jesu</em></strong></span> 
     </span>
     <span class='ocr_line' id='line_1_46' title="bbox 1118 3355 1919 3428; baseline -0.005 -16"><span class='ocrx_word' id='word_1_514' title='bbox 1118 3370 1228 3412; x_wconf 89' lang='lat' dir='ltr'><strong><em>omnem</em></strong></span> <span class='ocrx_word' id='word_1_515' title='bbox 1252 3356 1395 3412; x_wconf 89' lang='lat' dir='ltr'><strong><em>criminum</em></strong></span> <span class='ocrx_word' id='word_1_516' title='bbox 1415 3357 1596 3428; x_wconf 85' lang='lat' dir='ltr'><strong><em>quantitatem</em></strong></span> <span class='ocrx_word' id='word_1_517' title='bbox 1607 3372 1655 3412; x_wconf 92' lang='lat' dir='ltr'><strong><em>seu</em></strong></span> <span class='ocrx_word' id='word_1_518' title='bbox 1678 3355 1919 3412; x_wconf 83' lang='lat' dir='ltr'><strong><em>numerositatem.</em></strong></span> 
     </span>
     <span class='ocr_line' id='line_1_47' title="bbox 1116 3443 1922 3518; baseline -0.001 -17"><span class='ocrx_word' id='word_1_519' title='bbox 1116 3444 1243 3501; x_wconf 86' lang='lat' dir='ltr'><strong><em>Nascitur</em></strong></span> <span class='ocrx_word' id='word_1_520' title='bbox 1261 3443 1524 3516; x_wconf 80' lang='lat' dir='ltr'><strong><em>Christus31aetetur</em></strong></span> <span class='ocrx_word' id='word_1_521' title='bbox 1543 3445 1707 3518; x_wconf 90' lang='lat' dir='ltr'><strong><em>quicumque</em></strong></span> <span class='ocrx_word' id='word_1_522' title='bbox 1730 3443 1806 3500; x_wconf 88' lang='lat' dir='ltr'><strong><em>vitiis</em></strong></span> <span class='ocrx_word' id='word_1_523' title='bbox 1830 3445 1922 3515; x_wconf 88' lang='lat' dir='ltr'><strong><em>impu·</em></strong></span> 
     </span>
     <span class='ocr_line' id='line_1_48' title="bbox 1118 3531 1921 3607; baseline 0.001 -21"><span class='ocrx_word' id='word_1_524' title='bbox 1118 3531 1253 3607; x_wconf 86' lang='lat' dir='ltr'><strong><em>guabatur</em></strong></span> <span class='ocrx_word' id='word_1_525' title='bbox 1267 3531 1396 3605; x_wconf 73' lang='lat' dir='ltr'><strong><em>antiquis,</em></strong></span> <span class='ocrx_word' id='word_1_526' title='bbox 1420 3533 1561 3606; x_wconf 90' lang='lat' dir='ltr'><strong><em>Siquidem</em></strong></span> <span class='ocrx_word' id='word_1_527' title='bbox 1584 3541 1648 3590; x_wconf 86' lang='lat' dir='ltr'><strong><em>aute</em></strong></span> <span class='ocrx_word' id='word_1_528' title='bbox 1663 3531 1761 3588; x_wconf 84' lang='lat' dir='ltr'><strong><em>faciem</em></strong></span> <span class='ocrx_word' id='word_1_529' title='bbox 1780 3535 1921 3589; x_wconf 83' lang='lat' dir='ltr'><strong><em>unctionis</em></strong></span> 
     </span>
     <span class='ocr_line' id='line_1_49' title="bbox 1118 3620 1919 3695; baseline 0.001 -18"><span class='ocrx_word' id='word_1_530' title='bbox 1118 3620 1220 3677; x_wconf 87' lang='lat' dir='ltr'><strong><em>Christi</em></strong></span> <span class='ocrx_word' id='word_1_531' title='bbox 1239 3621 1329 3677; x_wconf 90' lang='lat' dir='ltr'><strong><em>nullus</em></strong></span> <span class='ocrx_word' id='word_1_532' title='bbox 1344 3621 1455 3678; x_wconf 89' lang='lat' dir='ltr'><strong><em>omnino</em></strong></span> <span class='ocrx_word' id='word_1_533' title='bbox 1476 3630 1549 3678; x_wconf 88' lang='lat' dir='ltr'><strong><em>stare</em></strong></span> <span class='ocrx_word' id='word_1_534' title='bbox 1562 3621 1663 3695; x_wconf 90' lang='lat' dir='ltr'><strong><em>poterit</em></strong></span> <span class='ocrx_word' id='word_1_535' title='bbox 1682 3621 1793 3678; x_wconf 88' lang='lat' dir='ltr'><strong><em>morbus</em></strong></span> <span class='ocrx_word' id='word_1_536' title='bbox 1807 3623 1919 3692; x_wconf 82' lang='lat' dir='ltr'><strong><em>animae,</em></strong></span> 
     </span>
     <span class='ocr_line' id='line_1_50' title="bbox 1119 3709 1921 3783; baseline 0.002 -17"><span class='ocrx_word' id='word_1_537' title='bbox 1119 3710 1267 3783; x_wconf 85' lang='lat' dir='ltr'><strong><em>quamlibet</em></strong></span> <span class='ocrx_word' id='word_1_538' title='bbox 1281 3709 1457 3767; x_wconf 83' lang='lat' dir='ltr'><strong><em>inveteratus.</em></strong></span> <span class='ocrx_word' id='word_1_539' title='bbox 1473 3710 1600 3767; x_wconf 87' lang='lat' dir='ltr'><strong><em>Nascitur</em></strong></span> <span class='ocrx_word' id='word_1_540' title='bbox 1614 3710 1697 3767; x_wconf 80' lang='lat' dir='ltr'><strong><em>Filius</em></strong></span> <span class='ocrx_word' id='word_1_541' title='bbox 1711 3711 1781 3778; x_wconf 86' lang='lat' dir='ltr'><strong><em>Dei;</em></strong></span> <span class='ocrx_word' id='word_1_542' title='bbox 1799 3713 1921 3768; x_wconf 84' lang='lat' dir='ltr'><strong><em>exsultet</em></strong></span> 
     </span>
     <span class='ocr_line' id='line_1_51' title="bbox 1120 3799 1920 3874; baseline 0.003 -20"><span class='ocrx_word' id='word_1_543' title='bbox 1120 3800 1165 3871; x_wconf 89' lang='lat' dir='ltr'><strong><em>qni</em></strong></span> <span class='ocrx_word' id='word_1_544' title='bbox 1175 3815 1273 3874; x_wconf 84' lang='lat' dir='ltr'><strong><em>magna</em></strong></span> <span class='ocrx_word' id='word_1_545' title='bbox 1287 3799 1357 3856; x_wconf 90' lang='lat' dir='ltr'><strong><em>solet</em></strong></span> <span class='ocrx_word' id='word_1_546' title='bbox 1371 3799 1539 3870; x_wconf 88' lang='lat' dir='ltr'><strong><em>desiderare,</em></strong></span> <span class='ocrx_word' id='word_1_547' title='bbox 1556 3799 1619 3871; x_wconf 86' lang='lat' dir='ltr'><strong><em>quia</em></strong></span> <span class='ocrx_word' id='word_1_548' title='bbox 1634 3815 1747 3871; x_wconf 87' lang='lat' dir='ltr'><strong><em>maguus</em></strong></span> <span class='ocrx_word' id='word_1_549' title='bbox 1756 3809 1920 3857; x_wconf 82' lang='lat' dir='ltr'><strong><em>munerator</em></strong></span> 
     </span>
     <span class='ocr_line' id='line_1_52' title="bbox 1119 3887 1921 3962; baseline 0.002 -18"><span class='ocrx_word' id='word_1_550' title='bbox 1119 3888 1236 3946; x_wconf 90' lang='lat' dir='ltr'><strong><em>advenit.</em></strong></span> <span class='ocrx_word' id='word_1_551' title='bbox 1251 3890 1370 3955; x_wconf 84' lang='lat' dir='ltr'><strong><em>Fratres,</em></strong></span> <span class='ocrx_word' id='word_1_552' title='bbox 1386 3887 1430 3944; x_wconf 91' lang='lat' dir='ltr'><strong><em>bic</em></strong></span> <span class='ocrx_word' id='word_1_553' title='bbox 1447 3896 1490 3945; x_wconf 93' lang='lat' dir='ltr'><strong><em>est</em></strong></span> <span class='ocrx_word' id='word_1_554' title='bbox 1503 3889 1607 3959; x_wconf 87' lang='lat' dir='ltr'><strong><em>haeres;</em></strong></span> <span class='ocrx_word' id='word_1_555' title='bbox 1624 3889 1721 3946; x_wconf 85' lang='lat' dir='ltr'><strong><em>deuote</em></strong></span> <span class='ocrx_word' id='word_1_556' title='bbox 1736 3889 1921 3962; x_wconf 87' lang='lat' dir='ltr'><strong><em>suscipiamus</em></strong></span> 
     </span>
     <span class='ocr_line' id='line_1_53' title="bbox 1120 3976 1921 4048; baseline 0.001 -14"><span class='ocrx_word' id='word_1_557' title='bbox 1120 3993 1192 4046; x_wconf 91' lang='lat' dir='ltr'><strong><em>eum,</em></strong></span> <span class='ocrx_word' id='word_1_558' title='bbox 1208 3976 1246 4032; x_wconf 84' lang='lat' dir='ltr'><strong><em>sic</em></strong></span> <span class='ocrx_word' id='word_1_559' title='bbox 1259 3992 1331 4032; x_wconf 83' lang='lat' dir='ltr'><strong><em>enim</em></strong></span> <span class='ocrx_word' id='word_1_560' title='bbox 1353 3983 1380 4032; x_wconf 89' lang='lat' dir='ltr'><strong><em>et</em></strong></span> <span class='ocrx_word' id='word_1_561' title='bbox 1400 3977 1545 4034; x_wconf 76' lang='lat' dir='ltr'><strong><em>hereditas</em></strong></span> <span class='ocrx_word' id='word_1_562' title='bbox 1568 3987 1662 4034; x_wconf 90' lang='lat' dir='ltr'><strong><em>nostra</em></strong></span> <span class='ocrx_word' id='word_1_563' title='bbox 1686 3978 1748 4033; x_wconf 88' lang='lat' dir='ltr'><strong><em>erit.</em></strong></span> <span class='ocrx_word' id='word_1_564' title='bbox 1770 3977 1825 4048; x_wconf 83' lang='lat' dir='ltr'><strong><em>Qui</em></strong></span> <span class='ocrx_word' id='word_1_565' title='bbox 1845 3979 1921 4035; x_wconf 86' lang='lat' dir='ltr'><strong><em>enirn</em></strong></span> 
     </span>
     <span class='ocr_line' id='line_1_54' title="bbox 1120 4065 1922 4138; baseline 0.002 -17"><span class='ocrx_word' id='word_1_566' title='bbox 1120 4065 1259 4138; x_wconf 89' lang='lat' dir='ltr'><strong><em>pmprium</em></strong></span> <span class='ocrx_word' id='word_1_567' title='bbox 1282 4065 1378 4121; x_wconf 81' lang='lat' dir='ltr'><strong><em>Filium</em></strong></span> <span class='ocrx_word' id='word_1_568' title='bbox 1399 4065 1484 4136; x_wconf 88' lang='lat' dir='ltr'><strong><em>dedit,</em></strong></span> <span class='ocrx_word' id='word_1_569' title='bbox 1508 4067 1643 4138; x_wconf 91' lang='lat' dir='ltr'><strong><em>quomodo</em></strong></span> <span class='ocrx_word' id='word_1_570' title='bbox 1663 4081 1718 4123; x_wconf 92' lang='lat' dir='ltr'><strong><em>non</em></strong></span> <span class='ocrx_word' id='word_1_571' title='bbox 1733 4066 1826 4122; x_wconf 84' lang='lat' dir='ltr'><strong><em>omnia</em></strong></span> <span class='ocrx_word' id='word_1_572' title='bbox 1842 4069 1922 4124; x_wconf 90' lang='lat' dir='ltr'><strong><em>nobis</em></strong></span> 
     </span>
     <span class='ocr_line' id='line_1_55' title="bbox 1121 4153 1922 4226; baseline 0.005 -18"><span class='ocrx_word' id='word_1_573' title='bbox 1121 4153 1200 4209; x_wconf 70' lang='lat' dir='ltr'><strong><em>dmul</em></strong></span> <span class='ocrx_word' id='word_1_574' title='bbox 1221 4169 1283 4209; x_wconf 88' lang='lat' dir='ltr'><strong><em>curn</em></strong></span> <span class='ocrx_word' id='word_1_575' title='bbox 1305 4153 1373 4210; x_wconf 88' lang='lat' dir='ltr'><strong><em>Filio</em></strong></span> <span class='ocrx_word' id='word_1_576' title='bbox 1395 4153 1531 4214; x_wconf 82' lang='lat' dir='ltr'><strong><em>donavit?</em></strong></span> <span class='ocrx_word' id='word_1_577' title='bbox 1554 4157 1643 4225; x_wconf 85' lang='lat' dir='ltr'><strong><em>(Rom.</em></strong></span> <span class='ocrx_word' id='word_1_578' title='bbox 1668 4169 1730 4224; x_wconf 82' lang='lat' dir='ltr'><strong><em>uuir,</em></strong></span> <span class='ocrx_word' id='word_1_579' title='bbox 1754 4155 1812 4226; x_wconf 75' lang='grc'>32.)</span> <span class='ocrx_word' id='word_1_580' title='bbox 1835 4157 1922 4212; x_wconf 88' lang='lat' dir='ltr'><strong><em>Nemo</em></strong></span> 
     </span>
     <span class='ocr_line' id='line_1_56' title="bbox 1121 4242 1923 4313; baseline 0.001 -14"><span class='ocrx_word' id='word_1_581' title='bbox 1121 4242 1269 4313; x_wconf 89' lang='lat' dir='ltr'><strong><em>discredat,</em></strong></span> <span class='ocrx_word' id='word_1_582' title='bbox 1298 4259 1378 4300; x_wconf 90' lang='lat' dir='ltr'><strong><em>nemo</em></strong></span> <span class='ocrx_word' id='word_1_583' title='bbox 1405 4243 1530 4310; x_wconf 76' lang='lat' dir='ltr'><strong><em>baesitet3</em></strong></span> <span class='ocrx_word' id='word_1_584' title='bbox 1561 4244 1694 4300; x_wconf 87' lang='lat' dir='ltr'><strong><em>habemus</em></strong></span> <span class='ocrx_word' id='word_1_585' title='bbox 1733 4243 1923 4301; x_wconf 90' lang='lat' dir='ltr'><strong><em>testimouium</em></strong></span> 
     </span>
     <span class='ocr_line' id='line_1_57' title="bbox 1122 4331 1924 4405; baseline 0.002 -15"><span class='ocrx_word' id='word_1_586' title='bbox 1122 4332 1252 4390; x_wconf 89' lang='lat' dir='ltr'><strong><em>credibile</em></strong></span> <span class='ocrx_word' id='word_1_587' title='bbox 1258 4331 1353 4389; x_wconf 84' lang='lat' dir='ltr'><strong><em>nimis:</em></strong></span> <span class='ocrx_word' id='word_1_588' title='bbox 1370 4333 1484 4392; x_wconf 79' lang='lat' dir='ltr'><strong><em>Verbum</em></strong></span> <span class='ocrx_word' id='word_1_589' title='bbox 1490 4349 1554 4392; x_wconf 89' lang='lat' dir='ltr'><strong><em>curo</em></strong></span> <span class='ocrx_word' id='word_1_590' title='bbox 1561 4336 1733 4405; x_wconf 79' lang='lat' dir='ltr'><strong><em>factumest,</em></strong></span> <span class='ocrx_word' id='word_1_591' title='bbox 1745 4339 1774 4390; x_wconf 91' lang='lat' dir='ltr'><strong><em>ct</em></strong></span> <span class='ocrx_word' id='word_1_592' title='bbox 1781 4333 1924 4392; x_wconf 80' lang='lat' dir='ltr'><strong><em>habitauit</em></strong></span> 
     </span>
    </p>
   </div>
   <div class='ocr_carea' id='block_1_7' title="bbox 266 4407 1973 5476">
    <p class='ocr_par' dir='ltr' id='par_1_11' title="bbox 266 4407 1973 5476">
     <span class='ocr_line' id='line_1_58' title="bbox 266 4407 1924 4500; baseline 0.001 -23"><span class='ocrx_word' id='word_1_593' title='bbox 266 4422 357 4478; x_wconf 88' lang='lat' dir='ltr'><strong><em>inians</em></strong></span> <span class='ocrx_word' id='word_1_594' title='bbox 374 4440 381 4475; x_wconf 79' lang='lat' dir='ltr'><strong><em>r</em></strong></span> <span class='ocrx_word' id='word_1_595' title='bbox 402 4421 467 4496; x_wconf 91' lang='lat' dir='ltr'><strong><em>quis</em></strong></span> <span class='ocrx_word' id='word_1_596' title='bbox 481 4423 526 4479; x_wconf 87' lang='lat' dir='ltr'><strong><em>vei</em></strong></span> <span class='ocrx_word' id='word_1_597' title='bbox 540 4421 607 4478; x_wconf 89' lang='lat' dir='ltr'><strong><em>satis</em></strong></span> <span class='ocrx_word' id='word_1_598' title='bbox 622 4421 757 4479; x_wconf 75' lang='lat' dir='ltr'><strong><em>miretur?</em></strong></span> <span class='ocrx_word' id='word_1_599' title='bbox 863 4417 866 4424; x_wconf 82' lang='lat'>&#39;</span> <span class='ocrx_word' id='word_1_600' title='bbox 1084 4407 1107 4484; x_wconf 77' lang='grc' dir='ltr'>ὓ</span> <span class='ocrx_word' id='word_1_601' title='bbox 1123 4423 1155 4480; x_wconf 83' lang='lat' dir='ltr'><strong><em>iu</em></strong></span> <span class='ocrx_word' id='word_1_602' title='bbox 1164 4424 1243 4480; x_wconf 82' lang='lat' dir='ltr'><strong><em>mobis</em></strong></span> <span class='ocrx_word' id='word_1_603' title='bbox 1258 4425 1347 4494; x_wconf 82' lang='lat' dir='ltr'><strong><em>(tcum.</em></strong></span> <span class='ocrx_word' id='word_1_604' title='bbox 1363 4437 1383 4490; x_wconf 90' lang='lat' dir='ltr'><strong><em>r,</em></strong></span> <span class='ocrx_word' id='word_1_605' title='bbox 1401 4424 1456 4492; x_wconf 84' lang='lat' dir='ltr'><strong><em>tt).</em></strong></span> <span class='ocrx_word' id='word_1_606' title='bbox 1474 4421 1583 4478; x_wconf 82' lang='lat' dir='ltr'><strong><em>Fratres</em></strong></span> <span class='ocrx_word' id='word_1_607' title='bbox 1601 4423 1704 4480; x_wconf 86' lang='lat' dir='ltr'><strong><em>hebere</em></strong></span> <span class='ocrx_word' id='word_1_608' title='bbox 1717 4422 1804 4481; x_wconf 83' lang='lat' dir='ltr'><strong><em>voluit</em></strong></span> <span class='ocrx_word' id='word_1_609' title='bbox 1819 4422 1924 4500; x_wconf 80' lang='lat' dir='ltr'><strong><em>Unige-</em></strong></span> 
     </span>
     <span class='ocr_line' id='line_1_59' title="bbox 303 4511 1924 4590; baseline 0.002 -24"><span class='ocrx_word' id='word_1_610' title='bbox 303 4514 330 4566; x_wconf 83' lang='lat' dir='ltr'><strong><em>s.</em></strong></span> <span class='ocrx_word' id='word_1_611' title='bbox 345 4512 401 4566; x_wconf 89' lang='lat' dir='ltr'><strong><em>Nec</em></strong></span> <span class='ocrx_word' id='word_1_612' title='bbox 424 4525 490 4566; x_wconf 89' lang='lat' dir='ltr'><strong><em>saue</em></strong></span> <span class='ocrx_word' id='word_1_613' title='bbox 512 4511 598 4567; x_wconf 88' lang='lat' dir='ltr'><strong><em>otiosa</em></strong></span> <span class='ocrx_word' id='word_1_614' title='bbox 622 4511 755 4580; x_wconf 85' lang='lat' dir='ltr'><strong><em>nativitas,</em></strong></span> <span class='ocrx_word' id='word_1_615' title='bbox 775 4520 821 4569; x_wconf 90' lang='lat' dir='ltr'><strong><em>aut</em></strong></span> <span class='ocrx_word' id='word_1_616' title='bbox 838 4513 1007 4570; x_wconf 78' lang='lat' dir='ltr'><strong><em>infructuosa</em></strong></span> <span class='ocrx_word' id='word_1_617' title='bbox 1021 4511 1068 4568; x_wconf 92' lang='lat' dir='ltr'><strong><em>di·</em></strong></span> <span class='ocrx_word' id='word_1_618' title='bbox 1124 4511 1196 4568; x_wconf 91' lang='lat' dir='ltr'><strong><em>nitus</em></strong></span> <span class='ocrx_word' id='word_1_619' title='bbox 1207 4511 1268 4578; x_wconf 86' lang='lat' dir='ltr'><strong><em>Dei,</em></strong></span> <span class='ocrx_word' id='word_1_620' title='bbox 1291 4518 1321 4568; x_wconf 92' lang='lat' dir='ltr'><strong><em>ut</em></strong></span> <span class='ocrx_word' id='word_1_621' title='bbox 1335 4516 1411 4568; x_wconf 87' lang='lat' dir='ltr'><strong><em>esset</em></strong></span> <span class='ocrx_word' id='word_1_622' title='bbox 1427 4511 1455 4567; x_wconf 91' lang='lat' dir='ltr'><strong><em>in</em></strong></span> <span class='ocrx_word' id='word_1_623' title='bbox 1469 4511 1559 4567; x_wconf 88' lang='lat' dir='ltr'><strong><em>multis</em></strong></span> <span class='ocrx_word' id='word_1_624' title='bbox 1577 4511 1704 4567; x_wconf 88' lang='lat' dir='ltr'><strong><em>iratribus</em></strong></span> <span class='ocrx_word' id='word_1_625' title='bbox 1719 4512 1924 4590; x_wconf 84' lang='lat' dir='ltr'><strong><em>primogenitus</em></strong></span> 
     </span>
     <span class='ocr_line' id='line_1_60' title="bbox 267 4597 1924 4674; baseline 0.001 -19"><span class='ocrx_word' id='word_1_626' title='bbox 267 4597 359 4670; x_wconf 80' lang='lat' dir='ltr'><strong><em>gnatio</em></strong></span> <span class='ocrx_word' id='word_1_627' title='bbox 370 4597 454 4657; x_wconf 72' lang='lat' dir='ltr'><strong><em>teo</em></strong></span> <span class='ocrx_word' id='word_1_628' title='bbox 468 4600 631 4671; x_wconf 78' lang='lat' dir='ltr'><strong><em>maJ&#39;estetis.</em></strong></span> <span class='ocrx_word' id='word_1_629' title='bbox 651 4602 753 4656; x_wconf 77' lang='lat' dir='ltr'><strong><em>«lesus</em></strong></span> <span class='ocrx_word' id='word_1_630' title='bbox 765 4601 897 4670; x_wconf 87' lang='lat' dir='ltr'><strong><em>Christus,</em></strong></span> <span class='ocrx_word' id='word_1_631' title='bbox 912 4601 997 4658; x_wconf 80' lang='lat' dir='ltr'><strong><em>Filius</em></strong></span> <span class='ocrx_word' id='word_1_632' title='bbox 1006 4600 1068 4670; x_wconf 91' lang='lat' dir='ltr'><strong><em>Dei,</em></strong></span> <span class='ocrx_word' id='word_1_633' title='bbox 1123 4599 1192 4672; x_wconf 89' lang='lat' dir='ltr'><strong><em>ipse.</em></strong></span> <span class='ocrx_word' id='word_1_634' title='bbox 1213 4601 1303 4672; x_wconf 87' lang='lat' dir='ltr'><strong><em>thue</em></strong></span> <span class='ocrx_word' id='word_1_635' title='bbox 1318 4599 1385 4655; x_wconf 91' lang='lat' dir='ltr'><strong><em>nihil</em></strong></span> <span class='ocrx_word' id='word_1_636' title='bbox 1399 4599 1507 4656; x_wconf 90' lang='lat' dir='ltr'><strong><em>haesitet</em></strong></span> <span class='ocrx_word' id='word_1_637' title='bbox 1520 4600 1579 4669; x_wconf 88' lang='lat' dir='ltr'><strong><em>ipsa</em></strong></span> <span class='ocrx_word' id='word_1_638' title='bbox 1593 4599 1799 4672; x_wconf 87' lang='lat' dir='ltr'><strong><em>pusillanimitas</em></strong></span> <span class='ocrx_word' id='word_1_639' title='bbox 1814 4599 1924 4674; x_wconf 83' lang='lat' dir='ltr'><strong><em>fragili·</em></strong></span> 
     </span>
     <span class='ocr_line' id='line_1_61' title="bbox 268 4686 1923 4766; baseline 0.001 -23"><span class='ocrx_word' id='word_1_640' title='bbox 268 4686 419 4744; x_wconf 90' lang='lat' dir='ltr'><strong><em>nesciturin</em></strong></span> <span class='ocrx_word' id='word_1_641' title='bbox 426 4687 586 4745; x_wconf 90' lang='lat' dir='ltr'><strong><em>Bethlehem</em></strong></span> <span class='ocrx_word' id='word_1_642' title='bbox 596 4687 684 4745; x_wconf 83' lang='lat' dir='ltr'><strong><em>tudae.</em></strong></span> <span class='ocrx_word' id='word_1_643' title='bbox 696 4709 709 4742; x_wconf 73' lang='lat' dir='ltr'><strong><em>r</em></strong></span> <span class='ocrx_word' id='word_1_644' title='bbox 722 4691 773 4745; x_wconf 87' lang='lat' dir='ltr'><strong><em>llos</em></strong></span> <span class='ocrx_word' id='word_1_645' title='bbox 779 4690 827 4762; x_wconf 93' lang='lat' dir='ltr'><strong><em>qui</em></strong></span> <span class='ocrx_word' id='word_1_646' title='bbox 835 4691 864 4747; x_wconf 89' lang='lat' dir='ltr'><strong><em>iu</em></strong></span> <span class='ocrx_word' id='word_1_647' title='bbox 870 4690 983 4762; x_wconf 88' lang='lat' dir='ltr'><strong><em>pulvere</em></strong></span> <span class='ocrx_word' id='word_1_648' title='bbox 993 4690 1069 4766; x_wconf 90' lang='lat' dir='ltr'><strong><em>estis,</em></strong></span> <span class='ocrx_word' id='word_1_649' title='bbox 1125 4689 1185 4744; x_wconf 89' lang='lat' dir='ltr'><strong><em>tatis</em></strong></span> <span class='ocrx_word' id='word_1_650' title='bbox 1202 4689 1337 4754; x_wconf 84' lang='lat' dir='ltr'><strong><em>humanae,</em></strong></span> <span class='ocrx_word' id='word_1_651' title='bbox 1355 4689 1429 4760; x_wconf 90' lang='lat' dir='ltr'><strong><em>prius</em></strong></span> <span class='ocrx_word' id='word_1_652' title='bbox 1443 4687 1503 4760; x_wconf 90' lang='lat' dir='ltr'><strong><em>ipse</em></strong></span> <span class='ocrx_word' id='word_1_653' title='bbox 1516 4687 1603 4745; x_wconf 89' lang='lat' dir='ltr'><strong><em>iectus</em></strong></span> <span class='ocrx_word' id='word_1_654' title='bbox 1616 4699 1658 4746; x_wconf 93' lang='lat' dir='ltr'><strong><em>est</em></strong></span> <span class='ocrx_word' id='word_1_655' title='bbox 1671 4688 1809 4746; x_wconf 88' lang='lat' dir='ltr'><strong><em>homiuum</em></strong></span> <span class='ocrx_word' id='word_1_656' title='bbox 1823 4689 1923 4761; x_wconf 85' lang='lat' dir='ltr'><strong><em>irater,</em></strong></span> 
     </span>
     <span class='ocr_line' id='line_1_62' title="bbox 269 4774 1925 4850; baseline 0 -16"><span class='ocrx_word' id='word_1_657' title='bbox 269 4775 488 4850; x_wconf 76' lang='lat' dir='ltr'><strong><em>expergiscimini</em></strong></span> <span class='ocrx_word' id='word_1_658' title='bbox 503 4784 530 4834; x_wconf 91' lang='lat' dir='ltr'><strong><em>et</em></strong></span> <span class='ocrx_word' id='word_1_659' title='bbox 546 4778 665 4834; x_wconf 86' lang='lat' dir='ltr'><strong><em>laudate.</em></strong></span> <span class='ocrx_word' id='word_1_660' title='bbox 682 4779 754 4836; x_wconf 84' lang='lat' dir='ltr'><strong><em>Ecce</em></strong></span> <span class='ocrx_word' id='word_1_661' title='bbox 772 4780 905 4837; x_wconf 85' lang='lat' dir='ltr'><strong><em>Dominus</em></strong></span> <span class='ocrx_word' id='word_1_662' title='bbox 919 4780 995 4838; x_wconf 82' lang='lat' dir='ltr'><strong><em>venit</em></strong></span> <span class='ocrx_word' id='word_1_663' title='bbox 1009 4795 1069 4835; x_wconf 88' lang='lat' dir='ltr'><strong><em>cunr</em></strong></span> <span class='ocrx_word' id='word_1_664' title='bbox 1124 4776 1211 4834; x_wconf 87' lang='lat' dir='ltr'><strong><em>iactus</em></strong></span> <span class='ocrx_word' id='word_1_665' title='bbox 1228 4777 1397 4834; x_wconf 88' lang='lat' dir='ltr'><strong><em>esthominis</em></strong></span> <span class='ocrx_word' id='word_1_666' title='bbox 1411 4774 1491 4843; x_wconf 85' lang='lat' dir='ltr'><strong><em>filius,</em></strong></span> <span class='ocrx_word' id='word_1_667' title='bbox 1507 4776 1593 4834; x_wconf 88' lang='lat' dir='ltr'><strong><em>iaetus</em></strong></span> <span class='ocrx_word' id='word_1_668' title='bbox 1607 4783 1650 4834; x_wconf 83' lang='lat' dir='ltr'><strong><em>est</em></strong></span> <span class='ocrx_word' id='word_1_669' title='bbox 1669 4779 1758 4834; x_wconf 87' lang='lat' dir='ltr'><strong><em>homo.</em></strong></span> <span class='ocrx_word' id='word_1_670' title='bbox 1776 4777 1807 4834; x_wconf 92' lang='lat' dir='ltr'><strong><em>Si</em></strong></span> <span class='ocrx_word' id='word_1_671' title='bbox 1821 4785 1853 4834; x_wconf 91' lang='lat' dir='ltr'><strong><em>et</em></strong></span> <span class='ocrx_word' id='word_1_672' title='bbox 1873 4780 1925 4836; x_wconf 88' lang='lat' dir='ltr'><strong><em>hoe</em></strong></span> 
     </span>
     <span class='ocr_line' id='line_1_63' title="bbox 270 4865 1830 4942; baseline 0.003 -21"><span class='ocrx_word' id='word_1_673' title='bbox 270 4865 366 4932; x_wconf 90' lang='lat' dir='ltr'><strong><em>salute,</em></strong></span> <span class='ocrx_word' id='word_1_674' title='bbox 379 4867 525 4922; x_wconf 89' lang='lat' dir='ltr'><strong><em>venitcum</em></strong></span> <span class='ocrx_word' id='word_1_675' title='bbox 535 4868 693 4940; x_wconf 88' lang='lat' dir='ltr'><strong><em>unguentis,</em></strong></span> <span class='ocrx_word' id='word_1_676' title='bbox 706 4869 779 4925; x_wconf 86' lang='lat' dir='ltr'><strong><em>veuit</em></strong></span> <span class='ocrx_word' id='word_1_677' title='bbox 790 4885 850 4925; x_wconf 89' lang='lat' dir='ltr'><strong><em>cum</em></strong></span> <span class='ocrx_word' id='word_1_678' title='bbox 861 4867 958 4942; x_wconf 83' lang='lat' dir='ltr'><strong><em>gioria.</em></strong></span> <span class='ocrx_word' id='word_1_679' title='bbox 973 4868 1069 4941; x_wconf 86' lang='lat' dir='ltr'><strong><em>Neque</em></strong></span> <span class='ocrx_word' id='word_1_680' title='bbox 1123 4869 1205 4923; x_wconf 92' lang='lat' dir='ltr'><strong><em>homo</em></strong></span> <span class='ocrx_word' id='word_1_681' title='bbox 1212 4866 1315 4939; x_wconf 84' lang='lat' dir='ltr'><strong><em>judicat</em></strong></span> <span class='ocrx_word' id='word_1_682' title='bbox 1329 4865 1501 4933; x_wconf 89' lang='lat' dir='ltr'><strong><em>incredibile,</em></strong></span> <span class='ocrx_word' id='word_1_683' title='bbox 1513 4865 1595 4924; x_wconf 87' lang='lat' dir='ltr'><strong><em>fidem</em></strong></span> <span class='ocrx_word' id='word_1_684' title='bbox 1610 4875 1734 4924; x_wconf 86' lang='lat' dir='ltr'><strong><em>astruunt</em></strong></span> <span class='ocrx_word' id='word_1_685' title='bbox 1747 4866 1830 4926; x_wconf 88' lang='lat' dir='ltr'><strong><em>oculi.</em></strong></span> 
     </span>
     <span class='ocr_line' id='line_1_64' title="bbox 271 4953 1923 5030; baseline -0.001 -20"><span class='ocrx_word' id='word_1_686' title='bbox 271 4954 344 5010; x_wconf 91' lang='lat' dir='ltr'><strong><em>enim</em></strong></span> <span class='ocrx_word' id='word_1_687' title='bbox 354 4953 413 5009; x_wconf 89' lang='lat' dir='ltr'><strong><em>sine</em></strong></span> <span class='ocrx_word' id='word_1_688' title='bbox 420 4954 509 5010; x_wconf 90' lang='lat' dir='ltr'><strong><em>salute</em></strong></span> <span class='ocrx_word' id='word_1_689' title='bbox 520 4957 610 5023; x_wconf 86' lang='lat' dir='ltr'><strong><em>lesus,</em></strong></span> <span class='ocrx_word' id='word_1_690' title='bbox 626 4973 717 5030; x_wconf 89' lang='lat' dir='ltr'><strong><em>neque</em></strong></span> <span class='ocrx_word' id='word_1_691' title='bbox 726 4958 786 5014; x_wconf 87' lang='lat' dir='ltr'><strong><em>sine</em></strong></span> <span class='ocrx_word' id='word_1_692' title='bbox 795 4957 925 5015; x_wconf 91' lang='lat' dir='ltr'><strong><em>unctione</em></strong></span> <span class='ocrx_word' id='word_1_693' title='bbox 935 4957 1068 5026; x_wconf 84' lang='lat' dir='ltr'><strong><em>Christus,</em></strong></span> <span class='ocrx_word' id='word_1_694' title='bbox 1160 4959 1186 5014; x_wconf 84' lang='lat' dir='ltr'><strong><em>t.</em></strong></span> <span class='ocrx_word' id='word_1_695' title='bbox 1205 4955 1530 5013; x_wconf 73' lang='lat' dir='ltr'><strong><em>‹lesuschristusnatus</em></strong></span> <span class='ocrx_word' id='word_1_696' title='bbox 1542 4962 1586 5013; x_wconf 88' lang='lat' dir='ltr'><strong><em>cst</em></strong></span> <span class='ocrx_word' id='word_1_697' title='bbox 1599 4956 1626 5013; x_wconf 91' lang='lat' dir='ltr'><strong><em>iu</em></strong></span> <span class='ocrx_word' id='word_1_698' title='bbox 1636 4955 1794 5014; x_wconf 89' lang='lat' dir='ltr'><strong><em>Bethlehem</em></strong></span> <span class='ocrx_word' id='word_1_699' title='bbox 1804 4957 1896 5014; x_wconf 81' lang='lat' dir='ltr'><strong><em>tudae.</em></strong></span> <span class='ocrx_word' id='word_1_700' title='bbox 1912 4979 1923 5008; x_wconf 77' lang='grc' dir='ltr'><strong>ι</strong></span> 
     </span>
     <span class='ocr_line' id='line_1_65' title="bbox 270 5043 1926 5119; baseline 0.002 -21"><span class='ocrx_word' id='word_1_701' title='bbox 270 5058 322 5099; x_wconf 88' lang='lat' dir='ltr'><strong><em>nec</em></strong></span> <span class='ocrx_word' id='word_1_702' title='bbox 335 5043 395 5098; x_wconf 87' lang='lat' dir='ltr'><strong><em>sine</em></strong></span> <span class='ocrx_word' id='word_1_703' title='bbox 405 5043 492 5118; x_wconf 86' lang='lat' dir='ltr'><strong><em>gloria</em></strong></span> <span class='ocrx_word' id='word_1_704' title='bbox 505 5046 581 5102; x_wconf 78' lang='lat' dir='ltr'><strong><em>venit</em></strong></span> <span class='ocrx_word' id='word_1_705' title='bbox 591 5046 643 5102; x_wconf 91' lang='lat' dir='ltr'><strong><em>Dei</em></strong></span> <span class='ocrx_word' id='word_1_706' title='bbox 651 5047 897 5119; x_wconf 76' lang='lat' dir='ltr'><strong><em>Filius2siquidem</em></strong></span> <span class='ocrx_word' id='word_1_707' title='bbox 910 5047 969 5119; x_wconf 89' lang='lat' dir='ltr'><strong><em>ipse</em></strong></span> <span class='ocrx_word' id='word_1_708' title='bbox 984 5046 1066 5112; x_wconf 76' lang='lat' dir='ltr'><strong><em>selue,</em></strong></span> <span class='ocrx_word' id='word_1_709' title='bbox 1122 5045 1158 5100; x_wconf 83' lang='grc' dir='ltr'><strong><em>Ει</em></strong></span> <span class='ocrx_word' id='word_1_710' title='bbox 1179 5044 1240 5102; x_wconf 86' lang='lat' dir='ltr'><strong><em>ride</em></strong></span> <span class='ocrx_word' id='word_1_711' title='bbox 1264 5043 1459 5118; x_wconf 81' lang='lat' dir='ltr'><strong><em>dignationem.</em></strong></span> <span class='ocrx_word' id='word_1_712' title='bbox 1483 5045 1545 5101; x_wconf 90' lang='lat' dir='ltr'><strong><em>Non</em></strong></span> <span class='ocrx_word' id='word_1_713' title='bbox 1574 5045 1602 5101; x_wconf 94' lang='lat' dir='ltr'><strong><em>iu</em></strong></span> <span class='ocrx_word' id='word_1_714' title='bbox 1626 5044 1786 5110; x_wconf 87' lang='lat' dir='ltr'><strong><em>Jerusalem,</em></strong></span> <span class='ocrx_word' id='word_1_715' title='bbox 1811 5045 1926 5102; x_wconf 86' lang='lat' dir='ltr'><strong><em>civitate</em></strong></span> 
     </span>
     <span class='ocr_line' id='line_1_66' title="bbox 269 5131 1925 5210; baseline 0.001 -22"><span class='ocrx_word' id='word_1_716' title='bbox 269 5133 329 5205; x_wconf 92' lang='lat' dir='ltr'><strong><em>ipse</em></strong></span> <span class='ocrx_word' id='word_1_717' title='bbox 353 5134 454 5200; x_wconf 89' lang='lat' dir='ltr'><strong><em>unctio,</em></strong></span> <span class='ocrx_word' id='word_1_718' title='bbox 479 5133 537 5206; x_wconf 88' lang='lat' dir='ltr'><strong><em>ipse</em></strong></span> <span class='ocrx_word' id='word_1_719' title='bbox 558 5135 656 5210; x_wconf 85' lang='lat' dir='ltr'><strong><em>gloria,</em></strong></span> <span class='ocrx_word' id='word_1_720' title='bbox 672 5138 743 5193; x_wconf 87' lang='lat' dir='ltr'><strong><em>sieut</em></strong></span> <span class='ocrx_word' id='word_1_721' title='bbox 764 5136 894 5209; x_wconf 90' lang='lat' dir='ltr'><strong><em>scriptum</em></strong></span> <span class='ocrx_word' id='word_1_722' title='bbox 911 5144 961 5205; x_wconf 87' lang='lat' dir='ltr'><strong><em>est,</em></strong></span> <span class='ocrx_word' id='word_1_723' title='bbox 974 5137 1068 5194; x_wconf 84' lang='lat' dir='ltr'><strong><em>Gloria</em></strong></span> <span class='ocrx_word' id='word_1_724' title='bbox 1124 5133 1214 5209; x_wconf 72' lang='lat' dir='ltr'><strong><em>regia,</em></strong></span> <span class='ocrx_word' id='word_1_725' title='bbox 1229 5131 1278 5189; x_wconf 87' lang='lat' dir='ltr'><strong><em>sed</em></strong></span> <span class='ocrx_word' id='word_1_726' title='bbox 1287 5132 1315 5187; x_wconf 94' lang='lat' dir='ltr'><strong><em>in</em></strong></span> <span class='ocrx_word' id='word_1_727' title='bbox 1323 5131 1492 5200; x_wconf 91' lang='lat' dir='ltr'><strong><em>Bethlehem,</em></strong></span> <span class='ocrx_word' id='word_1_728' title='bbox 1503 5150 1565 5208; x_wconf 78' lang='lat' dir='ltr'><strong><em>quae</em></strong></span> <span class='ocrx_word' id='word_1_729' title='bbox 1575 5135 1686 5191; x_wconf 86' lang='lat' dir='ltr'><strong><em>minima</em></strong></span> <span class='ocrx_word' id='word_1_730' title='bbox 1697 5143 1738 5191; x_wconf 92' lang='lat' dir='ltr'><strong><em>est</em></strong></span> <span class='ocrx_word' id='word_1_731' title='bbox 1756 5134 1784 5190; x_wconf 92' lang='lat' dir='ltr'><strong><em>in</em></strong></span> <span class='ocrx_word' id='word_1_732' title='bbox 1801 5135 1925 5193; x_wconf 86' lang='lat' dir='ltr'><strong><em>millibus</em></strong></span> 
     </span>
     <span class='ocr_line' id='line_1_67' title="bbox 269 5220 1926 5299; baseline 0.001 -19"><span class='ocrx_word' id='word_1_733' title='bbox 269 5224 373 5296; x_wconf 82' lang='lat' dir='ltr'><strong><em>putris,</em></strong></span> <span class='ocrx_word' id='word_1_734' title='bbox 387 5224 466 5295; x_wconf 78' lang='lat' dir='ltr'><strong><em>filies</em></strong></span> <span class='ocrx_word' id='word_1_735' title='bbox 478 5226 592 5299; x_wconf 83' lang='lat' dir='ltr'><strong><em>sopiens</em></strong></span> <span class='ocrx_word' id='word_1_736' title='bbox 603 5227 694 5295; x_wconf 81' lang='lat' dir='ltr'><strong><em>(Pron.</em></strong></span> <span class='ocrx_word' id='word_1_737' title='bbox 711 5241 741 5292; x_wconf 82' lang='lat' dir='ltr'><strong><em>x,</em></strong></span> <span class='ocrx_word' id='word_1_738' title='bbox 757 5229 795 5291; x_wconf 88' lang='lat' dir='ltr'><strong><em>i).</em></strong></span> <span class='ocrx_word' id='word_1_739' title='bbox 810 5224 990 5297; x_wconf 82' lang='lat' dir='ltr'><strong><em>Felixanime,</em></strong></span> <span class='ocrx_word' id='word_1_740' title='bbox 1006 5242 1068 5298; x_wconf 82' lang='lat' dir='ltr'><strong><em>quan</em></strong></span> <span class='ocrx_word' id='word_1_741' title='bbox 1122 5222 1201 5278; x_wconf 86' lang='lat' dir='ltr'><strong><em>luda.</em></strong></span> <span class='ocrx_word' id='word_1_742' title='bbox 1226 5220 1251 5278; x_wconf 92' lang='lat'>0</span> <span class='ocrx_word' id='word_1_743' title='bbox 1268 5220 1426 5278; x_wconf 87' lang='lat' dir='ltr'><strong><em>Bethlehem</em></strong></span> <span class='ocrx_word' id='word_1_744' title='bbox 1450 5239 1544 5296; x_wconf 87' lang='lat' dir='ltr'><strong><em>parva,</em></strong></span> <span class='ocrx_word' id='word_1_745' title='bbox 1560 5224 1609 5280; x_wconf 88' lang='lat' dir='ltr'><strong><em>sed</em></strong></span> <span class='ocrx_word' id='word_1_746' title='bbox 1626 5225 1683 5293; x_wconf 85' lang='lat' dir='ltr'><strong><em>jam</em></strong></span> <span class='ocrx_word' id='word_1_747' title='bbox 1707 5222 1886 5296; x_wconf 84' lang='lat' dir='ltr'><strong><em>magnificata</em></strong></span> <span class='ocrx_word' id='word_1_748' title='bbox 1910 5243 1926 5282; x_wconf 88' lang='lat' dir='ltr'><strong><em>a</em></strong></span> 
     </span>
     <span class='ocr_line' id='line_1_68' title="bbox 270 5310 1973 5386; baseline 0.003 -19"><span class='ocrx_word' id='word_1_749' title='bbox 270 5321 378 5385; x_wconf 85' lang='lat' dir='ltr'><strong><em>gustato</em></strong></span> <span class='ocrx_word' id='word_1_750' title='bbox 399 5313 492 5368; x_wconf 87' lang='lat' dir='ltr'><strong><em>salutis</em></strong></span> <span class='ocrx_word' id='word_1_751' title='bbox 514 5313 603 5369; x_wconf 88' lang='lat' dir='ltr'><strong><em>t&#39;ructu</em></strong></span> <span class='ocrx_word' id='word_1_752' title='bbox 627 5314 742 5370; x_wconf 85' lang='lat' dir='ltr'><strong><em>trahitur</em></strong></span> <span class='ocrx_word' id='word_1_753' title='bbox 763 5322 790 5370; x_wconf 91' lang='lat' dir='ltr'><strong><em>et</em></strong></span> <span class='ocrx_word' id='word_1_754' title='bbox 817 5314 899 5370; x_wconf 88' lang='lat' dir='ltr'><strong><em>currit</em></strong></span> <span class='ocrx_word' id='word_1_755' title='bbox 923 5315 952 5371; x_wconf 92' lang='lat' dir='ltr'><strong><em>in</em></strong></span> <span class='ocrx_word' id='word_1_756' title='bbox 982 5315 1066 5371; x_wconf 88' lang='lat' dir='ltr'><strong><em>odore</em></strong></span> <span class='ocrx_word' id='word_1_757' title='bbox 1121 5310 1254 5368; x_wconf 80' lang='lat' dir='ltr'><strong><em>Domino!</em></strong></span> <span class='ocrx_word' id='word_1_758' title='bbox 1271 5310 1452 5386; x_wconf 81' lang='lat' dir='ltr'><strong><em>magnificavit</em></strong></span> <span class='ocrx_word' id='word_1_759' title='bbox 1467 5321 1493 5370; x_wconf 92' lang='lat' dir='ltr'><strong><em>te</em></strong></span> <span class='ocrx_word' id='word_1_760' title='bbox 1506 5314 1552 5386; x_wconf 90' lang='lat' dir='ltr'><strong><em>qui</em></strong></span> <span class='ocrx_word' id='word_1_761' title='bbox 1569 5313 1657 5370; x_wconf 87' lang='lat' dir='ltr'><strong><em>iectus</em></strong></span> <span class='ocrx_word' id='word_1_762' title='bbox 1673 5320 1715 5369; x_wconf 88' lang='lat' dir='ltr'><strong><em>est</em></strong></span> <span class='ocrx_word' id='word_1_763' title='bbox 1732 5311 1761 5368; x_wconf 93' lang='lat' dir='ltr'><strong><em>in</em></strong></span> <span class='ocrx_word' id='word_1_764' title='bbox 1777 5321 1807 5369; x_wconf 85' lang='lat' dir='ltr'><strong><em>te</em></strong></span> <span class='ocrx_word' id='word_1_765' title='bbox 1821 5329 1925 5386; x_wconf 77' lang='lat' dir='ltr'><strong><em>parvus</em></strong></span> <span class='ocrx_word' id='word_1_766' title='bbox 1972 5343 1973 5348; x_wconf 42' lang='lat'>1</span> 
     </span>
     <span class='ocr_line' id='line_1_69' title="bbox 270 5399 1927 5476; baseline 0.003 -21"><span class='ocrx_word' id='word_1_767' title='bbox 270 5410 482 5473; x_wconf 85' lang='lat' dir='ltr'><strong><em>unguentomm,</em></strong></span> <span class='ocrx_word' id='word_1_768' title='bbox 497 5402 626 5459; x_wconf 83' lang='lat' dir='ltr'><strong><em>utuideat</em></strong></span> <span class='ocrx_word' id='word_1_769' title='bbox 640 5403 752 5476; x_wconf 83' lang='lat' dir='ltr'><strong><em>gloriani</em></strong></span> <span class='ocrx_word' id='word_1_770' title='bbox 771 5403 842 5474; x_wconf 88' lang='lat' dir='ltr'><strong><em>ejus,</em></strong></span> <span class='ocrx_word' id='word_1_771' title='bbox 858 5402 972 5476; x_wconf 87' lang='lat' dir='ltr'><strong><em>gloriam</em></strong></span> <span class='ocrx_word' id='word_1_772' title='bbox 986 5401 1065 5475; x_wconf 89' lang='lat' dir='ltr'><strong><em>quasi</em></strong></span> <span class='ocrx_word' id='word_1_773' title='bbox 1122 5417 1155 5456; x_wconf 82' lang='lat' dir='ltr'><strong><em>er</em></strong></span> <span class='ocrx_word' id='word_1_774' title='bbox 1169 5415 1279 5474; x_wconf 87' lang='lat' dir='ltr'><strong><em>magno.</em></strong></span> <span class='ocrx_word' id='word_1_775' title='bbox 1301 5399 1413 5474; x_wconf 76' lang='lat' dir='ltr'><strong><em>Laemre,</em></strong></span> <span class='ocrx_word' id='word_1_776' title='bbox 1434 5401 1606 5470; x_wconf 87' lang='lat' dir='ltr'><strong><em>Bethlehem,</em></strong></span> <span class='ocrx_word' id='word_1_777' title='bbox 1621 5409 1649 5458; x_wconf 91' lang='lat' dir='ltr'><strong><em>et</em></strong></span> <span class='ocrx_word' id='word_1_778' title='bbox 1669 5417 1720 5474; x_wconf 90' lang='lat' dir='ltr'><strong><em>per</em></strong></span> <span class='ocrx_word' id='word_1_779' title='bbox 1735 5414 1834 5460; x_wconf 81' lang='lat' dir='ltr'><strong><em>omues</em></strong></span> <span class='ocrx_word' id='word_1_780' title='bbox 1848 5405 1927 5460; x_wconf 87' lang='lat' dir='ltr'><strong><em>vicos</em></strong></span> 
     </span>
    </p>
   </div>
   <div class='ocr_carea' id='block_1_8' title="bbox 270 5529 1927 5681">
    <p class='ocr_par' dir='ltr' id='par_1_12' title="bbox 270 5529 1927 5681">
     <span class='ocr_line' id='line_1_70' title="bbox 308 5529 1927 5627; baseline 0.003 -20"><span class='ocrx_word' id='word_1_781' title='bbox 308 5551 348 5624; x_wconf 83' lang='grc'><strong><em>(9)</em></strong></span> <span class='ocrx_word' id='word_1_782' title='bbox 363 5551 429 5610; x_wconf 81' lang='lat' dir='ltr'><strong><em>Haec</em></strong></span> <span class='ocrx_word' id='word_1_783' title='bbox 444 5553 529 5608; x_wconf 85' lang='lat' dir='ltr'><strong><em>verba</em></strong></span> <span class='ocrx_word' id='word_1_784' title='bbox 546 5552 676 5625; x_wconf 88' lang='lat' dir='ltr'><strong><em>leguntur</em></strong></span> <span class='ocrx_word' id='word_1_785' title='bbox 694 5553 722 5609; x_wconf 93' lang='lat' dir='ltr'><strong><em>iu</em></strong></span> <span class='ocrx_word' id='word_1_786' title='bbox 737 5551 851 5610; x_wconf 88' lang='lat' dir='ltr'><strong><em>Usuardi</em></strong></span> <span class='ocrx_word' id='word_1_787' title='bbox 866 5553 1069 5627; x_wconf 80' lang='lat' dir='ltr'><strong><em>hiartyrolcgio,</em></strong></span> <span class='ocrx_word' id='word_1_788' title='bbox 1084 5569 1138 5626; x_wconf 91' lang='lat' dir='ltr'><strong><em>quc</em></strong></span> <span class='ocrx_word' id='word_1_789' title='bbox 1161 5551 1292 5610; x_wconf 74' lang='lat' dir='ltr'><strong><em>Ecclesia</em></strong></span> <span class='ocrx_word' id='word_1_790' title='bbox 1309 5551 1455 5612; x_wconf 85' lang='lat' dir='ltr'><strong><em>Gallicanae</em></strong></span> <span class='ocrx_word' id='word_1_791' title='bbox 1471 5569 1576 5622; x_wconf 89' lang='lat' dir='ltr'><strong><em>omues,</em></strong></span> <span class='ocrx_word' id='word_1_792' title='bbox 1598 5559 1645 5611; x_wconf 89' lang='lat' dir='ltr'><strong><em>eut</em></strong></span> <span class='ocrx_word' id='word_1_793' title='bbox 1662 5552 1720 5616; x_wconf 88' lang='lat' dir='ltr'><strong><em>lere</em></strong></span> <span class='ocrx_word' id='word_1_794' title='bbox 1740 5567 1840 5612; x_wconf 87' lang='lat' dir='ltr'><strong><em>omues</em></strong></span> <span class='ocrx_word' id='word_1_795' title='bbox 1860 5529 1927 5612; x_wconf 90' lang='lat' dir='ltr'><strong><em>tunc</em></strong></span> 
     </span>
     <span class='ocr_line' id='line_1_71' title="bbox 270 5621 727 5681; baseline -0.002 -1"><span class='ocrx_word' id='word_1_796' title='bbox 270 5623 417 5680; x_wconf 88' lang='lat' dir='ltr'><strong><em>utebantur</em></strong></span> <span class='ocrx_word' id='word_1_797' title='bbox 430 5621 485 5678; x_wconf 91' lang='lat' dir='ltr'><strong><em>imo</em></strong></span> <span class='ocrx_word' id='word_1_798' title='bbox 496 5623 578 5679; x_wconf 85' lang='lat' dir='ltr'><strong><em>etiarn</em></strong></span> <span class='ocrx_word' id='word_1_799' title='bbox 595 5625 727 5681; x_wconf 85' lang='lat' dir='ltr'><strong><em>Romana.</em></strong></span> 
     </span>
    </p>
   </div>
   <div class='ocr_carea' id='block_1_9' title="bbox 0 0 2009 6340">
    <p class='ocr_par' dir='ltr' id='par_1_13' title="bbox 0 0 2009 6340">
     <span class='ocr_line' id='line_1_72' title="bbox 0 0 2009 6340; baseline 0 0"><span class='ocrx_word' id='word_1_800' title='bbox 0 0 2009 6340; x_wconf 95' lang='lat' dir='ltr'><strong><em> </em></strong></span> 
     </span>
    </p>
   </div>
  </div>
 </body>
</html>
