3996 6350
8 394 11 438 ²
84 406 133 466 rsa
324 426 325 429 κ
607 409 638 468 ιε
656 409 903 474 ειεεεεεειεεε
923 413 1037 475 coum
1055 413 1162 474 sunno
1182 413 1202 475 ι.
1446 366 1448 368 ’
1678 417 1726 476 rar

3 529 11 561 ·¹
79 539 155 590 vetus
178 531 222 588 illa
246 548 307 605 quae
333 533 491 590 eraderetur
514 533 610 606 rubigo
633 533 763 592 nonfuit.
788 535 874 593 Nose
895 553 916 632 st
935 538 1112 612 querendum
1131 537 1211 596 nobis
1229 537 1323 596 salutis
1340 539 1460 612 propriae
1478 540 1671 612 testimonium,
1692 559 1727 600 ne

7 630 10 652 ²
78 627 172 676 contra
184 620 364 678 inverecundi
374 620 407 678 ad
419 621 616 679 obscenitatem
630 622 727 694 culpae,
739 624 878 682 erubesci·
933 628 1003 684 iorte
1026 627 1166 684 videamur
1193 627 1372 700 assumpsisse
1400 643 1501 686 nomen
1521 629 1570 684 Dei
1596 631 1682 686 nostri
1699 631 1727 688 in

79 726 139 768 mus
155 726 238 782 agere
260 710 460 782 poenitentiam;
481 711 555 784 quod
580 719 709 771 extremae
732 713 879 771 dementiae
933 733 1042 775 vanum.
1066 717 1100 771 Et
1122 733 1171 773 uos
1194 717 1277 787 eninr,
1304 716 1409 786 iratres,
1431 717 1588 774 circumcidi
1615 734 1727 777 necessa

2 800 10 832 r
78 806 120 854 est
137 814 143 854 :
159 799 230 855 male
244 800 323 872 proni
342 800 370 856 ln
385 801 507 870 vulnera,
524 802 604 873 pejus
619 803 646 857 in
665 803 787 859 remedia
802 821 879 861 rere·
934 814 985 876 est,
1001 811 1029 861 et
1047 804 1087 861 sic
1106 820 1206 862 nomeu
1225 805 1319 862 salutis
1332 805 1472 878 accipere;
1489 805 1727 864 circumcidimus

78 887 171 944 cundi.
189 887 241 958 Qui
265 897 406 960 peccatum
425 906 480 948 non
496 889 571 962 lecit,
587 907 642 948 non
661 892 824 964 dedignatus
837 900 879 949 cst
934 911 988 952 non
1006 894 1105 964 littera,
1132 894 1182 950 sed
1200 894 1295 967 spiritu
1310 903 1338 950 ει
1359 894 1487 962 νεείιειε;
1503 894 1659 952 circumcidi
1673 911 1728 952 non

77 985 251 1050 peccatorem
266 977 386 1049 reputari
401 996 407 1033 :
424 993 473 1034 nos
487 987 516 1036 ει
530 980 740 1050 essevolumus,
755 989 783 1037 et
797 982 878 1038 nolu·
933 1001 988 1043 uno
1006 985 1141 1053 membro,
1161 984 1210 1040 sed
1231 991 1285 1040 toto
1313 999 1426 1055 corpore
1445 983 1536 1041 simul.
1557 983 1632 1040 Licet
1655 983 1728 1040 enim

78 1081 140 1121 mus
153 1065 291 1122 aestimari.
309 1066 385 1123 ltane
401 1082 468 1123 sano
482 1083 552 1140 opus
566 1078 608 1126 est
622 1069 767 1140 medicina,
783 1079 811 1126 et
824 1087 880 1129 non
933 1073 1020 1145 magis
1034 1073 1062 1129 in
1082 1090 1114 1129 ea
1129 1081 1216 1144 parte,
1236 1073 1263 1128 in
1287 1089 1341 1146 qua
1361 1072 1489 1128 mandata
1513 1081 1554 1129 est
1567 1073 1667 1128 iudaeis
1682 1073 1731 1130 cir-

78 1153 149 1210 male
162 1153 346 1210 habentibus?
368 1153 422 1212 imo
445 1171 511 1212 vero
533 1156 607 1213 itane
621 1165 685 1228 eget
699 1157 879 1216 medicamine
933 1162 1072 1232 cumcisio,
1093 1167 1190 1234 regnet
1213 1161 1426 1217 additamentum
1449 1160 1606 1230 leviathau,
1627 1160 1730 1234 quoda

3 1245 9 1276 ³
78 1259 133 1300 non
161 1260 245 1317 aeger,
274 1243 421 1300 medicus?
448 1243 516 1314 Quis
542 1245 685 1303 hominurn
719 1253 801 1303 tantae
829 1247 879 1304 sibi
934 1251 1005 1324 malo
1020 1259 1071 1320 εει,
1087 1254 1116 1307 ει
1126 1251 1259 1322 amputari
1276 1249 1360 1308 79⁰
1369 1251 1461 1320 debet,
1473 1249 1628 1306 universam
1638 1258 1730 1306 tamen

78 1347 134 1389 non
153 1332 243 1390 dicam
264 1331 372 1405 ¹gloriae,
398 1333 448 1389 sed
477 1335 521 1390 vel
554 1335 716 1394 innocentiae
742 1337 877 1408 conscius,
933 1349 1048 1412 occupat
1063 1355 1184 1398 carnem.
1202 1343 1226 1395 Α
1244 1339 1334 1412 plante
1348 1339 1426 1411 pedis
1441 1353 1526 1411 usque
1546 1339 1581 1395 ad
1598 1339 1729 1397 verticem

78 1421 270 1496 aequanimiter
301 1421 522 1479 circumcidentis
562 1442 673 1482 manum
699 1427 879 1486 admitteret?
934 1445 989 1486 non
1002 1436 1046 1486 εει
1059 1430 1086 1484 in
1105 1429 1185 1486 nobis
1209 1429 1327 1499 sanitas,
1350 1443 1402 1486 nec
1424 1435 1466 1483 est
1487 1426 1578 1498 aliqua
1591 1444 1655 1499 pars
1668 1444 1731 1500 quaa

3 1535 4 1548 ι
78 1509 201 1567 Christus
228 1525 293 1567 vero
316 1510 453 1582 patienter
482 1529 545 1586 qua
573 1531 628 1572 non
652 1516 742 1588 rapuit
765 1515 879 1575 exsolvit
934 1534 989 1574 non
1003 1517 1093 1573 tabida
1109 1518 1143 1573 sit
1157 1519 1209 1574 hoc
1225 1533 1341 1574 veneno.
1358 1518 1506 1589 Propterea
1520 1515 1590 1574 sicut
1603 1517 1730 1588 parvidus

78 1596 161 1668 [ulios
175 1596 353 1670 exsolvebat],
371 1598 417 1672 qui
438 1608 554 1658 venerat
569 1600 760 1678 purgationem
775 1603 876 1674 lacere,
933 1606 1022 1662 adhuc
1037 1606 1064 1660 in
1079 1603 1133 1662 fide
1152 1613 1179 1662 ει
1198 1604 1345 1663 dilectione
1361 1603 1479 1676 populus
1502 1618 1656 1676 congruum
1679 1604 1730 1660 sibi

76 1700 132 1741 non
146 1685 296 1758 suscipere,
314 1686 486 1744 delictorum.
498 1688 637 1747 Seddicas
653 1710 659 1750 ε
676 1689 775 1762 Quidni
789 1692 877 1749 susci·
933 1694 1091 1751 mandatum
1110 1694 1217 1766 exiguas
1235 1693 1451 1751 circumcisionis
1474 1692 1579 1765 accepit
1599 1709 1605 1748 :
1631 1690 1731 1748 sicubi

4 1810 7 1820 ·
77 1780 156 1845 peret
170 1773 317 1844 parvidus?
332 1775 391 1831 lmo
405 1791 481 1846 voro,
496 1776 591 1849 quidni
603 1777 756 1850 susciperet
769 1779 879 1837 humilis
934 1783 1021 1840 crevit
1042 1783 1070 1839 in
1090 1782 1179 1842 virum
1192 1779 1395 1854 perfectiorem,
1417 1788 1472 1838 toto
1489 1781 1601 1852 jubetur
1615 1794 1730 1851 corpore

77 1867 106 1916 et
118 1863 300 1918 mansuetus?
313 1861 413 1932 Quidni
432 1864 635 1922 obmutesceret
649 1881 740 1922 coram
759 1866 876 1924 circum·
933 1870 1073 1944 baptizari,
1089 1887 1151 1943 quae
1166 1870 1248 1926 totius
1262 1877 1304 1926 est
1323 1867 1441 1924 bominis
1459 1866 1567 1940 integra
1590 1865 1732 1924 circumci-

76 1948 195 2019 cidente,
212 1948 258 2022 qui
278 1965 371 2008 coram
393 1952 525 2010 tondente
540 1955 686 2027 obmutuit,
702 1969 796 2013 coram
814 1973 875 2014 cru·
934 1962 984 2019 sio.
1009 1961 1079 2018 lliuc
1100 1969 1143 2017 εει
1164 1959 1238 2034 quod
1260 1957 1384 2015 Salvator
1401 1964 1497 2012 noster
1522 1963 1550 2012 ει
1573 1952 1731 2034 circumcidi

2 2051 6 2088 t
77 2036 207 2111 cillgeute
224 2038 316 2094 siluiti
334 2039 462 2114 Alioquin
486 2058 542 2100 non
557 2051 616 2101 erat
639 2043 677 2100 illi
691 2044 800 2102 dillicile
815 2061 878 2102 car·
933 2059 1028 2110 octavo
1044 2050 1099 2120 die,
1114 2057 1218 2123 etpost
1233 2063 1335 2105 annum
1358 2044 1527 2104 tricesimum
1548 2044 1732 2119 dignatusest

76 2143 142 2184 nem
161 2127 387 2202 suamintegram
407 2147 620 2191 consenseram
635 2133 817 2207 scinderetur,
832 2137 880 2210 qui
933 2140 1068 2214 cmciligi,
1087 2139 1134 2196 ubi
1163 2139 1191 2194 in
1211 2153 1322 2211 poenam
1348 2151 1447 2208 corpus
1473 2150 1554 2192 omne
1578 2133 1731 2190 distensum

3 2249 4 2264 ι
77 2213 181 2272 ιεεεεει
195 2233 230 2274 ne
244 2216 384 2294 virginalis
403 2219 475 2276 uteri
495 2230 574 2294 porta
594 2221 623 2278 in
638 2222 713 2280 exitu
726 2241 776 2282 suo
790 2225 880 2298 aperi·
933 2239 976 2287 est
992 2233 1088 2302 :cujus
1103 2227 1271 2286 similitudini
1286 2225 1382 2283 mortis
1395 2224 1614 2298 complantamur
1627 2229 1655 2280 et
1668 2236 1730 2292 nos,

3 2313 4 2356 ι
77 2311 163 2360 retur.
183 2306 244 2362 Non
258 2315 317 2362 erat
330 2306 441 2366 diliioile
463 2310 577 2382 parvulo
598 2311 745 2384 probibere
762 2329 796 2370 ne
811 2327 875 2368 caro
935 2329 962 2378 ut
986 2317 1080 2378 sentit
1102 2318 1248 2391 Apostolus
1274 2320 1363 2388 (Rom.
1384 2330 1421 2386 ur,
1446 2315 1484 2387 5),
1508 2314 1637 2370 nimirum
1656 2311 1730 2385 quod

3 2411 5 2448 ι
76 2391 123 2447 iila
135 2391 387 2469 circumcideretur,
402 2399 513 2472 quando
541 2415 592 2458 nec
614 2408 723 2460 mortuo
738 2400 788 2459 luit
809 2401 881 2458 dilli-
933 2409 1081 2467 nouissime
1096 2406 1226 2463 traditum
1241 2413 1283 2463 esi
1296 2407 1485 2462 observantes·

3 2505 5 2534 ;
76 2479 129 2538 cile
142 2482 280 2542 custodire
300 2501 336 2542 ne
350 2495 583 2560 corrumperetur.
969 2500 996 2554 t.
1014 2497 1084 2566 Quae
1098 2503 1140 2552 εει
1155 2511 1222 2567 ergo
1237 2494 1353 2552 moralis
1366 2491 1538 2550 circumcisio
1560 2498 1663 2561 nostra,
1679 2489 1721 2546 nis

114 2591 140 2642 2.
161 2590 312 2662 Postquam
328 2607 394 2668 ergo
408 2599 601 2653 consummasti
614 2601 684 2654 εεει
698 2598 880 2655 ctesoctout
933 2603 1015 2659 (luam
1042 2583 1216 2643 00mffle¹¹d³i
1238 2584 1312 2641 idem
1344 2581 1507 2656 ιιΡῡῦῑθῑῦὓῖ
1537 2581 1656 2649 mlum.
1684 2580 1731 2636 in-

3 2683 4 2716 t
75 2676 877 2756 circomcidcrctarPocr,vocctomeatnomencjoalcsar.
933 2675 1042 2750 quiens,
1058 2679 1085 2733 ⁶⁶
1103 2676 1236 2732 vallium
1256 2674 1396 2738 tacentes,
1413 2672 1456 2728 iti-l
1477 2671 1605 2728 willemi
1624 2671 1731 2727 timi?

75 2761 206 2836 Magnum
237 2773 264 2821 ει
284 2767 410 2824 mirabile
430 2770 646 2826 sacramentum!
671 2771 880 2829 circumciditur
933 2766 958 2834 (1
973 2765 1042 2822 Tim.
1056 2765 1160 2835 vt,·8.)
1180 2761 1290 2836 Optime
1309 2775 1422 2832 prorsus
1445 2757 1613 2816 circumcidit
1627 2772 1687 2826 uos,
1703 2764 1732 2813 ει

75 2867 155 2922 puer,
171 2859 200 2907 et
213 2857 423 2923 romrurtesns,
434 2857 505 2928 Quin
521 2859 574 2915 εει
588 2860 645 2917 vult
659 2860 711 2916 isa
726 2861 880 2920 connexion
933 2852 1071 2925 superflua
1084 2860 1193 2909 resecat
1216 2850 1353 2917 universa,
1368 2847 1521 2906 colonaria
1535 2848 1594 2903 nec
1616 2861 1731 2920 pauper

74 2938 252 2997 circumcisio
264 2957 364 3014 nempe
378 2944 500 3002 salvandi
516 2947 618 3019 potius,
635 2963 716 3021 quarn
730 2949 880 3007 Salvatnrin
933 2948 986 3011 tas,
1000 2939 1169 3013 poenitentiae
1181 2939 1268 3011 labor,
1289 2935 1425 3008 regularis
1439 2937 1594 2993 observatio
1609 2933 1732 3007 discipli·

74 3041 137 3084 esse
162 3027 289 3100 videtum
314 3037 343 3086 et
366 3031 536 3092 Salvatorem
560 3035 757 3094 circumcidere
786 3039 878 3108 decet,
932 3044 987 3086 nae.
1008 3030 1144 3087 Caeterum
1171 3029 1199 3084 in
1223 3031 1276 3086 bac
1298 3025 1508 3083 circumcisione
1531 3023 1629 3096 triplex
1652 3019 1731 3080 nobis

73 3133 159 3189 quam
178 3118 346 3177 circumcidi.
369 3121 425 3178 Sed
448 3137 569 3197 agnosce
583 3125 763 3184 mediatorem
782 3127 833 3185 Dei
852 3135 880 3185 ει
932 3119 1112 3192 quaerendum
1127 3125 1170 3175 est
1193 3116 1288 3174 salutis
1302 3123 1403 3171 nostrae
1418 3109 1618 3200 testimonium,
1631 3111 1666 3166 ab
1679 3127 1730 3168 aa·

73 3207 227 3280 hominum,
244 3209 291 3283 qui
305 3211 340 3268 ab
354 3211 415 3284 ipso
425 3213 576 3272 nativitatis
590 3231 647 3273 suae
657 3217 770 3275 exordio
780 3217 879 3278 divinis
932 3209 1004 3282 gelo,
1017 3217 1044 3264 et
1057 3207 1150 3276 llaria,
1167 3215 1193 3262 ει
1207 3206 1320 3278 Joseplr.
1342 3205 1466 3276 Oportet,
1483 3202 1605 3276 inquam,
1625 3207 1730 3258 utente

73 3300 195 3354 bumana
217 3299 314 3371 sociat,
337 3300 393 3356 irna
417 3303 542 3361 summis,
562 3305 690 3363 Nascitur
702 3323 736 3364 ex
749 3307 877 3376 muliere,
932 3297 1024 3355 omnia
1047 3297 1126 3353 nobis
1150 3295 1242 3368 magni
1263 3291 1368 3351 consilii
1383 3291 1497 3364 angelus
1520 3290 1615 3346 salutis
1629 3301 1731 3346 nomen

74 3388 124 3444 sed
138 3387 182 3445 cui
197 3389 371 3446 fecunditatis
385 3389 492 3449 imctus
506 3394 546 3451 sic
569 3395 692 3466 accedat,
712 3403 742 3452 ut
756 3411 812 3453 non
826 3397 878 3453 de·
932 3387 1062 3460 imponat·
1087 3386 1191 3442 Dehinc
1215 3393 1243 3441 el
1266 3383 1353 3458 ipsius
1376 3397 1486 3456 <tuoque
1510 3378 1731 3454 0⁰¹¹gt0tt⁸ii⁰1¹l⁸

74 3476 147 3532 cidat
161 3477 212 3534 llos
234 3478 412 3551 virginitatis3
433 3482 532 3553 pannis
551 3482 708 3555 involvitur,
725 3485 774 3542 sed
795 3485 879 3556 panni
933 3473 1089 3556 necessaria
1110 3483 1153 3534 εει
1176 3473 1323 3544 ειιεειειιε,
1348 3487 1410 3546 quae
1431 3477 1561 3544 tanquam
1588 3476 1675 3526 mater
1689 3476 1731 3527 εει

75 3564 128 3637 ipsi
148 3566 281 3639 angelicis
304 3568 430 3626 laudibus
453 3572 636 3643 honorantur3
661 3573 837 3631 absconditur
850 3573 879 3628 in
933 3567 1116 3641 singulorum3
1147 3573 1244 3634 mater,
1274 3563 1397 3636 inquam,
1425 3560 1513 3633 virgo,
1546 3567 1674 3632 tanquam
1698 3573 1730 3615 ea

74 3655 222 3726 praesepio,
238 3656 287 3712 sed
310 3657 434 3728 proditur
452 3659 576 3716 radiante
592 3660 671 3718 stella
686 3661 720 3718 de
739 3661 818 3720 coelo.
835 3662 879 3719 Sic
933 3650 1730 3730 quamdesponditlpostolus,univirooc'rpinemccstcm

75 3750 104 3797 et
121 3743 293 3802 circumcisio
316 3745 459 3804 veritatem
482 3755 617 3821 susceptae
635 3748 733 3821 probat
757 3751 879 3807 humani-
934 3745 1062 3804 conbibere
1087 3743 1197 3802 Christo
1216 3741 1258 3814 (ll
1272 3743 1333 3799 Cor.
1361 3754 1400 3810 ει,
1428 3737 1467 3810 ιι).
1491 3735 1546 3794 Sed
1569 3751 1621 3794 nec
1644 3735 1730 3810 ipsius

75 3831 156 3904 tatis;
173 3839 203 3887 ει
217 3847 329 3904 nomen,
345 3837 419 3907 quod
435 3842 477 3892 est
493 3851 577 3908 super
590 3852 672 3894 omne
688 3829 799 3909 nornen,
814 3839 878 3912 glo·
932 3833 1049 3891 ministri
1074 3829 1307 3890 contemnendum
1334 3837 1376 3886 est
1413 3825 1598 3884 testimonium
1630 3825 1656 3881 ei
1684 3825 1731 3899 qui

74 3920 145 3976 riam
172 3920 274 3978 indicat
310 3923 472 3994 majestatis.
512 3925 722 3983 Circumciditur
748 3935 878 4001 tanquam
932 3922 1031 3980 imitari
1044 3921 1141 3996 quaerit
1155 3918 1303 3988 Salvatoria
1317 3917 1486 3991 exemplum.
1500 3914 1550 3972 llio
1565 3921 1607 3972 εει
1617 3913 1729 3985 iosepll,

73 4023 157 4065 verus
169 4009 287 4065 Abrahae
315 4009 402 4079 lilius3
422 4012 502 4069 lesus
519 4022 632 4070 vocatur
654 4021 783 4088 tanquam
798 4031 879 4073 verus
931 4013 1022 4070 locum
1031 4010 1142 4084 quidem
1154 4008 1281 4067 obtinens
1296 4005 1400 4079 sponsi,
1412 4021 1443 4062 re
1453 4011 1620 4061 autemaera
1634 4018 1730 4060 servus

74 4096 162 4153 Filius
176 4097 236 4154 Dei.
251 4099 349 4173 Neque
359 4099 434 4157 enim
449 4101 483 4157 ad
497 4100 583 4158 instar
596 4103 720 4175 priorum
734 4119 812 4161 meus
825 4103 878 4162 ista
933 4109 960 4158 et
974 4100 1156 4172 dispensator,
1168 4096 1214 4172 qui
1228 4112 1295 4154 saue
1308 4104 1386 4169 pater
1399 4101 1523 4164 vocatur,
1538 4090 1626 4165 magis
1639 4099 1731 4148 autem

73 4186 165 4258 Jesus,
177 4201 280 4244 nornen
294 4204 411 4246 vacuum
433 4198 480 4248 aut
494 4189 576 4247 inane
599 4198 697 4264 portat.
714 4192 775 4248 Non
789 4199 832 4249 est
850 4191 879 4250 in
933 4187 1060 4246 nutritius
1075 4197 1126 4245 est.

74 4291 109 4333 eo
122 4277 216 4349 magni
230 4277 349 4335 nominis
364 4280 473 4352 umbra,
485 4281 535 4338 sed
549 4281 779 4339 ventasiloelitus
793 4281 879 4356 siqui·
968 4281 995 4336 5.
1012 4277 1067 4334 Sed
1082 4277 1143 4334 dico
1159 4276 1257 4332 eadem
1271 4269 1452 4330 manifestius.
1468 4270 1501 4327 Et
1515 4269 1551 4325 ab
1565 4269 1608 4324 his
1626 4267 1673 4342 qui
1687 4267 1730 4324 fo·

74 4365 140 4422 dem
153 4365 269 4423 inditum
290 4358 391 4426 nomen
414 4369 583 4442 evangelista
606 4377 731 4442 testatur,
746 4371 818 4447 qaod
831 4388 877 4429 vo·
932 4365 973 4424 ris
987 4373 1060 4438 sunt,
1076 4366 1174 4421 iratres
1188 4364 1254 4434 mei,
1269 4371 1297 4419 ει
1313 4363 1347 4419 ει)
1362 4377 1395 4419 eo
1411 4360 1458 4434 qui
1474 4359 1547 4415 intus
1562 4365 1613 4429 est,
1629 4357 1731 4413 babere

3 4511 4 4518 ,
76 4459 177 4513 colum
190 4457 878 4534 ertoboapclo,priusquaminoteroconcipere·
933 4463 1041 4528 oportet
1064 4452 1249 4511 testimonium
1272 4453 1386 4509 bonum.
1407 4449 1493 4520 Cujus
1516 4447 1591 4504 enim
1604 4445 1732 4502 omnibus

2 4602 4 4611 ,
79 4547 140 4600 tur.
152 4545 186 4600 Et
197 4546 393 4604 attende‘verbi
402 4541 628 4621 profunditatem.
638 4551 786 4622 Postquam
796 4556 877 4606 natus
894 4586 918 4665 Β
934 4553 1022 4620 grata,
1034 4544 1137 4601 nemini
1149 4557 1268 4600 onerosa
1277 4549 1320 4598 est
1330 4536 1512 4606 conversatio,
1528 4534 1592 4592 bulo
1603 4534 1663 4591 sine
1677 4531 1731 4588 du-

3 4671 4 4700 ,
75 4637 120 4687 εει
131 4631 222 4704 iesus,
236 4634 317 4691 iesus
329 4642 445 4694 vocatur
462 4638 497 4693 ab
514 4637 681 4710 homiuibus,
698 4652 753 4711 quo
766 4636 878 4696 nomine

934 4633 980 4692 bio
997 4633 1109 4708 propria
1129 4633 1165 4689 de
1183 4631 1270 4688 salute
1284 4629 1410 4688 universa
1424 4627 1540 4682 fratrum
1554 4621 1731 4697 congregatio

3 4761 4 4792 ι
73 4730 187 4779 vocatus
200 4728 243 4779 εει
256 4722 339 4796 [olias
354 4725 401 4798 qui
414 4735 527 4785 vocatus
540 4727 591 4802 est]
606 4729 643 4784 ab
658 4728 766 4802 angelo,
783 4728 877 4802 prius·
933 4730 1086 4781 attestatur.
1110 4722 1222 4778 Frustra
1244 4721 1324 4793 plane
1348 4733 1431 4790 super
1454 4715 1496 4771 his
1520 4709 1659 4770 duntaxat
1670 4725 1731 4784 quae

3 4859 5 4880 ,
73 4825 159 4882 quam
174 4797 206 4865 in
224 4819 304 4869 utero
316 4815 518 4886 conciperetur.
539 4816 617 4874 Idem
628 4817 729 4892 quippe
745 4825 773 4876 et
787 4815 879 4892 angeli
934 4812 1042 4870 suntin
1054 4811 1211 4882 manifesto,
1227 4807 1414 4882 nequissimus
1428 4804 1472 4860 ille
1487 4801 1602 4858 lratrum
1613 4814 1729 4856 accusa·
1756 4865 1758 4873 ,

2 4940 4 4976 i

3 5032 4 5063 l

3 5117 5 5156 l

2 5216 5 5245 ι

73 4900 210 4970 Salvator,
226 4910 254 4956 et
267 4901 400 4971 hominis3
421 4905 469 4961 sed
488 4905 605 4964 hominis
620 4909 656 4966 ab
678 4907 877 4980 incarnatione,
934 4909 977 4960 tor
996 4891 1084 4958 trahat
1107 4900 1191 4978 [otius
1212 4897 1304 4971 trahil)
1318 4897 1346 4952 51¹
1369 4909 1491 4963 iausamr
1513 4906 1597 4965 (luem
1619 4895 1731 4988 “insat

73 4988 166 5061 angeli
179 4989 215 5044 ab
229 4988 307 5047 initio
322 5001 465 5050 creaturae.
933 4992 1097 5051 universitas
1117 4991 1242 5046 fratrum·
1266 4987 1354 5044 Habet
1374 4992 1402 5042 ei
1425 4999 1440 5040 ⁸
1463 4979 1582 5055 praelatls
1607 4985 1730 5080 ΜΨ·

110 5083 138 5134 3.
156 5081 289 5138 Voculam
302 5085 354 5150 εει,
365 5081 411 5150 ait,
423 5089 607 5160 nontemejus
618 5085 878 5162 iescaqaodooco·
932 5085 1019 5154 nium,
1040 5081 1163 5156 quisquis
1187 5087 1214 5137 θῑ
1233 5071 1627 5170 P0⁰⁰³i³3ae⁰1¹lfllislitaerei
1647 5069 1729 5168 hujus

75 5172 138 5224 tom
151 5171 194 5224 eat
207 5167 242 5224 ob
260 5171 371 5241 capeio.
394 5171 424 5225 ln
447 5185 495 5227 ore
514 5188 581 5246 ergo
596 5173 714 5233 duorum
737 5176 780 5234 vel
796 5175 878 5233 trium
933 5189 1042 5250 quoque
1066 5169 1196 5244 temporis
1222 5163 1404 5244 negligentias
1423 5161 1563 5236 (qnoniam
1587 5175 1615 5215 ¹¹¹
1637 5155 1730 5213 mulus

3 5299 5 5336 3
75 5255 187 5312 testium
201 5262 350 5315 statomne
365 5259 499 5316 uerbum:
516 5269 544 5319 et
570 5263 660 5335 ipsum
681 5265 755 5339 quod
772 5265 801 5320 in
815 5280 878 5337 pro·
932 5261 1097 5322 offendimus
1111 5256 1319 5329 omnesiiocob.
1335 5269 1376 5324 nt,
1397 5253 1435 5326 ι),
1447 5249 1500 5307 εἰει
1522 5250 1592 5306 lorte
1609 5244 1730 5348 sanabo-

3 5389 5 5426 ὲ
74 5346 159 5415 pheta
171 5344 370 5418 abbreviatum,
381 5349 553 5407 manilestius
567 5350 596 5407 in
610 5353 762 5428 Evangelio
776 5354 877 5428 legitur
931 5371 976 5412 res
1000 5368 1051 5409 nos
1082 5348 1244 5406 arbitramur
1266 5343 1400 5417 discipulo
1419 5357 1502 5414 ‘luem
1533 5337 1730 5438 dflfffflesus

2 5484 5 5499 ,
74 5448 140 5490 caro
164 5431 274 5493 iactum.
301 5437 369 5508 Nos,
394 5436 492 5497 iratres
516 5439 583 5511 mei,
609 5458 661 5499 nos
685 5443 795 5518 respicit
818 5446 876 5502 lraec
931 5446 957 5516 (l
963 5446 1043 5502 ioan.
1054 5442 1104 5512 ει)
1120 5437 1215 5495 humili
1224 5435 1264 5494 eis
1274 5442 1302 5491 ει
1316 5449 1384 5506 pura
1398 5423 1729 5522 εοειεεείοεειιῑίῑῑθιῑῢᾶ,Β

3 5573 6 5608 ὲ
74 5521 354 5594 parabola.Gbristus
368 5526 507 5588 enimnec
526 5528 652 5605 angelico
666 5531 742 5606 eguit
755 5533 876 5591 testimo-
931 5546 1042 5605 semper
1061 5527 1182 5602 exponit,
1206 5532 1233 5582 et
1255 5531 1350 5581 eorum
1365 5518 1523 5577 satisfacere
1543 5514 1635 5571 studet
1655 5511 1730 5568 arbr-

74 5610 131 5680 nio‚
157 5626 209 5668 uec
229 5612 348 5671 humano
369 5631 375 5673 :
396 5615 456 5688 aed,
485 5626 517 5675 ut
540 5616 673 5693 scripturn
695 5627 747 5691 εει,
775 5620 874 5682 omnic
930 5620 1121 5682 tristamus
1143 5615 1229 5672 inlris
1254 5612 1365 5688 quidem
1378 5607 1492 5682 pessimi
1510 5604 1584 5662 illius
1607 5598 1729 5659 timenda

3 5737 4 5744 ι
74 5703 191 5773 propior
216 5701 325 5762 clectos
341 5703 380 5776 (ll
402 5707 474 5766 lim.
489 5722 521 5780 tr,
548 5709 604 5781 to).
629 5707 738 5785 Triplex
757 5711 872 5785 proinde
929 5721 973 5772 εει
996 5699 1142 5780 accusatio,
1163 5705 1295 5780 quoniam
1318 5718 1375 5761 non
1386 5695 1520 5773 judicabit
1534 5691 1667 5752 Dominus
1684 5685 1727 5744 bis
