4064 6344
119 441 186 501 toea
739 436 913 499 sltdottlls
935 429 969 500 lli
988 437 1138 499 debitus.
1694 449 1762 510 1065

115 569 186 624 enim
209 575 251 625 est
277 577 407 624 turturem
432 575 551 637 tempore
575 582 631 622 sitae
650 565 799 638 viduitatis,
814 575 914 622 sanctae
929 579 953 658 Α
969 563 1081 636 (uerti.
1097 579 1138 637 ιιι,
1150 565 1195 628 16,
1209 568 1263 634 t't).
1281 567 1319 622 lta
1334 567 1392 624 lraec
1403 569 1457 624 duo
1473 571 1573 644 ubique
1587 573 1697 645 pariter,
1710 589 1762 630 vox

117 655 251 714 uiduitatis
273 671 343 730 opus
367 663 475 712 strenue
497 663 576 728 atque
606 655 808 726 infatigabiliter
839 671 914 711 exse·
968 661 994 708 et
1013 652 1132 726 signnm,
1148 654 1182 708 ad
1197 654 1416 712 introducendam
1429 657 1512 714 fidem
1527 675 1558 715 ex
1573 660 1664 717 divina
1679 662 1762 734 largi·

114 755 250 814 quantem.
267 745 366 802 Videas
381 743 482 816 ubique
496 743 673 815 singularem,
690 743 789 816 ubique
804 759 914 818 gemen—
970 750 1023 798 tate
1042 749 1229 800 concurrunt:
1247 752 1275 799 ut
1294 744 1364 800 latus
1382 747 1417 802 ad
1436 748 1551 804 animam
1572 765 1620 821 per
1633 759 1762 824 utrasque

115 841 167 888 tem
183 833 295 901 audias;
312 847 362 887 nec
376 848 494 903 unquam
508 832 536 886 irt
551 831 631 887 viridi
653 847 729 888 ratno
749 832 915 890 residentem
970 832 1098 887 fenestras
1113 834 1250 907 ingressus
1267 837 1355 903 pateat
1369 837 1485 892 veritati.

116 922 275 993 prospicies,
291 929 320 977 ut
345 929 371 976 lu
396 924 430 976 ab
449 937 482 977 eo
506 921 592 975 discas
614 921 781 991 voluptatum
803 921 915 977 uirentia
1006 923 1048 974 tu.
1066 921 1193 992 Sequitur
1211 938 1217 974 :
1236 923 1317 978 Ficus
1339 924 1461 992 protulit
1481 941 1589 996 prorsas
1610 943 1683 984 suos.
1699 929 1759 984 Non

117 1009 247 1066 virulenta
263 1011 356 1065 vitare.
375 1010 451 1064 dddc
470 1009 544 1082 quod
565 1010 592 1064 ln
605 1009 679 1083 jugis
693 1010 822 1067 montium
842 1021 868 1065 et
887 1010 913 1065 in
968 1009 1142 1065 comedamus
1156 1025 1187 1065 ex
1210 1010 1250 1066 eis
1271 1029 1276 1067 :
1296 1027 1346 1066 nec
1361 1012 1432 1066 enim
1451 1013 1508 1068 esui
1529 1015 1631 1070 habiles
1649 1025 1711 1071 sunt
1729 1019 1765 1072 ob

115 1097 314 1154 summitatibus
336 1098 463 1154 arbomm
492 1099 658 1170 frequentior
680 1098 718 1152 illi
745 1098 915 1154 conversatio
969 1098 1188 1155 immaturitatem
1203 1100 1254 1156 sui.
1266 1099 1399 1156 Bonorum
1410 1101 1508 1156 ficuum
1523 1103 1619 1159 babent
1634 1105 1762 1175 speeiem,

115 1197 173 1242 est:
190 1195 229 1254 ut,
246 1187 320 1259 quod
335 1187 378 1242 vel
393 1187 509 1244 maxime
527 1189 695 1261 propositum
711 1188 916 1260 pudicitiae,de-
969 1187 1016 1243 sed
1040 1187 1253 1252 similitudinem,
1279 1203 1333 1245 non
1354 1206 1489 1260 saporem,
1511 1191 1580 1247 forte
1610 1194 1766 1263 hypocritas

116 1287 167 1340 cet,
181 1275 276 1332 doceat
299 1292 350 1334 nos
373 1285 480 1334 terrena
502 1277 652 1348 despicere,
674 1285 701 1333 et
720 1293 811 1334 amare
829 1276 915 1333 coele-
969 1274 1155 1347 designantes.
1170 1278 1230 1333 Non
1253 1277 1410 1346 abjiciamus
1444 1287 1544 1342 tamen,
1560 1281 1626 1336 allas
1654 1279 1765 1338 forsitan

115 1362 176 1420 slis.
970 1364 1013 1420 bis
1026 1380 1095 1438 opus
1107 1365 1276 1422 habebimus.
1288 1367 1416 1438 alioquin
1431 1369 1495 1424 satis
1506 1387 1553 1441 per
1567 1385 1595 1424 se
1610 1371 1685 1442 ipsos
1699 1371 1766 1428 levi-

152 1451 234 1509 8.le
259 1451 359 1523 quibus
382 1451 532 1526 colligitur,
558 1453 630 1524 quod
662 1468 714 1510 vox
742 1452 776 1508 sit
804 1453 916 1508 turturis
971 1460 1020 1520 ter,
1036 1464 1063 1510 et
1084 1461 1144 1510 ante
1164 1461 1268 1522 tempus
1290 1457 1399 1522 cedent,
1415 1456 1482 1511 sicut
1506 1455 1597 1512 fenum
1624 1467 1765 1524 tectorum,

115 1539 197 1595 etiam
219 1539 373 1610 pradicatio
387 1541 528 1598 castitatis.
545 1543 641 1612 Neque
655 1542 728 1598 enim
748 1557 764 1596 a
783 1541 916 1612 principio
971 1541 1044 1613 qnod
1060 1541 1217 1614 priusquam
1232 1542 1359 1599 evellatur
1372 1545 1475 1600 exaruit
1489 1545 1574 1616 (Paul.
1585 1561 1702 1613 cxxvnt,
1714 1549 1742 1618 o)
1757 1565 1763 1600 :

115 1643 167 1685 vox
190 1627 240 1682 ista
264 1627 292 1682 in
315 1629 396 1684 terris
413 1629 505 1685 audita
519 1629 578 1698 fuit,
595 1630 643 1686 aad
659 1629 747 1700 magis
761 1629 805 1685 illa
822 1646 829 1687 :
848 1631 916 1686 Cre·
970 1631 1042 1705 quod
1058 1645 1091 1687 eo
1109 1631 1143 1685 da
1163 1631 1311 1702 hypocritis
1331 1633 1432 1689 dictum
1448 1649 1519 1690 reor.
1534 1635 1594 1690 Non
1608 1636 1666 1690 sine
1684 1651 1767 1692 causa

115 1718 195 1784 scite,
211 1721 239 1774 al
253 1718 504 1790 multiplicamini,
520 1727 546 1777 ct
560 1719 666 1792 replete
681 1722 788 1776 terrem
802 1717 883 1791 (Gen.
899 1734 918 1805 ι,
974 1729 1062 1774 tamen
1087 1718 1114 1772 in
1136 1720 1255 1776 carmine
1274 1722 1385 1791 nuptiali
1400 1737 1491 1779 eorum
1511 1723 1612 1780 mentio
1634 1725 1702 1780 faeta
1716 1737 1764 1782 est.

115 1805 172 1878 23).
191 1807 332 1864 incassum
345 1807 468 1880 profecto
482 1823 537 1866 vox
552 1809 598 1864 illa
620 1807 757 1880 pudicitie
771 1807 915 1874 sonuisset,
974 1807 1059 1862 lirant
1080 1805 1138 1860 aine
1157 1805 1250 1872 dubio,
1264 1808 1316 1862 atsi
1329 1823 1382 1863 non
1407 1811 1477 1876 esui,
1493 1812 1553 1866 usui
1572 1812 1765 1886 qualicunque.
1832 1833 1844 1844 ·

115 1894 231 1950 necdum
245 1895 387 1966 propalata
396 1895 597 1967 resurgentium
611 1897 698 1968 patria
709 1917 716 1946 ι
728 1897 754 1950 in
769 1910 821 1966 qua
836 1894 917 1965 louge
970 1894 1087 1950 llultain
1097 1892 1199 1964 nuptiis
1211 1903 1308 1963 praeter
1318 1897 1401 1967 dapes
1413 1901 1562 1956 necessarie
1576 1911 1765 1971 procurantur.

116 1979 224 2037 felicius
237 1981 363 2037 homines
377 1996 466 2053 neque
480 1983 591 2048 nubent,
605 1998 692 2055 neque
707 1985 852 2048 nubentur,
868 1981 917 2038 sed
971 1983 1031 2054 Ego
1054 1997 1118 2038 uero
1142 1981 1213 2036 istud
1236 1981 1304 2037 adeo
1330 1985 1439 2039 minime
1465 1989 1682 2056 praetereundum
1705 1991 1765 2046 exi-

116 2077 180 2126 sunt
194 2067 263 2126 deut
276 2069 366 2142 augeli
381 2069 432 2126 liei
443 2070 642 2140 incoelisllcc.
653 2087 704 2135 ιιιι,
717 2073 761 2135 35,
776 2071 830 2140 36).
841 2071 917 2126 Tune
970 2070 1061 2137 stimo,
1078 2077 1107 2124 ut
1129 2067 1259 2142 quidquid
1278 2069 1344 2126 illud
1367 2079 1417 2136 est,
1434 2071 1505 2127 inter
1522 2075 1659 2146 angustias
1674 2085 1767 2132 extre·

118 2157 178 2215 ιιοιι
200 2157 239 2212 illi
263 2165 371 2227 tempus
394 2156 479 2214 fuisse
503 2165 568 2216 lunc
589 2157 673 2225 dicas,
689 2173 750 2215 eum
773 2158 918 2214 maledieto
971 2159 1091 2214 mitatem
1107 2158 1239 2214 sermonis
1253 2159 1334 2228 hujus
1347 2161 1482 2218 discutere
1498 2162 1654 2228 nolim;sad
1671 2163 1767 2220 diliero

116 2245 207 2304 omnis
231 2245 390 2316 subjacebat
410 2245 509 2303 sterilis
531 2247 559 2300 in
576 2247 668 2314 lsrael,
682 2263 742 2303 cum
757 2246 918 2304 Patriarebae
972 2250 999 2302 in
1014 2246 1087 2304 diem
1103 2247 1229 2313 alterurn,
1246 2250 1381 2305 ethoram
1403 2250 1565 2307 liberiorem.
1583 2253 1624 2307 dn
1640 2269 1704 2311 vero
1716 2270 1768 2310 nc-

117 2335 171 2408 ipsi
185 2335 277 2406 plures
292 2334 371 2390 simul
384 2335 521 2392 habebant
534 2351 642 2406 uxores,
654 2353 716 2394 cum
730 2337 814 2394 frater
827 2336 919 2392 fratris
971 2338 1099 2407 cessarie,
1119 2336 1195 2393 tobis
1221 2344 1284 2392 tunc
1308 2337 1424 2408 experiri
1451 2338 1543 2396 licebit
1558 2357 1564 2394 :
1581 2349 1682 2396 tantum
1704 2341 1768 2396 milri

117 2425 222 2496 absque
236 2423 331 2480 liberis
345 2423 467 2482 defuncti
480 2441 572 2481 semen
587 2425 718 2482 suscitare
727 2440 763 2481 ex
777 2425 839 2499 lege
849 2442 920 2482 rom·
973 2425 1201 2496 opportunitatem
1221 2423 1428 2497 facultatemque
1450 2427 1589 2485 obtineant
1603 2438 1664 2487 vota
1678 2437 1769 2487 vestra

119 2512 295 2586 pellebatur?
308 2513 352 2579 dt,
369 2512 416 2569 ubi
437 2512 557 2570 insonuit
570 2529 602 2570 ex
617 2529 665 2570 ore
679 2514 796 2571 coelestis
810 2513 921 2570 turturis
974 2515 1007 2568 ad
1033 2513 1224 2582 proferendum
1247 2514 1319 2585 quod
1344 2515 1443 2582 sentio,
1459 2515 1487 2570 in
1509 2525 1625 2573 vestram
1650 2517 1769 2589 ipsorum

117 2599 318 2659 commendatio
341 2601 386 2659 illa
411 2602 578 2674 spadonum,
607 2603 653 2674 qui
680 2619 711 2660 ae
738 2611 921 2660 castraverunt
974 2601 1191 2670 edificationem,
1202 2601 1229 2656 in
1244 2603 1349 2658 laudem
1363 2611 1391 2658 et
1404 2603 1518 2674 gloriam
1534 2606 1627 2675 sponsi
1643 2607 1770 2662 Ecclesiae

119 2697 233 2764 propter
247 2704 364 2762 regnum
378 2690 427 2746 bet
443 2691 555 2762 (lfattlt.
571 2707 633 2762 ιιιιι,
651 2691 712 2764 ι2);
729 2692 836 2749 etitem
851 2691 921 2748 alte-

119 2780 178 2837 rius
192 2779 316 2850 ciusdem
330 2779 488 2836 castissimae
503 2781 616 2836 turturis
628 2781 772 2837 eonsilium
786 2781 820 2837 dc
834 2783 920 2853 uirgi-

119 2867 202 2923 nibus
221 2868 321 2940 ubique
335 2867 452 2924 invaluit
465 2869 492 2940 (l
506 2869 566 2928 Cor.
584 2884 632 2935 ιιι,
648 2867 705 2940 25),
721 2877 785 2923 tunc
804 2867 921 2940 primum

119 2955 173 3012 dici
197 2958 331 3013 veracitet
356 2959 452 3028 potuit,
467 2956 530 3028 quia
554 2974 610 3014 ccx
628 2959 753 3014 turturis
767 2957 865 3014 auditu
880 2961 922 3013 cst

120 3048 152 3100 ic
172 3048 250 3103 ferra
264 3047 374 3104 nostra.

973 2692 1037 2747 lesu
1053 2691 1151 2747 Christi
1174 2690 1281 2746 bomini
1299 2689 1347 2763 qui
1368 2699 1409 2746 est
1429 2709 1511 2762 super
1534 2695 1624 2748 omnia
1640 2695 1710 2750 lleus
1724 2697 1771 2751 be·

975 2780 1100 2834 nedictus
1115 2778 1265 2834 insaecula.
1281 2777 1379 2834 Amen.

1278 2885 1397 2940 senato
1414 2885 1468 2940 tx.

978 2977 1016 3031 lic
1038 2974 1243 3031 incredulitate
1265 2974 1438 3046 iudeorum,
1454 2990 1538 3048 quum
1562 2977 1773 3050 compleverant

1012 3061 1176 3102 memorum
1190 3048 1306 3118 petrum
1319 3060 1436 3102 ntorum
1450 3046 1601 3106 occidendo
1616 3047 1772 3104 llltriatcm.

157 3136 185 3190 9.
201 3133 285 3208 firgo,
301 3133 366 3189 siin
382 3143 453 3191 terra
467 3141 560 3192 nostra
578 3141 606 3190 ct
628 3135 709 3191 flores
729 3141 922 3206 appamerunt,
939 3121 961 3199 G
1011 3137 1038 3189 l.
1055 3137 1137 3190 Ficus
1150 3135 1273 3208 protulit
1287 3149 1392 3206 grossos
1405 3151 1470 3192 scos
1480 3134 1603 3208 (ecclic.
1616 3150 1647 3204 tt,
1664 3136 1717 3208 ts).
1733 3137 1774 3192 Ex

122 3229 150 3279 et
172 3237 227 3278 ιιοιι
251 3222 364 3279 turturis
388 3223 478 3278 audita
498 3230 556 3292 est3
572 3221 693 3295 profecto
708 3231 736 3278 et
749 3222 809 3280 visu
824 3221 924 3281 ueritas

121 3317 259 3383 comperta
281 3322 330 3378 est,
353 3317 381 3366 et
403 3312 505 3368 auditu.
524 3313 582 3368 Vox
610 3313 712 3384 quippe
739 3312 857 3382 auditur,
873 3311 925 3368 llos

121 3399 250 3455 cernitur.
267 3399 328 3455 Flos
347 3399 509 3456 miraculum
523 3407 574 3471 est,
591 3409 620 3455 ut
633 3409 726 3456 nostra
741 3400 866 3471 superior
879 3399 923 3454 in-

123 3489 282 3558 terpretatio
297 3488 388 3553 babet,
404 3489 477 3557 quod
498 3487 560 3543 voei
581 3489 712 3543 accedens
727 3485 845 3543 fructum
860 3503 924 3558 par-

123 3575 188 3631 turit
212 3575 288 3631 fidei.
304 3575 363 3630 litai
384 3575 451 3631 fades
468 3575 621 3641 exauditu,
636 3575 684 3630 sed
699 3591 731 3630 ex
747 3577 807 3632 visu
822 3575 924 3634 confir-

122 3662 207 3719 matio
230 3673 279 3720 est.
306 3663 403 3720 Sonuit
420 3679 482 3732 vox,
497 3662 633 3734 splenduit
646 3663 707 3728 llos,
724 3672 752 3719 et
775 3664 877 3720 ueritas
891 3667 925 3720 de

124 3763 196 3809 terra
210 3759 270 3809 orta
288 3761 328 3808 est
350 3753 436 3822 (Psoi.
456 3766 577 3818 uxxxtv,
591 3755 636 3822 ι2)
653 3768 701 3824 per
720 3751 843 3808 fidelium
857 3767 925 3809 eoe-

122 3839 281 3910 fessionem,
298 3842 384 3898 verbo
398 3839 529 3913 agnoque
546 3841 650 3912 pariter
662 3842 884 3899 concurrentibus
898 3859 924 3897 m

124 3927 313 3984 testimonium
338 3926 413 3984 fidei.
438 3928 603 3986 Testimonia
622 3930 674 3986 ista
698 3931 840 3988 credibilia
857 3931 926 3987 facts

123 4021 188 4073 suut
214 4014 305 4083 nimis,
325 4016 389 4073 dum
412 4016 464 4074 llos
489 4018 635 4084 nocituri
657 4019 752 4075 oculus
773 4027 924 4079 attestatur.

124 4103 227 4160 Audita
254 4104 310 4160 uisa
338 4105 510 4175 confirmant,
538 4113 568 4161 ut
595 4107 713 4164 duorum
741 4107 925 4165 testimonium

124 4192 210 4266 (auris
229 4192 328 4264 loquor
343 4201 371 4249 et
384 4191 468 4265 oculi)
478 4201 566 4250 ratum
580 4195 625 4254 ait.
637 4197 784 4267 Propterea
793 4197 926 4254 beurim

124 4283 217 4338 aiebat
232 4297 239 4339 :
257 4284 309 4348 lte,
325 4284 490 4341 remandate
503 4285 607 4342 loanni
621 4281 723 4340 2472
745 4284 816 4358 (ejus
828 4301 926 4356 nempe

124 4369 266 4443 discipulis
284 4370 456 4443 loquebatur)
471 4389 534 4444 qcoe
547 4373 669 4431 audistis
681 4378 710 4431 ct
723 4375 835 4432 videtis
848 4373 925 4448 (luc.

124 4473 174 4529 vtt,
190 4461 246 4530 22),
262 4459 320 4516 Nec
333 4458 443 4515 breuius
456 4459 519 4528 illis,
534 4475 586 4516 nec
606 4461 715 4533 planius
728 4461 846 4518 intimari
864 4461 927 4518 fidei

124 4548 214 4605 valuit
235 4547 380 4605 certitudo.
401 4547 503 4605 lisdem
526 4565 592 4605 sane
610 4549 638 4604 in
662 4550 737 4608 brevi
761 4551 841 4608 etiam
863 4551 927 4607 nni-

125 4652 214 4695 versae
224 4643 303 4693 terrae
317 4637 463 4709 persuasio
476 4637 546 4694 facta
561 4647 612 4706 est,
627 4647 654 4696 et
665 4641 761 4695 eodem
774 4644 928 4714 argumenti

125 4725 302 4798 compendio.
320 4727 387 4795 cce
400 4726 532 4796 audistis,
542 4727 637 4799 lnquit,
652 4729 811 4787 etcidirtia.
827 4729 852 4786 0
865 4745 927 4786 rer-

127 4815 194 4870 bum
214 4813 411 4886 abbreviatum,
427 4823 544 4872 alumen
567 4816 657 4876 rivum
677 4825 704 4874 et
722 4816 818 4876 efficax
832 4819 838 4874 l
854 4819 928 4875 llaud

126 4903 228 4960 dubius
243 4903 367 4976 profecto
381 4920 484 4975 assero,
494 4905 568 4978 quod
583 4906 695 4963 auribus
709 4907 850 4980 oculisque
864 4923 929 4980 per-

128 4993 199 5062 cepi.
225 4993 331 5050 intonat
355 4993 420 5050 tuba
444 4995 579 5062 salutaris,
595 5008 736 5054 coruscant
749 4997 887 5066 miracula,
903 5005 930 5054 et

128 5080 248 5136 mundus
261 5083 356 5138 credit.
380 5083 439 5139 Cito
459 5084 633 5152 persuadetur
648 5085 722 5157 quod
740 5085 848 5154 dicitur,
863 5087 929 5142 dum

126 5169 204 5242 quod
226 5177 359 5241 stupetur,
376 5171 538 5228 ostenditur.
564 5173 651 5230 llabes
672 5181 760 5229 autem
781 5175 843 5248 quia
860 5192 930 5248 pro·

131 5259 204 5328 secti
214 5260 331 5330 apostoli
341 5261 571 5332 praedicaverunt
581 5261 693 5334 abique,
705 5265 823 5320 beamine
833 5281 930 5337 coope-

129 5351 226 5418 rante,
237 5352 264 5406 ct
279 5365 437 5406 sermonem
447 5350 636 5420 confirmante
650 5354 829 5423 sequentibus
843 5355 931 5426 alpais

129 5435 233 5508 [Marc.
249 5453 307 5502 ttttt,
324 5439 381 5509 20).
398 5439 487 5495 Habes
506 5439 534 5494 in
559 5447 650 5497 monte
668 5443 800 5510 stupenda
814 5442 932 5498 claritate

131 5523 366 5596 transfiguratum,
382 5535 409 5581 et
432 5526 608 5584 nihilominus
631 5545 749 5600 superna
763 5529 931 5588 testificatum

131 5628 200 5670 voce
215 5611 328 5681 (lfcttlt.
346 5629 416 5680 xvtt,
431 5613 502 5686 2-5).
518 5617 606 5672 llabes
628 5616 656 5672 in
678 5619 797 5675 iordane
810 5619 933 5676 similiter

132 5711 162 5756 et
185 5701 336 5758 columbam
360 5703 559 5775 designantem,
576 5715 603 5763 et
626 5719 719 5766 rocem
745 5706 933 5768 testificantem

225 5809 345 5866 Parnon.
367 5809 542 5868 ctxxttttt.

977 3221 1164 3294 superioribus
1188 3223 1287 3294 pendet
1316 3239 1436 3294 praeseus
1455 3225 1540 3280 locus.
1561 3223 1671 3278 Dixerat
1699 3226 1774 3280 enim

977 3319 1085 3383 tempus
1105 3311 1252 3380 putationis
1274 3311 1391 3379 uenisse,
1407 3317 1460 3366 tant
1475 3327 1508 3365 ex
1527 3310 1639 3367 floribus
1658 3313 1706 3384 qui
1716 3313 1775 3382 jatn

977 3397 1153 3470 apparebant,
1168 3413 1249 3470 qnam
1263 3415 1295 3452 ex
1309 3398 1401 3453 audita
1415 3397 1525 3453 turturis
1543 3411 1612 3455 voce
1630 3399 1682 3456 boc
1696 3414 1774 3455 asse-

979 3503 1051 3543 rens.
1066 3486 1096 3541 ld
1123 3487 1212 3558 ipsum
1239 3487 1327 3542 adhuc
1355 3503 1388 3543 ex
1412 3502 1571 3560 grossorum
1597 3489 1775 3561 productione

979 3573 1108 3640 affirmat;
1124 3577 1188 3646 quia
1204 3591 1258 3631 nou
1280 3576 1368 3632 solum
1386 3591 1419 3632 ex
1438 3575 1550 3634 floribus
1565 3585 1592 3632 et
1606 3591 1672 3634 voce
1688 3585 1777 3635 turtu-

979 3665 1015 3720 ris
1037 3663 1249 3736 experimentum
1276 3663 1383 3737 capitur
1411 3666 1553 3736 temporis;
1569 3666 1672 3738 capitur
1692 3677 1717 3721 et
1742 3683 1774 3720 ex

980 3753 1042 3808 ιιοιι.
1062 3753 1124 3809 Non
1144 3750 1217 3808 enirn
1235 3767 1290 3808 non
1311 3764 1352 3808 est
1366 3768 1412 3808 aer
1431 3753 1614 3826 indulgentior
1628 3763 1700 3818 tunc,
1715 3769 1776 3808 cnm

979 3840 1049 3898 fieus
1063 3855 1176 3916 grossos
1198 3855 1265 3897 snos
1289 3841 1437 3912 protulerit.
1450 3841 1533 3898 Ficus
1555 3843 1637 3899 florea
1656 3859 1710 3900 non
1724 3844 1776 3898 ha-

979 3932 1035 3994 bet,
1051 3931 1097 3985 sed
1114 3943 1163 4001 pro
1177 3927 1290 3984 floribus
1304 3943 1415 4000 grossos
1429 3929 1510 3985 mittit
1524 3938 1643 4000 tempore
1657 3946 1711 4002 quo
1725 3947 1777 3988 cae·

981 4030 1045 4076 terae
1059 4017 1170 4074 arbores
1184 4019 1290 4074 florent.
1306 4018 1339 4072 lit
1352 4018 1491 4089 quomodo
1506 4017 1589 4074 liores
1603 4028 1733 4090 apparent
1750 4027 1778 4074 et

980 4111 1129 4172 transeunt,
1144 4105 1176 4160 ad
1192 4105 1257 4160 nibil
1274 4105 1365 4176 utiles,
1382 4105 1437 4160 nisi
1456 4103 1528 4176 quod
1542 4105 1660 4161 secuturi
1675 4104 1778 4160 fruetus

979 4194 1089 4266 quidam
1104 4191 1249 4266 praenuutii
1264 4203 1343 4264 sunt;
1359 4191 1396 4248 ita
1409 4203 1436 4249 ct
1455 4191 1554 4266 grossi.
1571 4191 1713 4260 Orinntur,
1728 4193 1776 4248 sed

981 4286 1123 4340 immatura
1146 4281 1256 4351 cadunt,
1272 4287 1301 4340 et
1325 4282 1390 4339 dant
1414 4281 1504 4338 locum
1530 4281 1711 4346 maturandis,
1726 4281 1776 4353 ipsi

982 4373 1092 4430 minime
1107 4371 1210 4428 habiles
1225 4374 1258 4427 ad
1273 4371 1449 4429 uescendum.
1460 4371 1496 4426 Et
1507 4371 1572 4428 ltine
1584 4385 1662 4445 ergo,
1672 4379 1701 4427 ut
1711 4370 1777 4438 dixi,

981 4463 1062 4522 sumit
1091 4477 1210 4534 sponsus
1237 4460 1450 4532 experimentum
1480 4459 1620 4532 temporis,
1643 4469 1669 4516 et
1694 4475 1778 4534 argu-

982 4561 1102 4608 mentum
1117 4549 1261 4615 suasionis,
1276 4557 1304 4605 ut
1319 4565 1372 4605 uon
1386 4548 1532 4622 pigritetur
1552 4564 1663 4622 pergere
1679 4564 1779 4620 sponsa

981 4640 1016 4696 ad
1039 4639 1141 4706 tineas,
1156 4639 1220 4711 quia
1243 4653 1297 4693 non
1325 4637 1395 4708 perit
1419 4652 1595 4711 operaque
1621 4639 1780 4710 tempestiva

982 4729 1066 4785 venit.
1081 4727 1114 4784 lit
1130 4727 1217 4784 littera
1231 4727 1338 4801 quidem
1354 4727 1403 4782 sic.

1018 4821 1044 4873 2.
1069 4816 1140 4886 Quid
1163 4830 1228 4874 uero
1254 4816 1387 4889 spiritual
1401 4823 1431 4871 ut
1460 4817 1539 4888 plane
1562 4815 1615 4872 hoc
1642 4815 1702 4872 loco
1725 4830 1780 4874 non

983 4907 1064 4965 licum
1079 4907 1241 4974 intueamur,
1256 4906 1304 4963 sed
1330 4905 1476 4977 propalam:
1493 4919 1589 4975 nempe
1612 4904 1645 4960 de
1664 4905 1780 4962 homini-

984 5000 1034 5054 bus
1047 5013 1111 5055 cura
1135 5004 1178 5052 est
1193 4997 1258 5062 beo,
1277 5009 1330 5050 non
1351 4994 1384 5049 de
1405 4992 1558 5049 arboribus
1571 4993 1640 5049 Vere
1655 4992 1720 5049 fieus
1739 5003 1780 5049 est

984 5089 1109 5158 populus,
1127 5085 1231 5159 fragilis
1255 5099 1345 5152 temne,
1363 5083 1489 5154 parvulus
1512 5097 1602 5152 sensu,
1619 5081 1709 5138 animo
1728 5084 1779 5135 hu-

984 5176 1067 5242 milis,
1080 5175 1158 5244 cujus
1173 5173 1251 5246 primi
1266 5171 1378 5240 fructus,
1395 5181 1424 5228 ut
1439 5169 1545 5227 interim
1560 5171 1662 5226 nomini
1678 5170 1781 5225 alluda-

984 5282 1055 5332 mus,
1072 5265 1160 5338 grossi
1183 5263 1277 5335 utiquc
1300 5271 1326 5319 et
1350 5261 1459 5318 terreni.
1477 5261 1533 5317 Nec
1555 5261 1627 5316 enim
1641 5259 1782 5332 popularis

985 5362 1027 5410 est
1042 5353 1124 5410 studii
1138 5353 1255 5426 primum
1275 5365 1397 5425 quaerere
1417 5367 1528 5425 regnum
1548 5349 1595 5403 Dei
1610 5356 1637 5403 et
1649 5347 1780 5417 justitiam

986 5443 1046 5513 ejus
1060 5442 1168 5512 (llcttlr.
1185 5459 1225 5508 vt,
1241 5443 1302 5514 33)·,
1319 5441 1379 5510 sed,
1393 5446 1423 5495 ut
1438 5442 1474 5495 ait
1494 5437 1648 5510 Apostolus,
1664 5436 1783 5510 cogitare

987 5545 1047 5602 qus
1071 5531 1165 5587 mundi
1193 5538 1267 5597 sunt,
1282 5530 1419 5602 quomodo
1442 5528 1565 5600 placeant
1587 5524 1729 5596 uxoribus,
1744 5525 1784 5582 vol

988 5618 1041 5675 illae
1056 5619 1132 5678 uiris.
1146 5618 1364 5675 Tribulatlouem
1379 5617 1469 5672 tarnis
1483 5613 1618 5670 ltabebunt
1632 5611 1786 5684 hujusmodi

988 5708 1084 5779 (lior.
1101 5722 1151 5778 ιιι,
1167 5709 1212 5773 33,
1229 5709 1289 5778 23);
1310 5705 1358 5762 sed
1371 5705 1401 5760 in
1415 5701 1571 5788 novissimis
1585 5715 1639 5762 non
1657 5717 1790 5771 negamus

1667 5813 1702 5865 at
