4116 6348
152 311 205 376 tos
771 305 1185 376 saaucumuaurtuusts.
1749 313 1805 374 ιω

150 440 238 508 valde,
254 446 348 512 utpote
369 439 404 495 de
425 439 551 508 paradise
574 440 634 506 Dei,
658 448 809 512 asportatae
832 437 948 511 suseipi-
964 451 989 530 g
1006 435 1113 506 melius,
1125 437 1261 510 longeque
1276 439 1463 500 excellentius.
1473 443 1541 500 illud
1555 452 1643 502 autem
1653 443 1751 506 mirum
1764 449 1803 515 ui·

150 546 222 588 mus.
240 532 328 588 Omae
341 530 413 586 euim
431 529 525 586 datum
547 530 689 601 optimum,
701 538 730 588 et
748 546 828 588 omne
845 531 947 586 donum
1004 525 1082 582 detur
1096 525 1233 584 aitertium
1248 528 1356 602 aliquod
1366 531 1481 588 inveniri
1488 542 1578 606 queat,
1587 535 1800 606 quodambebus

150 618 299 690 perfeetum
321 620 467 676 desursum
482 629 532 686 est,
552 619 752 678 descendensa
772 620 851 676 Patre
865 617 946 676 lumi·
998 612 1062 684 jure
1071 614 1167 674 debeat
1175 618 1312 688 anteponi,
1337 621 1413 690 iuxta
1428 621 1501 694 quod
1529 623 1661 696 optimum
1674 641 1801 703 ungasa-

149 724 215 764 num
235 708 308 780 (foe.
333 709 428 778 1,t‘t>.
452 705 522 775 Quid
542 707 658 780 denique
682 706 871 778 hujuscemodi
893 722 947 764 uu·
1002 709 1058 758 tum
1072 719 1173 776 sponsa
1187 721 1238 762 sua
1255 707 1376 764 redolere
1399 709 1483 766 ubera
1502 712 1644 784 glorietur.
1672 701 1798 788 Alieduin

149 805 252 867 guento
274 797 463 866 excellentius,
477 797 513 852 de
533 799 613 867 cujas
626 795 760 854 effusione
775 795 859 852 etiam
873 794 947 866 Apo-
1001 792 1170 863 cptimanon
1198 804 1270 864 suut,
1286 796 1309 851 si
1323 811 1379 854 nou
1392 795 1502 854 vincunt
1535 807 1562 856 et
1583 802 1693 860 meliora
1709 822 1716 860 ι
1732 805 1800 862 siem

150 885 215 942 stoli
229 900 412 942 murmurasse
421 884 558 956 dicautur,
573 884 712 942 dieentes:
736 883 837 958 timete
843 883 946 958 perdi·
1001 889 1029 938 et
1038 882 1148 940 meliora
1162 884 1295 942 veraciter
1309 903 1363 944 uon
1376 887 1513 956 dicuutur,
1529 889 1579 945 uisi
1594 906 1656 962 quae
1670 903 1798 965 superant

150 975 191 1031 tic
202 973 460 1047 boeefpetuttenim
474 973 946 1047 maundarietdoripccperidae.
1001 971 1083 1028 bona.
1098 975 1183 1030 Porro
1198 981 1278 1032 tautae
1299 975 1463 1033 excellentie
1487 985 1656 1050 unguentum
1684 980 1802 1038 illudse-

187 1065 214 1116 3.
228 1060 405 1118 &daturne
417 1075 525 1133 quoque
538 1077 599 1118 eum
615 1060 682 1120 forte
696 1063 802 1122 videtur
812 1061 947 1136 quispiam
1000 1060 1129 1130 eundum,
1144 1063 1217 1134 quod
1231 1065 1447 1138 caputuugitur,
1481 1066 1620 1124 intentum
1636 1077 1688 1140 est,
1710 1068 1798 1126 utrix

151 1149 334 1216 rabatense,
349 1148 947 1225 tantaequadarououisetgratiae,ulmetito
1001 1149 1127 1218 qualibet
1150 1152 1175 1208 ei
1197 1151 1308 1220 divitie,
1335 1169 1392 1211 nou
1435 1153 1496 1212 dice
1524 1153 1655 1228 praeferri,
1678 1154 1727 1212 sed
1749 1171 1800 1215 uec

150 1237 274 1294 eradatur
291 1251 393 1308 ungere
415 1239 619 1311 eaputhristi‚
634 1241 782 1310 persistens
802 1239 947 1316 fugiterin
1001 1239 1097 1296 sattem
1119 1239 1238 1296 conferri
1267 1255 1348 1313 posse
1374 1241 1507 1300 rideatur.
1536 1243 1595 1317 Ege
1626 1248 1716 1300 tamea
1743 1259 1799 1302 nou

149 1331 242 1383 saneta
255 1322 355 1396 quiete,
376 1332 404 1380 et
426 1326 578 1397 gratiarum
599 1328 714 1398 actione,
731 1341 758 1386 et
776 1329 878 1386 dirinae
894 1331 946 1383 dr·
1001 1326 1163 1384 crediderim
1183 1345 1313 1401 sponsam
1337 1345 1398 1390 esse
1426 1330 1581 1403 mentitam,
1612 1331 1713 1406 quippe
1735 1348 1798 1406 quas

151 1414 292 1472 laetabere
310 1413 474 1482 deuotionis,
490 1431 545 1472 non
568 1418 668 1474 desunt
681 1419 729 1490 qui
743 1419 795 1476 hoe
818 1417 947 1490 perditis-
1001 1413 1095 1472 habeat
1110 1431 1243 1488 sponsum
1254 1420 1341 1490 ipsam
1358 1419 1513 1490 Veritatem,
1529 1422 1609 1491 cujus
1622 1427 1649 1480 et
1663 1421 1707 1477 bie
1718 1422 1799 1480 verba

150 1517 212 1559 aem
225 1502 324 1572 dicant,
339 1510 367 1558 et
376 1503 463 1574 iustu,
478 1515 508 1559 ut
521 1505 574 1562 sibi
594 1505 710 1578 ridetur,
729 1521 868 1564 murmure
883 1521 948 1564 eou-
1000 1498 1127 1571 fodiatur,
1148 1506 1194 1577 qai
1217 1507 1312 1578 utique
1327 1506 1397 1565 sieut
1425 1507 1520 1566 fallere
1533 1523 1590 1565 non
1608 1510 1675 1578 vult,
1699 1508 1736 1566 ita
1750 1525 1800 1568 uec

151 1598 311 1663 queruntur,
327 1591 400 1662 quod
423 1591 449 1648 ie
469 1591 516 1665 qui
532 1593 656 1665 pluribus
680 1594 811 1665 prodesse
830 1601 945 1665 peterat,
1002 1585 1057 1642 falfi
1070 1596 1170 1660 petest
1200 1592 1325 1665 Aliequin
1348 1595 1451 1652 frustra
1464 1595 1601 1654 desideret
1626 1604 1654 1652 et
1680 1597 1799 1671 saepiat

149 1679 272 1750 quiescat
294 1679 347 1736 sibi
371 1695 377 1734 :
404 1680 552 1752 neuqued
574 1682 708 1736 repetituri
732 1681 946 1750 invideantur
1000 1677 1120 1732 raritatis
1134 1679 1303 1752 amplexibus
1315 1683 1406 1756 jungi,
1437 1684 1569 1743 mentiens
1597 1686 1712 1744 ueritati.
1730 1685 1797 1756 Quae

149 1769 224 1840 quod
244 1766 404 1838 provideant
429 1770 562 1828 charitati,
587 1770 717 1829 mierum
744 1773 804 1844 ipsa
829 1771 946 1828 pharius
960 1728 983 1809 Β
999 1764 1215 1826 snimmendaeio
1230 1769 1346 1828 sollicita
1366 1786 1430 1830 cum
1457 1772 1590 1832 aerituat
1611 1773 1684 1846 Quin
1709 1775 1798 1850 petias

149 1857 223 1914 Deus
241 1857 431 1926 hujuscemodi
452 1858 550 1916 auimae
569 1860 729 1935 plerumque
751 1860 847 1932 parcit,
865 1876 943 1933 quam
997 1852 1097 1910 veliin
1128 1856 1218 1925 perdit
1249 1871 1345 1914 ‘imm
1377 1859 1423 1932 qui
1453 1860 1600 1932 lequuntur
1628 1863 1798 1930 mtfldwllltt

148 1945 223 2005 ridet
247 1946 434 2017 spiritualibus
456 1948 552 2004 studiis
576 1949 711 2019 delectari,
731 1949 899 2024 maximeque
922 1949 944 2004 ai
999 1941 1087 2014 (Pstli
1108 1961 1136 2013 Va
1158 1947 1196 2018 7)·

147 2035 230 2091 talem
252 2051 313 2094 eam
335 2035 450 2104 novarit,
474 2053 536 2110 quiae
559 2038 649 2096 adhuc
677 2039 896 2110 pusillanimitate
918 2049 946 2094 et
1032 2035 1063 2088 b.
1078 2033 1211 2092 Fortassis
1225 2035 1255 2094 itt
1269 2036 1796 2111 Euangelieuqttaerimus‚iureniemus

146 2123 331 2182 imbecillitate
345 2125 375 2181 it
388 2126 483 2184 mulier
498 2127 543 2198 sit,
558 2135 585 2184 et
603 2129 720 2185 necdum
734 2128 761 2184 in
776 2143 870 2186 verum
885 2143 944 2198 per·
999 2121 1170 2192 proecmsisae
1183 2133 1210 2178 et
1224 2124 1304 2194 liujus
1317 2124 1444 2198 liguram.
1458 2125 1559 2193 dfcric,
1572 2126 1671 2200 iuquit
1685 2127 1798 2200 dugda-

147 2212 250 2270 feetutu
265 2215 420 2285 profecerit.
432 2215 512 2285 Quod
526 2217 619 2289 utique
633 2217 730 2274 utelirts
743 2218 803 2290 ipae
817 2217 946 2274 disceruit
1000 2209 1073 2274 lem.
1082 2215 1110 2266 lli
1121 2211 1320 2282 Hssmlsscoll'e
1335 2218 1364 2270 02
1379 2214 1489 2272 &marae
1507 2221 1641 2272 mmm
1667 2220 1797 2274 firmia

144 2301 192 2373 eui
205 2302 324 2360 intuetur
337 2320 394 2370 eor,
411 2318 494 2376 quam
512 2306 637 2364 homiues
650 2307 697 2379 qui
712 2307 739 2362 iu
754 2306 824 2364 faeie
840 2310 945 2362 tautum
1000 2302 1189 2360 circuientes
1199 2307 1342 2374 ungerent
1353 2303 1618 2375 teemufflcrexvr,
1629 2307 1668 2376 t).
1683 2304 1798 2362 Videsne

146 2391 249 2458 rideat,
271 2399 299 2449 et
311 2395 457 2452 secundum
478 2392 574 2452 faeiem
597 2394 729 2465 judicant,
745 2411 806 2452 eum
820 2394 947 2452 videlieet
1000 2387 1029 2442 iu
1042 2387 1132 2458 prima
1146 2388 1233 2446 fronte
1247 2391 1379 2463 propositi
1394 2391 1513 2464 capituli,
1539 2393 1633 2465 quanti
1660 2392 1798 2448 estiman-

145 2477 259 2536 minime
273 2482 421 2549 attendunt,
439 2497 491 2538 uon
516 2499 576 2539 esse
599 2483 722 2552 ejusdem
746 2483 881 2540 facilitatis
895 2483 946 2538 de-
1001 2477 1065 2532 dum
1079 2477 1115 2533 sit
1128 2477 1210 2535 etiam
1229 2479 1281 2537 boe
1295 2480 1432 2538 materiale
1446 2489 1626 2554 unguentum
1642 2481 1722 2552 eujus
1736 2495 1798 2538 are·

147 2575 211 2626 tote
241 2569 394 2642 quiessem,
422 2580 450 2627 et
476 2569 616 2628 fruetaose
638 2572 780 2645 oocupari;
809 2573 947 2630 humiliter
1001 2565 1118 2622 rmubus
1139 2568 1327 2639 comparandis
1355 2583 1411 2628 uon
1445 2585 1500 2628 uus
1522 2569 1565 2626 vaf
1583 2568 1647 2628 dum
1673 2568 1801 2628 sufficere

145 2657 267 2726 subesse,
292 2667 320 2716 et
334 2659 433 2718 utiliter
459 2675 594 2733 praeeram
620 2661 678 2734 regi
700 2662 758 2718 siue
777 2661 897 2732 querela,
920 2666 947 2716 et
1000 2656 1167 2726 potuerunt?
1182 2657 1240 2714 Una
1260 2657 1389 2728 primum,
1411 2673 1465 2714 uua
1488 2668 1516 2714 et
1544 2659 1692 2716 muudum
1712 2657 1798 2714 attulit

144 2763 243 2822 regere
258 2749 317 2806 siue
340 2749 435 2824 mlpa;
451 2750 564 2808 obedire
584 2759 690 2824 sponte,
706 2757 733 2807 et
756 2751 890 2823 imperare
908 2750 949 2806 di·
1001 2751 1183 2812 unguentum.
1197 2744 1239 2800 td
1253 2745 1402 2802 hceautem
1422 2749 1634 2818 comparandum
1647 2754 1674 2802 et
1694 2761 1799 2818 prepa-

144 2844 246 2903 smfe;
262 2837 363 2894 bonum
383 2838 502 2912 deniquo
524 2855 585 2896 em
605 2840 677 2897 inm·
691 2840 787 2908 bonos,
802 2841 829 2895 οἱ
844 2839 944 2894 bonurn
1002 2832 1116 2889 randum
1131 2839 1188 2892 tres
1203 2835 1509 2908 periOfcothillOl'ilfli,
1525 2843 1555 2891 ul
1580 2833 1660 2890 simul
1675 2835 1799 2892 fidili&

144 2923 216 2980 inter
244 2926 347 2994 natam
374 2925 430 2982 imo
451 2927 534 2984 etiam
559 2941 622 2984 esee
641 2940 764 2998 pacatum
786 2927 857 2984 iuter
875 2924 946 2982 filies
999 2931 1123 2982 eraermt
1141 2925 1316 2998 quedparse
1330 2924 1447 2998 singulas
1469 2939 1523 2982 neu
1553 2931 1686 2995 poterant,
1720 2922 1798 2978 ⁰²5⁶

142 3012 227 3082 pacis,
243 3021 271 3072 et
286 3012 328 3070 bis
342 3017 389 3086 qui
403 3016 520 3072 oderunt
543 3031 640 3084 pacem
651 3015 773 3074 exbiberi
791 3013 943 3088 pacificum.
960 3009 1138 3091 evenientes
1160 3021 1294 3087 ungerent
1313 3014 1415 3072 iesum.
1443 3011 1504 3068 Non
1530 3012 1622 3068 sotum
1642 3010 1736 3084 pedes,
1750 3018 1798 3066 aot

142 3101 239 3159 Sciens
254 3117 321 3176 ergo
341 3104 424 3162 tesus
446 3105 491 3177 qui
510 3104 574 3176 sint,
595 3105 675 3178 quire
696 3120 750 3162 aon
774 3106 829 3162 aiut
851 3104 941 3162 idensi
997 3102 1086 3158 solum
1101 3109 1192 3174 eaput,
1208 3103 1267 3171 sed,
1283 3107 1317 3160 ot
1329 3103 1482 3170 amenter,
1490 3101 1588 3174 iuquit,
1597 3105 1738 3173 augerent
1749 3101 1798 3158 fc-

140 3189 276 3260 implicari
303 3194 376 3250 euris
397 3207 446 3264 pro
469 3193 519 3249 tali
540 3194 653 3251 ‹lelieats
673 3193 771 3264 anima,
788 3209 868 3268 quam
892 3207 942 3264 pro
995 3203 1071 3264 ram,
1086 3192 1113 3248 id
1128 3201 1170 3248 eat
1192 3199 1278 3250 totum
1292 3205 1401 3262 eorpus.
1416 3189 1470 3248 Sed
1493 3189 1607 3258 attende,
1637 3188 1711 3260 quod
1732 3196 1798 3260 um,

142 3277 195 3334 sui·
214 3278 302 3337 adhue
328 3280 507 3338 teneritudine
532 3283 679 3340 tractandis
706 3282 824 3354 negotiis
841 3279 942 3338 miuus
996 3281 1109 3351 pretiosi
1123 3281 1204 3351 buius
1213 3279 1345 3352 angrrrnti
1354 3279 1408 3351 pati
1424 3277 1549 3336 Cbristus
1561 3276 1679 3334 noluerit
1699 3276 1796 3350 perdi·

141 3362 269 3420 sufficere
291 3365 372 3422 sentit
385 3367 513 3425 adversus
536 3367 610 3424 aliud
629 3366 784 3436 sentiemes,
799 3375 828 3424 et
840 3367 876 3422 ob
891 3367 942 3422 boe
996 3368 1097 3426 tionem
1111 3367 1168 3426 lieri
1184 3385 1192 3424 ι
1216 3371 1245 3424 et
1268 3366 1388 3424 ideanou
1410 3365 1520 3423 invente
1535 3379 1649 3436 corpore
1677 3373 1798 3435 reperta·

141 3452 203 3522 aias
217 3453 345 3524 quietem,
365 3465 490 3526 tauquam
512 3455 719 3520 infructuosam,
740 3455 815 3510 bono
832 3454 942 3526 quidem
994 3456 1282 3527 ruutitlud,etiussoe
1293 3454 1490 3513 aauterbibere
1516 3453 1674 3527 rire,qued
1690 3468 1798 3525 prepa-

142 3539 214 3605 zeto.
229 3541 277 3598 sed
291 3556 345 3598 nou
359 3543 505 3600 seeundum
520 3543 658 3600 seientiam
671 3542 872 3608 insimulantes,
882 3541 942 3612 ipso
996 3553 1123 3602 rarerant
1142 3553 1258 3604 mortue.
1286 3543 1365 3614 Quod
1387 3551 1415 3600 et
1434 3542 1567 3610 feceruut,
1581 3557 1641 3600 cum
1672 3541 1800 3616 pretinm

141 3629 294 3700 respondet
305 3630 426 3688 effectae
445 3632 516 3699 οιιὸἀ
537 3628 859 3694 sursumsunt!
878 3630 943 3688 tue
997 3636 1122 3694 nuntiato
1148 3635 1248 3710 gaudio
1276 3633 1496 3702 resurrectionis,
1519 3631 1724 3704 discipulorum,
1749 3629 1796 3702 uui

140 3717 280 3776 mulieri?
293 3719 361 3776 Nam
374 3718 425 3776 etsi
439 3718 523 3793 (quod
538 3719 677 3778 fatendum
691 3719 744 3792 eet)
753 3719 941 3778 meliuaestad
1000 3727 1093 3798 prueul
1106 3725 1190 3782 dubio
1204 3725 1325 3780 membra
1339 3722 1451 3791 Christi,
1466 3731 1493 3778 et
1508 3719 1697 3778 membrarira
1710 3725 1795 3786 mant,

140 3809 217 3879 qued
231 3807 306 3862 ΠΜ
320 3809 427 3864 illim
450 3809 570 3875 limfis,
586 3809 687 3866 bonum
703 3817 793 3866 “⁰¹⁶⁰
816 3815 943 3880 ῠβῦθθθῑ
1005 3815 1097 3871 tristia
1106 3815 1189 3876 corda
1202 3813 1317 3872 delinire
1332 3817 1472 3870 curarunt.
1487 3810 1554 3882 Quae
1572 3809 1801 3882 utiqueraembra

142 3892 219 3964 quod
233 3903 345 3964 operata
359 3903 401 3952 est
416 3896 442 3950 in
458 3912 512 3954 ure.
530 3895 616 3952 Sinite
635 3913 695 3954 eam
710 3897 819 3954 iuterim
836 3895 943 3967 operari
1005 3902 1059 3960 uisi
1074 3904 1135 3975 plus
1149 3902 1197 3958 illo
1222 3899 1350 3960 crucifixo
1376 3915 1491 3972 corpere
1514 3898 1638 3956 Gbriatus
1664 3897 1797 3970 diligeret,

144 3981 248 4037 bonum
269 3983 341 4051 quod
370 3991 472 4052 potest.
494 3983 565 4042 Noti
592 3984 665 4042 euim
683 3999 737 4057 ego
759 3983 833 4058 maed
857 3983 944 4042 adbtae
1002 4007 1052 4064 pro
1067 3990 1187 4048 bisillud
1200 3988 1415 4063 crucifigendum
1436 4001 1491 4044 uon
1515 3986 1680 4046 tradidisset.
1703 3986 1799 4058 Liquet

141 4069 242 4128 mulier
264 4070 309 4128 eit.
334 4070 400 4130 Cum
424 4080 515 4128 autem
533 4074 682 4130 mutatione
700 4073 817 4130 dextere
839 4073 944 4130 Excelai
1007 4082 1110 4155 itaque,
1126 4081 1198 4154 quod
1212 4078 1328 4137 dueiila
1352 4086 1427 4136 tarto
1458 4076 1511 4134 laec
1531 4074 1654 4134 ultimum
1669 4071 1800 4144 precellit

143 4163 179 4216 de
200 4159 316 4218 muliere
338 4160 426 4219 faetus
450 4161 533 4218 fuerit
549 4160 592 4218 uir
610 4162 694 4236 (quod
716 4170 742 4219 et
765 4177 820 4230 me,
834 4161 944 4236 quando
1001 4163 1685 4244 engmnta,quantochristua[oidefatrtegcadum
1694 4160 1800 4218 Gbriatc

144 4257 234 4304 lmen
253 4249 316 4318 etii,
340 4249 425 4307 liiii&
439 4265 496 4308 ¹¹⁰ss
509 4250 617 4322 willifs
640 4250 703 4324 (ΙΨ
722 4265 764 4306 ¹¹¹0
779 4259 944 4325 Pf⁰l⁰0⁸¹¹le
958 4288 983 4370 υ
999 4259 1052 4318 lio.
1066 4257 1110 4332 P.]
1123 4260 1177 4318 boe
1190 4272 1386 4327 tuumeorpas,
1401 4255 1430 4312 id
1442 4262 1487 4312 ast
1495 4253 1654 4319 Ecclesiam,
1668 4251 1712 4310 cui
1725 4247 1803 4308 calti-

145 4337 355 4410 premorebitur,
372 4355 416 4397 me
437 4357 547 4414 queque
570 4346 695 4398 serrame
708 4340 865 4412 tenebitur),
879 4348 944 4398 tuuc
1002 4349 1093 4416 betur,
1107 4347 1153 4404 tlte
1167 4348 1239 4418 quod
1254 4361 1288 4404 es
1307 4359 1340 4402 eo
1355 4343 1423 4417 ungi
1436 4342 1529 4408 uoluit,
1553 4342 1628 4416 quod
1649 4346 1677 4397 et
1690 4344 1801 4412 prepter

144 4425 242 4483 melior
262 4427 316 4484 erit
336 4427 467 4501 iniquitas
494 4429 557 4502 riri,
571 4445 653 4502 quam
676 4444 748 4486 nanc
771 4427 943 4488 benefaciens
999 4437 1082 4507 bajus
1092 4437 1308 4510 redemptionem
1321 4435 1393 4494 tradi
1405 4433 1500 4501 refut,
1517 4439 1623 4490 eeaatu
1635 4443 1696 4488 ease
1723 4439 1801 4484 amt-

144 4514 212 4572 muli
230 4514 355 4586 r(ficefi.
371 4533 436 4586 attt,
454 4519 510 4588 fif.
525 4518 604 4576 unde
618 4517 724 4578 utillud
739 4517 836 4576 melius
851 4533 942 4590 spere.
999 4526 1093 4585 bilius,

143 4603 202 4662 Nec
219 4615 315 4678 reputo
329 4609 509 4679 perditionem
524 4607 654 4680 unguenti
668 4609 751 4679 hujus
765 4607 941 4676 effusionem,

144 4693 174 4750 iu
192 4709 248 4766 quc
261 4705 289 4753 et
302 4697 423 4754 mulieris
443 4697 551 4754 deuotio
565 4697 740 4770 designem,-
752 4706 780 4754 et
801 4713 863 4754 mea·
872 4711 943 4769 prae·
1233 4666 1350 4725 SERMO
1368 4663 1431 4722 xm
1445 4659 1531 4736 (142)·

144 4783 276 4854 figuratur
303 4788 452 4858 sepultura.
479 4787 539 4844 flac
566 4785 679 4853 aceedit,
705 4787 777 4858 quod
806 4793 861 4842 tam
891 4789 943 4842 late
1212 4814 1249 4869 De
1269 4808 1580 4870 mmmmm,

142 4887 222 4930 suam
251 4872 425 4948 fragrantiam
451 4875 651 4949 drcauquauue
679 4874 808 4934 diffundit
831 4894 838 4933 ι
858 4889 943 4948 quare

143 4963 299 5034 ubieunque
324 4964 497 5034 praedicatum
512 4965 590 5020 fuerit
609 4966 661 5022 froc
684 4962 867 5037 Euangeliou,
888 4963 942 5020 dici
1036 4962 1061 5015 i.
1075 4958 1240 5016 fimuemcec
1255 4960 1315 5012 tau
1327 4953 1481 5027 paradisii
1495 4951 1597 5023 (cw-
1612 4962 1653 5045 ll,
1673 4948 1730 5045 Ψ·
1750 4945 1810 5000 V⁰¹

141 5049 225 5106 stiam
238 5052 335 5108 babeat
348 5053 422 5126 quud
435 5063 463 5110 et
475 5053 535 5110 baee
550 5053 613 5112 feeit
625 5056 653 5110 iu
668 5054 729 5123 eius
742 5068 940 5110 commemora·
1000 5047 1074 5104 illius
1094 5045 1215 5106 eoeleetis
1237 5043 1403 5113 Jerusalem,
1432 5036 1637 5111 mugaudeutts
1660 5036 1734 5132 m·
1750 5041 1812 5101 illm

142 5139 247 5196 tieuem
261 5141 371 5212 (laub.
384 5157 463 5209 xxvi,
480 5144 571 5215 843).
1000 5134 1228 5211 peregrinaturis
1242 5131 1336 5189 terris.
1358 5129 1429 5186 Sunt
1443 5136 1538 5185 autem
1561 5130 1623 5218 tres
1646 5129 1813 5176 euumtones.

179 5230 207 5286 i.
222 5229 281 5286 tam
303 5229 337 5286 ad
360 5231 467 5290 tertium
490 5239 658 5306 unguentum
681 5230 852 5290 amedamus.
872 5231 943 5288 Saue
999 5225 1098 5293 Prima,
1119 5225 1334 5294 confletlttum
1357 5214 1554 5310 pmuitentium
1582 5204 1818 5305 ru'muudozsc·

133 5317 308 5375 inoduorum
321 5319 521 5391 praemissorum
540 5322 672 5380 alterutra
682 5321 836 5386 collatione,
854 5321 944 5392 priore
1000 5315 1099 5380 eunde,
1127 5321 1327 5370 conversorum
1370 5305 1574 5402 coutineuuum
1619 5309 1651 5347 ua
1681 5292 1821 5388 elaustro·-

139 5422 263 5482 sequens
281 5410 385 5481 absque
399 5410 473 5466 omui
497 5410 673 5484 ambiguitate
691 5408 865 5484 cognescitur
882 5423 945 5466 este
1003 5405 1094 5473 tertia,
1120 5400 1299 5474 praelatorum
1313 5389 1588 5490 predicar-tuumset
1607 5385 1758 5476 orantium,
1776 5386 1826 5474 pto

1005 5490 1174 5564 lteipopulo.
1189 5488 1229 5544 De
1243 5484 1342 5559 prima
1360 5481 1520 5544 erusteus,
1542 5471 1575 5526 ld
1591 5475 1638 5524 0⁸²
1660 5469 1831 5540 lloemim'a

183 5587 264 5661 (Ηῖ)
276 5589 388 5648 Ccastm
399 5606 434 5648 ea
448 5591 542 5650 Partis
554 5592 723 5651 sermonibus
736 5593 772 5648 cc
785 5599 812 5648 et
824 5593 870 5648 tt.
1000 5583 1095 5646 dicut
1110 5573 1336 5651 augementum
1350 5571 1488 5646 caudium
1502 5566 1551 5620 eat
1565 5570 1657 5628 super
1670 5567 1727 5612 uua
1738 5563 1834 5624 petet·
