4064 6344
163 399 230 460 loll
798 393 968 458 studetis
986 393 1022 456 ltt
1040 393 1192 458 ttdtldt.
1741 395 1810 458 10¹8

1249 475 1252 500 Ι

161 522 370 581 adolescentulis
384 531 509 596 tanquam
522 523 665 594 disciplina
690 520 874 593 indigentibus
889 535 960 593 opus
975 535 999 615 Α
1013 518 1196 588 curationum,
1211 520 1257 576 alii
1270 535 1372 598 ponera
1385 521 1548 596 linguarum,
1564 520 1610 578 alii
1622 519 1810 593 interpretatio

162 612 197 668 sit
212 614 362 671 reverendo
380 614 466 687 premi
480 613 609 669 vocabulo
624 610 780 683 majestatis.
1016 624 1183 678 sermontun,
1205 609 1309 682 alisque
1333 610 1395 667 aliis
1417 611 1460 668 bis
1487 611 1585 668 similia
1615 609 1642 683 (l
1670 610 1732 668 Cor.
1756 623 1808 682 ιιι,

200 702 507 762 t.lntrodunitmercn
516 701 658 760 incellam
667 701 822 760 vinarium.
831 699 963 768 Quanam
1015 698 1106 771 'l-ll),
1122 712 1281 756 nontamen
1308 700 1368 772 quis
1395 703 1492 758 horum
1507 715 1557 772 pro
1584 697 1739 770 hujusmodi
1766 696 1810 753 dt-

163 791 214 848 ista
227 791 262 848 sit
277 794 342 850 cella
360 792 473 857 vinaria,
489 800 622 864 praetereo
651 790 750 860 dicere,
773 789 836 863 quia
860 787 963 842 dixisse
1015 801 1079 844 cere
1092 791 1200 860 poterit,
1216 787 1469 861 qnodintroduetus
1482 788 1564 844 fuerit
1581 788 1608 843 in
1619 787 1717 844 cellarn
1728 787 1809 842 rina-

160 895 206 938 me
219 883 318 938 recolo.
336 881 436 938 Tamen
450 880 474 936 si
488 879 522 936 ad
535 879 684 938 Ecclesiam
707 879 839 934 referatur
863 889 963 944 sermo,
1016 875 1093 936 riam.
1109 877 1149 934 Ex
1165 877 1224 934 aliis
1250 879 1350 951 quippe
1377 877 1453 934 cellis
1481 877 1538 934 sive
1549 877 1684 934 thesauris
1698 876 1748 932 ista
1759 892 1808 934 su·

160 981 224 1023 cum
256 967 350 1038 repleti
378 968 479 1039 Spiritu
502 975 596 1027 sancto
620 967 743 1038 discipuli
758 973 849 1022 musto
869 963 963 1021 ebriis
1016 972 1134 1022 mutatur.
1655 979 1657 983 ·

161 1053 263 1126 populo
288 1063 470 1129 putarentur,
500 1067 564 1115 tnnc
587 1066 714 1129 tanquam
742 1055 845 1122 enricus
866 1047 964 1126 sponsi
1051 1056 1076 1110 t.
1104 1055 1158 1112 Sed
1184 1056 1209 1112 si
1233 1055 1294 1128 quis
1308 1054 1411 1112 orando
1427 1053 1550 1111 obtineat
1571 1061 1662 1110 mente
1679 1053 1811 1110 excedere

163 1159 211 1215 pro
233 1160 332 1216 sponsa
355 1155 430 1202 stans
461 1147 555 1202 Petrus
588 1145 617 1202 in
645 1144 734 1200 medio
756 1159 874 1201 eornm:
900 1143 961 1201 Non
1014 1141 1042 1196 in
1057 1142 1084 1198 id
1096 1143 1179 1201 diuini
1196 1145 1298 1215 arcani,
1315 1145 1386 1202 unde
1404 1161 1465 1202 mox
1489 1143 1579 1200 redeat
1606 1141 1698 1199 divino
1718 1157 1810 1200 amore

162 1232 259 1304 inquit,
274 1236 349 1292 sicut
362 1234 776 1294 vosoeatintntishicbriisunt.
788 1231 907 1290 attende
922 1230 962 1285 in·
1014 1234 1249 1290 vehementissime
1268 1233 1396 1310 flagrans,
1416 1241 1445 1290 et
1465 1242 1581 1290 aestuans
1603 1230 1713 1303 justitie
1740 1231 1808 1299 nelo,

163 1323 242 1376 terim
257 1323 333 1393 qnod
352 1338 407 1380 non
425 1324 537 1380 omnino
550 1323 652 1391 ebrios,
668 1323 716 1380 sed
737 1321 829 1380 ebrios
841 1321 912 1376 sicut
926 1321 961 1376 ab
1015 1337 1065 1377 nec
1075 1337 1129 1380 non
1143 1323 1210 1380 etin
1225 1324 1327 1382 connis
1341 1322 1528 1394 spiritualibus
1538 1321 1635 1378 studiis
1647 1327 1737 1393 etque
1749 1318 1811 1376 offi-

160 1409 213 1466 illis
227 1411 353 1468 aestimati
367 1421 439 1478 sunt,
459 1413 612 1487 denegavit.
627 1414 712 1470 Erant
725 1412 798 1470 enim
817 1411 896 1472 ebrri.
913 1410 961 1468 scd
1014 1409 1065 1466 ciis
1077 1411 1240 1481 pernimium
1255 1413 1371 1478 ferrens,
1386 1412 1425 1468 ita
1442 1421 1472 1468 ut
1480 1411 1569 1483 possit
1578 1411 1668 1467 dicere
1684 1410 1809 1468 :donen-

160 1499 261 1571 Spirita
278 1509 382 1571 sancto,
401 1518 454 1559 non
478 1510 578 1560 musto.
597 1504 628 1558 Et
649 1503 728 1576 qnasi
753 1499 962 1557 testificarentur
1014 1500 1129 1558 luitcor
1142 1504 1325 1560 neumintrn
1342 1517 1397 1569 nse,
1409 1506 1437 1560 et
1455 1502 1488 1559 in
1500 1501 1731 1558 meditationibus
1742 1502 1812 1558 meis

161 1587 196 1642 ad
205 1589 323 1660 plebem,
340 1606 434 1649 revera
447 1607 477 1647 se
493 1592 520 1646 in
534 1591 629 1646 cellam
639 1590 724 1647 fnisse
735 1589 862 1647 vinariam
877 1589 961 1643 intro·
1014 1589 1173 1647 exardescit
1186 1591 1260 1663 ipnt's
1274 1591 1361 1664 (Psoi.
1377 1605 1500 1656 xxxvttt,
1512 1590 1541 1663 i)
1552 1609 1559 1648 :
1572 1590 1596 1646 is
1607 1591 1694 1660 plane,
1703 1603 1809 1646 cumox

160 1675 269 1750 dedus,
286 1695 394 1736 rursum
416 1679 512 1736 Petrus
528 1695 576 1748 pro
590 1679 713 1734 ornnibtts
729 1696 736 1732 :
763 1678 816 1737 sed
837 1677 887 1734 hoo
904 1679 956 1746 est,
1013 1675 1151 1732 charitatis
1165 1679 1328 1736 abnndantia
1343 1681 1441 1740 bonaur
1456 1681 1634 1736 etsalutarem
1641 1679 1695 1736 sini
1710 1678 1810 1734 laetitiae

157 1764 206 1832 ait,
222 1769 297 1841 qnod
310 1769 419 1826 dictum
432 1773 475 1828 est
487 1767 794 1842 perpropltetnmfoel:
810 1769 847 1824 Et
859 1767 959 1825 eritin
1013 1773 1118 1821 ructare
1143 1766 1276 1837 crapulam
1294 1770 1417 1839 coeperit,
1440 1769 1469 1824 in
1482 1768 1575 1824 cellam
1599 1783 1655 1825 non
1676 1767 1811 1824 immerito

159 1856 431 1924 novissimisdielrus,
447 1857 516 1914 dicit
532 1858 683 1925 licutinns,⁸
693 1855 845 1928 effundam
856 1855 959 1927 deSpi-
974 1814 996 1893 Β
1012 1853 1199 1923 perhibebitur
1215 1855 1342 1912 vinariam
1358 1856 1494 1913 introisse.
1510 1857 1576 1913 Cum
1592 1858 1662 1912 enim
1679 1858 1733 1912 dno
1757 1857 1811 1912 sint

162 1943 635 2016 ntumeosoperomaemcarnem
646 1943 958 2017 etprophetobuntttiii
1011 1943 1099 1998 beatae
1112 1943 1345 2015 contemplationis
1363 1961 1501 2012 excessus,
1518 1945 1546 2000 in
1564 1946 1704 2002 intellectu
1726 1961 1809 2014 unns,

161 2032 249 2088 uestri
263 2037 291 2089 et
303 2032 519 2105 litimiacum
532 2033 620 2090 vestri
632 2034 753 2091 visiones
766 2032 914 2100 videbunt,
931 2033 959 2086 et
1011 2039 1039 2086 et
1052 2033 1119 2088 alter
1130 2033 1157 2088 in
1171 2031 1279 2097 affrctu;
1299 2047 1369 2088 nnus
1385 2032 1530 2097 inlumina,
1546 2031 1612 2087 alter
1638 2032 1666 2087 in
1686 2033 1808 2102 fervore;

162 2123 449 2179 senesucstrisomnic
458 2122 653 2179 somniabunt.
665 2121 767 2176 Annon
779 2120 828 2176 tibi
837 2120 907 2175 cella
916 2119 957 2173 vi·
1012 2135 1084 2176 unus
1097 2121 1124 2176 in
1139 2121 1287 2194 agnitione,
1300 2123 1368 2178 alter
1382 2120 1566 2178 indevotione
1580 2138 1588 2176 :
1604 2119 1811 2193 piussaneaffe·

163 2210 242 2266 detur
256 2209 342 2266 fuisse
356 2211 457 2267 vinaria
480 2210 526 2266 ille
540 2211 650 2278 domus,
666 2210 692 2266 in
713 2225 767 2281 que
781 2217 858 2264 erant
871 2206 956 2264 disci·
1011 2217 1083 2282 ctus,
1097 2217 1123 2266 et
1136 2217 1231 2283 pectus
1245 2225 1339 2266 amore
1362 2209 1464 2276 calcos,
1478 2219 1506 2265 et
1530 2218 1631 2266 sanctae
1660 2208 1811 2266 devotionis

161 2299 219 2370 puli
231 2298 328 2369 paritor
345 2299 512 2372 congregati,
533 2316 600 2357 cum
624 2302 720 2371 suctus
738 2303 780 2356 est
794 2301 911 2370 repente
925 2297 959 2354 de
1013 2298 1122 2363 infusio.
1138 2299 1218 2355 etiarn
1233 2308 1259 2355 et
1282 2301 1429 2355 vehemens
1449 2298 1561 2370 spiritua
1594 2298 1714 2369 repletus
1739 2297 1809 2364 zelo,

162 2386 961 2462 coehsonnsdcnquomodoenientisspiritusoeltementis
1013 2388 1157 2460 ntnplane
1172 2387 1290 2455 aliunde,
1310 2403 1421 2460 qname
1439 2387 1507 2445 cella
1534 2385 1638 2443 vinaria
1667 2397 1810 2458 reportan-

161 2477 314 2548 etrepteait
330 2481 420 2536 totum
429 2476 958 2547 domumubicrcntsedentesldotmt,
1013 2482 1079 2532 tur:
1109 2486 1136 2532 ot
1163 2477 1316 2548 cuicunque
1338 2493 1399 2533 oum
1424 2477 1521 2532 borum
1543 2475 1621 2548 copia
1642 2489 1756 2550 surgere
1775 2474 1809 2529 ab

160 2567 257 2634 l3·l'l,
273 2565 311 2638 t),
328 2565 536 2638 adimplevitque
550 2566 721 2639 prophetiam
734 2564 811 2622 loell
827 2564 961 2622 Etnoune
1013 2566 1134 2622 oratione
1151 2565 1276 2632 donatur,
1292 2573 1381 2637 potest
1399 2567 1426 2620 in
1454 2565 1565 2622 veritate
1603 2564 1689 2636 loqui,
1717 2566 1812 2622 intro·

155 2653 345 2726 unnsquisque
367 2653 478 2711 illorum
500 2655 596 2714 exiens
614 2655 763 2712 inebriatus
785 2655 819 2710 ab
838 2654 961 2723 ubertate
1013 2655 1100 2712 duxit
1127 2670 1172 2712 nte
1195 2672 1249 2712 rea
1274 2658 1306 2714 in
1328 2656 1430 2712 cellum
1453 2655 1607 2712 vinarium.

158 2741 257 2800 donnus
271 2744 361 2814 illius,
376 2752 403 2800 et
426 2752 546 2802 torrente
566 2745 712 2816 voluptatis
735 2751 816 2800 tantae
841 2749 959 2816 potatas,
1049 2746 1076 2798 b.
1087 2743 1233 2818 Sequitur:
1246 2745 1393 2802 θνάὶιιαυίι
1407 2744 1677 2802 inmechuritntem.
1697 2741 1813 2800 Omnino

157 2829 247 2888 dicere
263 2833 359 2888 merito
375 2833 487 2906 quibat:
511 2835 650 2905 Quoniam
664 2833 830 2892 introducit
848 2848 894 2890 me
908 2845 961 2889 ren
1014 2832 1178 2890 necessarie.
1189 2832 1367 2903 importabilis
1382 2832 1517 2905 siquidem
1527 2834 1631 2905 absque
1644 2831 1757 2888 scientia
1772 2839 1813 2887 est

159 2920 192 2976 in
210 2919 313 2978 cellum
327 2921 499 2980 vinarium?
813 2971 815 2978 ,
1013 2921 1097 2977 zelus.
1119 2921 1172 2978 Ubi
1189 2936 1255 2995 erpo
1279 2922 1426 2978 vehemens
1453 2919 1598 2988 emulatio,
1631 2919 1670 2975 ibi
1697 2920 1814 2975 maxine

199 3011 225 3067 ³.
241 3009 294 3066 Sed
308 3016 373 3066 ettu
384 3027 504 3083 quoque,
524 3011 546 3066 si
560 3013 674 3071 collecto
690 3020 736 3069 tuo
747 3009 853 3082 spiritu,
869 3015 959 3066 mente
1013 3008 1142 3066 discretio
1153 3017 1194 3066 est
1208 3010 1370 3076 necessaria,
1389 3025 1451 3083 qnae
1465 3007 1811 3066 estordinetiocharitatis.

163 3097 255 3154 sobria
272 3109 299 3154 et
313 3114 399 3157 vacue
412 3101 636 3169 chrisentionis
650 3101 763 3156 domum
776 3099 852 3156 eolus
871 3101 960 3154 intro·
975 3059 998 3138 e
1015 3099 1126 3168 Semper
1140 3100 1251 3170 quidem
1267 3101 1342 3154 zelus
1357 3099 1463 3170 absque
1478 3097 1589 3154 scientia
1599 3097 1689 3153 minna
1703 3095 1812 3162 efficax,

163 3201 219 3252 eas,
234 3194 263 3242 et
277 3197 351 3242 stans
364 3203 457 3244 corant
471 3187 525 3244 Deo
539 3187 574 3244 ad
593 3204 676 3245 unum
692 3186 800 3260 aliquod
815 3188 849 3242 de
866 3184 961 3240 altari·
1014 3187 1158 3260 minusque
1172 3187 1247 3244 utilis
1256 3187 1406 3257 insanitum
1425 3186 1584 3258 plemmque
1598 3193 1688 3242 sutem
1707 3190 1735 3240 et
1749 3199 1812 3257 per·

164 3276 226 3348 bus,
246 3276 309 3333 eceli
320 3278 432 3348 januam
460 3286 554 3350 tangas
576 3277 661 3334 sancti
684 3276 811 3333 desiderii
826 3291 916 3339 manu,
934 3282 962 3330 et
1014 3275 1218 3334 niciosusralde
1226 3276 1351 3332 sentitur.
1375 3276 1437 3345 Quo
1454 3272 1812 3347 iqituraelusfervidior,ao

163 3373 340 3438 presentatus
355 3365 447 3421 choris
460 3375 627 3436 sanctorum,
647 3377 693 3422 tua
707 3373 864 3436 penetrante
877 3364 961 3420 devo-
1013 3364 1202 3421 veliementior
1215 3365 1335 3438 spiritus,
1352 3362 1544 3437 profusiorque
1558 3363 1692 3430 charites:
1707 3377 1740 3418 eo
1766 3362 1810 3418 vi-

165 3455 237 3510 tione
251 3453 398 3527 (siquidcm
414 3453 501 3512 oratio
514 3455 580 3526 justi
594 3460 716 3527 penetrat
728 3453 825 3525 coelos)
839 3453 869 3508 in
885 3452 962 3524 ipso·
1016 3452 1152 3526 pilantiori
1166 3468 1235 3525 opus
1248 3453 1358 3510 scientia
1376 3459 1429 3520 est,
1451 3467 1512 3525 quse
1540 3453 1628 3508 selum
1651 3450 1811 3522 supprimat,

164 3559 222 3600 rum
250 3542 394 3616 presentia
424 3543 595 3600 miserandus
626 3541 752 3613 deplores
779 3540 904 3597 miserias
936 3548 963 3596 et
1017 3540 1140 3612 spiritum
1157 3539 1722 3613 temperet,ordinetcbaritatanr.l’roinde
1735 3553 1810 3606 sane,

162 3631 328 3689 calamitates
341 3648 409 3706 qnas
419 3630 520 3705 peteris
536 3649 544 3701 ;
561 3631 663 3688 crebris
687 3630 810 3700 suspiriis
832 3639 858 3686 et
871 3628 962 3703 perni-
1016 3645 1050 3684 ne
1063 3637 1193 3704 tanquam
1209 3630 1328 3687 nimiast
1343 3629 1522 3703 importabilis
1536 3643 1586 3701 pro
1606 3628 1711 3701 intpetn
1730 3626 1813 3700 spiri-

163 3722 234 3778 tibus
259 3721 485 3778 inenarrabilibus
507 3721 608 3794 prodas
637 3719 832 3788 necessitatem,
856 3717 964 3790 flagites
1018 3726 1069 3786 tus,
1084 3735 1191 3794 quesne
1207 3719 1276 3776 cella
1293 3720 1400 3776 videtur
1415 3718 1515 3776 vinaria
1530 3727 1684 3790 reportasse
1698 3732 1813 3788 praeser-

161 3810 312 3885 pietetom3
336 3810 368 3874 si,
384 3809 504 3880 inquam,
524 3809 575 3865 hoc
589 3807 690 3879 egeris,
705 3805 812 3865 confido
826 3805 853 3861 in
869 3821 901 3862 eo
915 3805 962 3876 qui
1018 3809 1064 3865 tint
1077 3809 1112 3864 ab
1125 3807 1333 3866 adolescentulis
1345 3824 1445 3880 sponsa
1460 3809 1586 3864 timeatur
1601 3805 1711 3880 ;jnngit
1738 3805 1812 3879 quod

162 3898 231 3953 dixit
245 3917 253 3964 ;
268 3901 368 3966 Petite,
390 3903 419 3955 et
432 3899 580 3971 accipietis
599 3897 708 3968 (fdottlt.
730 3911 778 3963 ιιι,
794 3897 834 3966 7),
850 3894 923 3966 qnia,
939 3895 961 3949 si
1017 3895 1186 3954 discretionis
1202 3906 1244 3955 ost
1256 3900 1337 3954 etiam
1347 3913 1376 3953 se
1386 3898 1485 3970 pariter
1498 3896 1646 3968 accepisse,
1660 3897 1687 3952 id
1702 3903 1743 3951 est
1767 3911 1812 3951 or·

162 3989 380 4061 perseveraveris
409 3988 531 4062 pulsans,
551 4002 605 4042 non
631 3987 717 4042 exibis
731 4001 843 4042 vacuus.
860 3985 961 4040 Verum
1017 3984 1107 4041 dinem
1121 3985 1269 4044 charitatis.
1285 3985 1416 4044 Discretio
1428 3985 1529 4058 quippe
1543 3987 1618 4041 omni
1632 3983 1723 4042 virtuti
1736 3983 1811 4042 ordi·

162 4093 225 4134 cnm
241 4084 266 4132 te
289 4076 368 4134 nobis
381 4077 530 4134 reddideris
545 4077 653 4148 plenum
668 4075 756 4148 gratia
768 4082 796 4130 et
819 4072 960 4140 charitate,
1016 4090 1079 4131 nent
1092 4075 1188 4147 ponit;
1203 4075 1272 4132 ordo
1285 4074 1393 4132 modurn
1405 4074 1498 4131 tribuit
1509 4081 1535 4130 et
1561 4074 1701 4146 decorem,
1731 4073 1811 4128 etiam

163 4181 215 4221 neo
230 4167 333 4236 poteris
346 4165 442 4236 spiritu
456 4165 567 4222 fervens
581 4164 749 4220 dissimulare
767 4177 867 4217 munus
880 4177 961 4218 acce-
1015 4172 1042 4220 et
1057 4163 1273 4237 perpetuitatem.
1288 4162 1455 4234 Deniqueait
1467 4183 1473 4221 :
1486 4163 1672 4221 Ordinationes
1687 4166 1737 4219 tuo
1748 4177 1812 4235 per-

79 4241 85 4254 ’
162 4263 250 4326 ptum,
272 4255 346 4326 quod
373 4253 431 4310 sine
456 4252 557 4312 invidit
583 4250 816 4317 communicabis;
853 4249 961 4322 erisque
1014 4253 1298 4325 swerotdt‘esfl‘scl.
1314 4267 1407 4320 cxvrtr,
1424 4252 1488 4324 et);
1514 4252 1586 4307 diem
1617 4251 1745 4308 virtutem
1763 4266 1813 4323 ap-

163 4341 290 4398 omnibus
312 4339 340 4397 in
365 4340 545 4414 gratiaque
567 4341 628 4396 data
649 4338 772 4408 esttibi,
796 4354 850 4396 non
879 4339 960 4394 modo
976 4337 1000 4415 [f
1015 4340 1128 4415 pellens.
1153 4343 1201 4398 Est
1214 4358 1278 4417 erqo
1292 4342 1420 4398 discretio
1438 4356 1493 4398 non
1521 4348 1574 4397 tarn
1597 4342 1694 4408 virtus,
1733 4355 1813 4413 quarn

162 4435 265 4502 gratus,
290 4429 336 4486 sed
365 4429 487 4486 fortassis
501 4429 583 4487 etiam
603 4429 779 4485 admirandus
794 4448 801 4500 ;
818 4426 920 4500 poteris
934 4432 962 4482 et
1015 4431 1139 4502 quedem
1161 4431 1324 4488 moderatrix
1352 4440 1380 4487 et
1408 4430 1504 4503 auriga
1531 4429 1668 4498 virtutum,
1703 4429 1815 4486 ordinn·

162 4517 221 4588 ipse
238 4519 368 4577 veraciter
378 4519 531 4592 protestari,
546 4518 610 4593 quie
628 4519 851 4576 introducitnse
864 4533 916 4575 ren
930 4517 962 4572 r'n
1017 4519 1123 4592 trixque
1136 4519 1291 4586 affectuum,
1306 4528 1334 4577 et
1359 4535 1465 4577 ntorum
1485 4519 1602 4576 doctrix.
1624 4518 1701 4576 'folle
1729 4519 1810 4587 benc,

163 4609 429 4677 ccilcrnoinnriom
441 4615 543 4664 tanturn
555 4619 733 4675 cnutnsesto,
747 4621 802 4662 non
817 4607 845 4662 in
860 4613 898 4676 te,
915 4605 963 4661 sed
1019 4617 1046 4665 et
1059 4607 1145 4664 virtus
1168 4608 1262 4665 vitium
1289 4608 1350 4675 erit,
1376 4609 1491 4681 ipsaque
1509 4607 1615 4665 allectio
1639 4607 1769 4664 normalis
1784 4608 1812 4664 id

163 4693 191 4751 in
211 4697 328 4764 Donrino
340 4697 463 4772 planari.
478 4699 534 4753 Neo
548 4712 629 4755 omne
643 4695 888 4768 donum,qnamvis
907 4693 964 4766 spi·
1018 4696 1248 4769 perturbationem
1263 4697 1349 4771 magis
1361 4703 1544 4769 contestetur,
1568 4697 1811 4770 exterminiumque

162 4783 270 4854 rituale,
296 4787 406 4857 prodire
432 4783 549 4843 tants
574 4784 688 4842 dixerim
712 4785 746 4840 de
770 4785 839 4840 cella
858 4782 963 4840 vinaria
1018 4794 1131 4842 natura.
1144 4787 1292 4846 ordinavit
1301 4790 1383 4846 inme
1392 4788 1575 4844 chontctcm.
1590 4785 1701 4843 sacrm
1713 4793 1755 4842 est
1764 4801 1812 4843 ru·

164 4889 227 4934 eum
245 4874 300 4931 sint
314 4885 343 4932 et
353 4875 414 4932 alie
422 4891 509 4948 penes
519 4889 650 4948 sponsum
663 4873 741 4932 cellae
756 4873 799 4930 vel
812 4872 962 4942 apothecae.
1017 4882 1071 4931 tem
1086 4876 1159 4945 boc,
1180 4891 1241 4934 cunr
1265 4876 1294 4932 in
1315 4877 1438 4932 Ecclesia
1456 4875 1587 4949 quomam
1606 4875 1714 4948 qnidam
1737 4875 1812 4930 dedit

162 4963 273 5019 diverse
291 4963 319 5020 in
332 4979 362 5020 se
379 4963 520 5021 recondita
543 4963 675 5019 habentes
695 4962 768 5019 dona
790 4969 873 5034 atque
894 4961 962 5018 cba—
1016 4964 1164 5038 apostoloa,
1190 4965 1323 5039 quosdam
1351 4966 1444 5021 antem
1472 4965 1627 5036 prophetas,
1653 4964 1723 5020 alios
1747 4979 1812 5020 vero

164 5051 284 5122 rismata,
301 5053 451 5110 monadum
474 5051 580 5108 divitias
599 5051 695 5124 gloriae
708 5051 791 5121 ejus:
810 5050 846 5105 de
864 5049 963 5122 qulbus
1015 5055 1204 5130 evangelistes,
1219 5053 1288 5112 alios
1300 5065 1422 5128 pastores
1435 5061 1462 5110 et
1476 5053 1602 5110 doctores
1629 5055 1662 5110 ad
1682 5069 1810 5110 consunt-

163 5143 240 5200 celtis
262 5141 374 5199 memini
399 5158 442 5198 me
465 5141 529 5198 alibi
568 5141 648 5198 latins
671 5141 824 5212 disputasse
847 5140 962 5212 (supro
1015 5143 1446 5218 mationemsanctornmilipftcs.
1457 5159 1497 5211 tv,
1510 5146 1623 5216 lma).
1633 5141 1747 5215 Oportet
1760 5157 1809 5196 au-

164 5247 247 5288 serm.
263 5232 321 5302 23).
331 5233 429 5292 Nonne
442 5230 502 5289 hoec
516 5231 722 5298 conditosunt,
733 5229 907 5303 inquit,cpud
916 5245 962 5289 me
1016 5239 1069 5288 tem
1083 5234 1168 5290 uthoa
1181 5248 1235 5288 una
1245 5233 1466 5290 omnescbarltes
1482 5233 1558 5306 liget,
1583 5240 1611 5288 et
1626 5239 1809 5301 contemperet

163 5319 699 5393 etmctctnttesccrumeistntent.
712 5334 806 5386 xxxta,
823 5319 961 5392 thillrgo
1014 5320 1181 5378 inunitatem
1196 5321 1426 5395 corporischristi
1443 5342 1450 5377 r
1466 5322 1539 5393 qnod
1555 5320 1667 5376 minime
1699 5319 1811 5377 omnino

164 5426 214 5480 pro
237 5410 392 5466 diversitate
410 5410 550 5476 cellarum,
565 5408 713 5466 divisiones
737 5405 882 5482 gradatum
896 5413 961 5464 sunt
1014 5409 1103 5470 fecere
1123 5411 1228 5483 poterit,
1245 5411 1269 5467 si
1281 5411 1339 5482 ipsu
1358 5427 1413 5467 non
1428 5410 1509 5468 fuerit
1534 5409 1667 5468 ordinata.
1693 5409 1763 5464 Nam
1786 5410 1810 5465 si

164 5509 191 5554 et
207 5496 354 5570 unicuique
373 5498 560 5554 manifestetur
574 5497 690 5567 Spiritus
705 5498 737 5554 sd
751 5497 908 5553 utilitatem.
925 5497 961 5552 lit
1013 5515 1063 5558 suo
1089 5500 1203 5574 quiaque
1231 5500 1330 5556 femtur
1352 5501 1453 5572 irnpettt
1492 5497 1640 5556 secundum
1684 5498 1809 5568 spiritum

101 5647 102 5650 ,
165 5601 319 5660 quanquam
333 5586 381 5641 alii
403 5585 513 5656 quidem
534 5587 615 5644 detur
643 5601 734 5642 serum
748 5585 900 5656 sapientiae,
914 5584 961 5642 alii
1007 5605 1096 5663 qoem
1111 5589 1226 5660 accepit,
1246 5599 1274 5647 et
1299 5590 1333 5645 ad
1358 5603 1471 5662 quoeque
1499 5587 1572 5646 volet
1609 5585 1808 5657 indifferenter,

165 5683 254 5733 anum
268 5675 495 5747 sermoscientiae,
511 5675 631 5736 elireto
649 5676 800 5749 prophetia,
815 5675 861 5732 alii
874 5676 960 5748 gratia
1012 5687 1094 5751 prout
1121 5676 1248 5745 afficitur,
1280 5692 1333 5737 non
1364 5675 1477 5736 ιιῑίοιιίι
1506 5675 1610 5749 judicio
1631 5675 1808 5754 consolaritip
