3950 6350
72 371 123 424 too
516 361 551 417 ltt
568 359 671 417 uuum
690 359 724 416 tv
742 353 966 414 HEBDOMADAE
987 357 1130 416 stcuAE
1150 361 1272 420 suano.
1666 371 1718 428 2⁴66

70 505 179 565 rogans,
202 497 232 547 nt
252 504 307 546 non
335 487 466 562 perirent.
492 484 594 544 tidelis
615 496 724 556 sermo,¹
741 489 769 539 et
792 478 867 538 omni
883 492 906 570 fl
921 482 1071 539 communis
1100 500 1161 540 enm
1177 486 1273 560 recipit
1291 495 1387 546 mater.
1403 491 1533 566 Alioquin
1549 491 1621 551 unde
1634 511 1719 568 grava

68 578 228 653 acceptione
252 576 367 652 dignus!
395 575 463 648 Quia
487 575 560 632 enim
574 573 667 644 voluit,
683 573 791 630 oblatus
814 574 865 626 est.
920 571 1015 644 jugum
1029 587 1113 644 super
1124 581 1258 631 omneset
1272 583 1344 632 totos
1357 576 1427 634 filios
1437 579 1534 648 Adam,
1545 581 1627 657 idque
1642 600 1658 640 a
1672 583 1717 642 dio

68 669 129 725 Non
149 668 233 725 modo
247 667 331 724 voluit
358 673 385 724 ει
408 665 514 723 oblatus
537 671 589 732 εει,
614 661 662 720 scd
687 661 751 736 quia
773 659 866 718 voluit.
923 660 1010 718 exitus
1032 662 1068 718 de
1096 669 1192 720 ventre
1220 665 1315 720 matris
1342 681 1447 733 corum,
1477 672 1616 742 usquein
1645 674 1719 733 diem

70 757 148 814 Solus
166 757 293 813 nimirum
309 762 469 828 potestatem
493 752 586 810 babuit
609 751 727 825 ponendi
750 749 869 805 animam
923 749 1068 821 sepulturae
1081 750 1109 806 in
1123 757 1240 809 matrem
1253 752 1398 810 omniumr
1415 754 1444 810 ln
1459 756 1585 814 sordibus
1598 776 1719 831 genera.

70 863 163 905 suam:
181 863 263 903 nemo
278 861 339 904 eam
353 844 464 902 abstulit
477 844 511 899 ab
527 858 574 910 eo;
591 841 687 898 obtulit
705 840 786 896 ultro.
803 839 869 894 Cum
923 856 994 911 mur,
1008 839 1168 898 intenebris
1186 841 1373 909 confovemur,
1393 844 1420 898 ln
1444 842 1583 902 doloribus
1602 851 1720 920 parturi·

70 938 222 1007 accepisset
235 944 351 1004 acetum,
368 932 454 990 dixit:
473 935 707 992 consummatum
723 932 774 988 est.
797 925 870 982 Nihil
923 945 995 986 mur.
1019 929 1090 987 Ante
1117 930 1217 988 exitum
1246 931 1358 988 miseras
1385 947 1531 990 oneramus
1553 944 1665 1004 matres,
1694 939 1722 996 in

71 1032 155 1082 restat
175 1023 359 1096 implendum:
391 1024 517 1094 jamnon
539 1029 581 1078 est
608 1019 682 1093 quod
702 1022 870 1088 exspectem.
925 1017 999 1074 exitu
1013 1033 1089 1074 more
1104 1019 1216 1092 vipereo
1227 1021 1395 1078 laceramus:
1412 1022 1512 1082 mirum
1521 1025 1594 1096 quod
1604 1041 1659 1082 nou
1670 1025 1722 1100 ipsi

73 1119 117 1187 Et,
132 1115 271 1173 inclinato
286 1117 388 1187 capite,
403 1111 491 1168 iactus
505 1108 638 1167 obediens
651 1123 739 1182 usque
755 1105 789 1162 ad
802 1119 873 1160 mor·
925 1107 1028 1179 pariter
1048 1107 1209 1168 laceramur.
1233 1110 1350 1166 Primam
1373 1127 1468 1169 vocem
1482 1111 1642 1185 plorationis
1662 1115 1722 1172 etli-

72 1211 137 1272 tem,
154 1203 276 1260 tradidit
295 1205 432 1276 spiritura
446 1200 538 1274 (toan.
558 1215 622 1266 xxx,
638 1200 694 1271 30).
710 1193 793 1254 886
806 1193 873 1264 Quis
926 1214 997 1269 mus,
1016 1196 1113 1253 merito
1133 1199 1251 1271 quidem,
1275 1206 1369 1272 utpote
1378 1199 1475 1257 vallem
1490 1200 1648 1274 plorationis
1675 1204 1723 1262 in·-

72 1299 126 1346 tam
141 1290 219 1348 tacite
234 1290 344 1366 quando
368 1290 425 1347 vult
440 1287 564 1346 dormitl
592 1288 689 1360 Magna
703 1285 813 1360 quidem
828 1283 870 1338 in·
927 1287 1025 1362 grossi,
1041 1297 1071 1346 ut
1081 1288 1159 1347 nobis
1172 1287 1332 1345 illudsancti
1350 1289 1401 1346 Job
1416 1305 1449 1347 ex
1464 1288 1538 1346 omni
1550 1297 1630 1366 parte
1640 1291 1725 1365 possit

72 1381 187 1437 firmitas
200 1382 284 1449 mori;
308 1381 356 1436 sed
371 1380 451 1452 plane
474 1378 514 1434 sic
532 1376 612 1443 mori,
626 1376 713 1434 virtus
727 1376 870 1431 immensa.
927 1379 1042 1450 aptarit:
1059 1383 1144 1438 Homo
1158 1383 1246 1436 natus
1261 1378 1294 1435 da
1313 1379 1443 1451 muliere,
1459 1379 1534 1438 irent
1548 1383 1641 1441 vicena
1657 1386 1727 1440 tern-

72 1471 178 1542 Nempe
194 1469 266 1542 quod
290 1468 424 1524 infirmum
441 1474 483 1523 est
496 1466 558 1534 Dei,
583 1465 689 1537 lortius,
703 1471 743 1521 est
758 1460 874 1519 homini·
926 1483 1003 1539 pore,
1019 1470 1146 1542 repletur
1160 1469 1261 1526 moltis
1280 1470 1404 1526 miseriis
1420 1468 1489 1538 (dab.
1507 1484 1566 1537 xxv,
1585 1471 1623 1544 l).
1638 1470 1724 1541 Quam

74 1558 133 1613 bus.
163 1560 255 1613 Potest
277 1558 395 1612 hnmana
417 1554 530 1613 vesania
551 1554 673 1625 sibiipsi
701 1552 730 1610 in
757 1558 875 1608 mortem
927 1570 1024 1611 verum
1052 1556 1134 1630 [alias
1155 1556 1274 1613 additor
1296 1555 1421 1631 verbum]
1449 1557 1501 1614 hoc
1521 1559 1566 1634 sit,
1595 1575 1650 1616 non
1677 1576 1728 1618 nos

72 1645 220 1702 sceleratas
234 1645 349 1717 injicere
369 1660 479 1714 manus3
496 1643 545 1699 sed
560 1644 612 1700 hoc
626 1658 681 1699 nou
705 1647 748 1700 εει
771 1655 874 1713 ponere
927 1644 1013 1701 verba
1026 1645 1156 1711 docuere,
1177 1643 1226 1700 sed
1235 1645 1361 1704 verbera.
1373 1649 1467 1714 Homo,
1484 1645 1680 1718 inequitantes
1693 1649 1727 1708 de

75 1735 192 1790 animam
220 1751 310 1806 suam3
340 1751 440 1808 urgere
470 1748 530 1790 cam
559 1730 656 1805 magis,
686 1738 715 1788 ει
740 1729 875 1787 violenter
928 1735 1066 1792 muliare:
1090 1733 1155 1788 nihil
1169 1732 1311 1804 abjectius.
1334 1734 1368 1789 Et
1387 1749 1423 1790 ne
1450 1735 1521 1792 torte
1538 1752 1571 1792 ex
1594 1737 1653 1810 ipsa
1676 1737 1730 1794 sibi

73 1824 250 1897 abrumpere,
266 1841 350 1897 quam
374 1824 518 1880 adnutum
540 1837 645 1894 ponere
660 1827 711 1877 εει.
735 1819 804 1886 l'ibi,
820 1817 874 1872 im·
891 1811 914 1888 Β
929 1822 1068 1894 voluptate
1088 1837 1279 1894 corporeorum
1294 1837 1435 1890 sensnum,
1451 1839 1532 1896 quam
1545 1825 1579 1882 de
1594 1825 1735 1884 sensibili·-

74 1913 119 1985 pie
144 1913 224 1985 Juda,
247 1913 346 1970 misera
367 1913 447 1985 plane
471 1911 583 1968 facultas
604 1909 653 1966 luit
676 1925 731 1966 non
756 1905 875 1981 ponendi
930 1911 981 1966 bns
999 1912 1114 1980 hauriat,
1138 1910 1307 1982 blandintum
1332 1911 1360 1966 ln
1382 1911 1442 1983 ipso
1456 1913 1546 1969 statim
1560 1913 1671 1972 introitu
1694 1915 1730 1972 dc

75 2003 206 2070 animam,
238 2003 288 2058 sed
320 2001 478 2075 pendendi:
513 2016 564 2056 nec
598 1999 724 2056 tradente
757 2003 795 2068 te,
828 1994 877 2051 sed
931 2000 1005 2056 exitu
1029 2016 1137 2074 qnoque
1158 1999 1315 2056 terribiliter
1342 1999 1514 2068 admonetur,
1535 2017 1597 2059 cum
1620 2002 1730 2076 dicitur,

74 2093 201 2149 trabeate
215 2092 314 2166 laqueo
324 2090 506 2164 nequissimus
521 2087 567 2145 ille
582 2088 693 2162 spiritus
708 2094 769 2143 inus
784 2083 877 2154 exivit,
932 2091 1008 2148 brem
1021 2093 1117 2147 vivens
1134 2094 1269 2163 tempore.
1289 2091 1328 2145 Ac
1347 2105 1383 2146 ne
1397 2089 1541 2161 spatiolum
1556 2090 1633 2162 illud,
1658 2091 1730 2165 quod

74 2195 131 2236 nou
152 2182 269 2237 omissus
288 2194 304 2236 a
326 2190 364 2253 te,
389 2179 438 2236 sed
467 2179 591 2235 amissus.
607 2177 685 2234 Solus
710 2175 737 2232 iu
762 2182 879 2231 mortem
932 2181 1005 2236 inter
1026 2180 1180 2254 ingressum
1204 2186 1232 2236 et
1253 2195 1393 2250 egressum
1421 2178 1593 2254 relinquitur,
1614 2181 1665 2239 sibi
1696 2181 1731 2237 li-

75 2270 188 2325 tradidit
206 2270 324 2326 animam
343 2285 430 2338 suam,
447 2268 493 2342 qui
508 2267 581 2324 solus
595 2267 694 2324 virtute
708 2264 818 2339 propria
833 2279 880 2319 re·
933 2269 1028 2327 berum
1038 2275 1126 2340 purat,
1139 2271 1277 2343 repletur,
1288 2267 1336 2340 ait,
1346 2268 1447 2328 multra
1455 2271 1590 2328 miseriis.
1603 2271 1691 2327 Multis
1698 2257 1734 2328 ‘et

75 2374 192 2430 gressus
224 2367 265 2416 est
289 2358 322 2415 ad
353 2359 446 2416 vitam.
472 2356 551 2414 Solus
585 2362 749 2430 potestatem
786 2351 881 2408 habuit
934 2357 1137 2430 multiplicibus,
1158 2357 1281 2431 inquam,
1311 2358 1428 2414 miseriis
1457 2357 1589 2430 corporis,
1619 2359 1735 2418 miseriis

75 2447 210 2520 ponendi,
241 2450 287 2521 qui
318 2447 392 2505 solus
424 2445 581 2503 facultatem
608 2462 686 2517 aeque
723 2442 819 2499 habuit
845 2439 879 2496 li·
935 2447 1043 2514 cordis;
1074 2446 1190 2503 miseriis
1208 2462 1270 2502 cum
1292 2445 1401 2516 dormit,
1416 2446 1535 2504 miseriis
1550 2447 1614 2505 dum
1629 2447 1733 2522 vigilat,

75 2539 175 2594 beram
216 2536 386 2610 resumendi,
427 2534 571 2610 imperium
608 2533 714 2590 habens
750 2531 815 2589 vitae
854 2534 883 2586 et
937 2536 1054 2593 miseriis
1081 2550 1301 2609 quaquaversum
1329 2551 1358 2592 εε
1385 2543 1484 2594 vertat.
1513 2535 1648 2594 Nimirum
1677 2537 1735 2611 ipsa

75 2628 185 2686 mortis.
937 2640 1046 2700 quoquc
1070 2632 1150 2681 natus
1171 2641 1205 2680 ex
1219 2623 1343 2695 Virgine,
1363 2623 1525 2682 imodactns
1552 2641 1586 2682 ex
1609 2625 1736 2694 muliero,

116 2720 144 2773 5.
161 2715 251 2790 Digna
266 2730 332 2790 crgo
351 2714 468 2771 charitas
483 2721 537 2770 tam
552 2710 758 2778 inaestimabilis,
778 2707 884 2765 bumili·
938 2714 987 2771 sed
1009 2712 1154 2770 benedicta
1176 2711 1205 2770 iu
1226 2711 1396 2778 mulieribus,
1420 2711 1467 2786 qui
1482 2712 1601 2788 loquitur
1615 2716 1650 2770 ad
1677 2731 1736 2772 ma-

79 2816 123 2864 tas
151 2813 206 2862 tam
230 2803 407 2872 admirabilis,
436 2801 567 2875 patientia
596 2807 650 2857 tam
680 2797 883 2873 insuperabilis.
939 2801 1380 2872 trem:ltaticr,eecefiliustuus
1397 2802 1489 2874 (donn.
1504 2802 1641 2877 xxx,26);
1657 2803 1738 2860 etlam

78 2895 171 2967 Digna
193 2891 275 2966 plane
297 2899 350 2947 tam
374 2897 477 2961 sancta,
506 2899 560 2946 tam
583 2889 756 2946 immaculata
784 2886 883 2958 hostia,
938 2892 1014 2950 brevi
1039 2891 1134 2950 vivens
1158 2896 1281 2960 tempore
1304 2896 1520 2964 superterram,
1547 2897 1576 2948 et
1601 2889 1739 2948 nihilomt.

78 2993 136 3040 tarn
152 2981 335 3055 acceptabilis.
353 2981 457 3054 Dignus
480 2987 523 3038 εει
537 2981 631 3053 Agnus
646 2979 691 3052 qui
712 2977 817 3035 occisus
832 2982 885 3046 est,
940 2998 991 3038 nns
1009 2979 1101 3036 multis
1130 2986 1172 3036 est
1195 2978 1315 3052 repletus
1341 2978 1468 3047 miseriis,
1485 2980 1514 3036 in
1537 2979 1582 3037 illa
1606 2981 1740 3040 brevitate

78 3073 208 3146 accipere
223 3071 418 3138 tortitudinem,
440 3067 530 3126 iacere
547 3069 581 3126 ad
597 3067 669 3142 quod
684 3067 769 3135 venit,
786 3065 883 3123 tollere
941 3071 1077 3144 appetitus
1099 3067 1212 3132 insidiis,
1240 3067 1427 3146 interrogatus
1445 3067 1530 3127 881
1555 3068 1740 3137 contumeliis,

79 3167 196 3236 peccata
216 3161 319 3217 mnndi.
336 3161 396 3233 Ego
419 3167 508 3216 autem
523 3157 584 3216 dico
605 3165 749 3231 peccatum
773 3155 884 3228 triplex,
901 3116 924 3196 Β
940 3150 1062 3233 pulsatus
1103 3157 1229 3230 injuriis,
1270 3168 1385 3216 vexatus
1424 3158 1579 3233 suppliciis,
1613 3158 1742 3220 conviciis

80 3251 157 3327 quod
185 3249 298 3307 invaluit
321 3265 405 3324 snper
434 3258 544 3305 terram.
569 3247 671 3304 Putatis
698 3245 771 3318 quod
795 3245 887 3302 dicere
940 3247 1092 3306 lacessitus.

79 3341 166 3400 velim
199 3339 446 3412 concupiscentiam
465 3337 562 3406 carnis,
590 3343 617 3394 et
639 3334 888 3410 concupiscentiam
976 3337 1182 3396 minuebant
1204 3333 1742 3414 sulficerednbitesobedientlam,quse

80 3431 237 3498 oculorum,
253 3437 281 3485 et
295 3428 450 3500 superbiam
465 3425 553 3484 vitei
566 3425 711 3483 Funiculus
722 3425 820 3497 triplex
835 3429 887 3496 est,
942 3434 1047 3484 reatum
1076 3440 1186 3484 omnem
1213 3425 1309 3497 prima
1336 3425 1566 3498 prevaricationis
1593 3428 1742 3488 absolvat?

80 3520 131 3594 qui
160 3517 271 3574 difficile
298 3517 451 3590 mmpitnr:
481 3522 627 3590 propterea
664 3515 740 3570 multi
767 3515 887 3582 trahunt,
942 3517 1085 3574 imovero
1108 3512 1643 3583 nonsicutdcllctum,itaetdonum.
1672 3519 1743 3576 Nam

80 3612 140 3667 imo
161 3608 306 3663 trabuntur
320 3607 372 3662 boc
385 3605 504 3662 laniculo
527 3604 674 3664 vanitatis:
690 3603 740 3660 sed
753 3603 830 3676 prior
842 3602 889 3659 ille
942 3613 1083 3678 peccatum
1098 3621 1132 3662 ex
1145 3599 1209 3662 uno'
1219 3603 1247 3660 in
1262 3604 1532 3674 condemnationem
1549 3607 1639 3678 gratia
1651 3615 1742 3665 autem

80 3696 223 3756 termarius
237 3711 293 3752 non
307 3694 441 3750 immerito
456 3692 587 3767 praeralet
604 3692 632 3748 in
648 3691 752 3749 electis.
768 3691 889 3762 Quomo·
945 3712 978 3752 ex
992 3693 1082 3750 multis
1096 3692 1201 3750 delictis
1213 3693 1478 3765 injustificationem.
1494 3695 1529 3750 Et
1539 3711 1622 3770 grave
1633 3695 1743 3770 quidem

80 3789 119 3846 do
145 3787 221 3844 enim
258 3799 314 3842 non
335 3783 406 3840 illins
428 3783 568 3857 patientia
595 3780 747 3839 recordatio
781 3797 890 3839 omnem
944 3783 1054 3840 omnino
1077 3781 1205 3839 delictum
1228 3781 1295 3838 illud
1318 3781 1461 3856 originale,
1484 3783 1557 3856 quod
1579 3799 1633 3842 non
1657 3786 1743 3844 solum

79 3883 180 3934 arceat
203 3872 392 3946 voluptatem?
417 3874 554 3946 quomodo
569 3886 624 3928 non
639 3871 708 3928 illius
731 3869 891 3927 humilitatis
944 3887 1090 3946 personam
1104 3869 1206 3938 iniecit,
1223 3869 1273 3926 sod
1297 3877 1326 3926 et
1339 3878 1474 3927 naturam.
1491 3873 1637 3930 Personale
1654 3881 1745 3932 umen

79 3963 271 4025 consideratio
303 3961 459 4035 superbiam
490 3961 553 4019 vitae
588 3976 701 4034 prorsus
735 3958 892 4016 extundat?
946 3961 1042 4034 cuique
1064 3959 1173 4034 gratim
1188 3965 1240 4026 est,
1264 3975 1325 4016 cum
1342 3961 1398 4032 jam
1423 3959 1519 4016 laxatis
1539 3961 1653 4018 habenis
1671 3963 1748 4020 exbi-

80 4073 149 4112 nam
173 4053 292 4111 charitas
310 4051 356 4106 illa
376 4051 457 4124 plane
484 4049 568 4122 digna
591 4051 668 4121 cujus
686 4049 825 4106 meditatio
854 4048 892 4106 sic
945 4052 1042 4108 bemus
1070 4048 1191 4122 undique
1218 4049 1343 4104 membra
1370 4055 1464 4106 nostra
1494 4064 1569 4106 arma
1597 4050 1747 4122 iniquitatis

80 4151 209 4202 mentem
223 4147 349 4214 occupet,
368 4141 407 4197 sic
421 4147 506 4197 totam
521 4138 571 4196 sibi
586 4138 705 4197 vindicet
718 4138 846 4210 animam,
862 4145 893 4195 ut
945 4147 1069 4212 peccato,
1086 4154 1141 4196 non
1155 4136 1237 4195 modo
1250 4140 1306 4210 jam
1321 4137 1411 4196 alieno
1426 4137 1510 4212 [ulica
1524 4137 1631 4213 altero],
1647 4142 1694 4198 sed
1719 4149 1747 4200 ει

81 4233 201 4292 omnino
223 4231 318 4289 vitium
342 4229 506 4286 curiositatis
530 4227 664 4286 exsulllet.
690 4227 777 4285 Fortis
805 4227 893 4302 igitur
945 4229 1057 4303 proprio
1070 4227 1184 4286 crimine
1207 4225 1364 4300 compediti.
1379 4226 1522 4300 Singulare
1535 4243 1601 4285 vero
1616 4237 1658 4286 est
1685 4246 1749 4304 gra·

81 4329 185 4381 contra
199 4321 257 4376 haec
271 4319 363 4392 passio
377 4317 536 4375 salvatoris.
946 4318 1097 4388 vissimum,
1121 4317 1194 4392 qnod
1218 4315 1391 4376 commissum
1407 4322 1449 4372 est
1472 4316 1500 4373 in
1523 4317 1667 4375 Dominum
1686 4335 1748 4376 mn-

122 4415 151 4468 6.
168 4409 223 4466 Sed
238 4407 310 4465 aliud
325 4423 378 4483 ego
392 4406 490 4481 triplex
505 4421 583 4480 aequa
602 4413 744 4480 peccatum
760 4404 892 4480 quemad·
946 4407 1063 4481 iestatis,
1088 4422 1150 4464 cum
1163 4405 1214 4464 viri
1227 4405 1303 4479 impii
1325 4405 1413 4464 virum
1427 4408 1529 4478 justum
1553 4405 1655 4478 injuste
1673 4407 1748 4464 occi-

82 4501 203 4568 modum
224 4499 311 4556 virtus
333 4497 421 4556 crucis
435 4505 584 4571 expungat,
599 4494 692 4554 dicere
716 4496 848 4572 cogitavi3
865 4505 893 4555 ει
948 4501 1057 4564 derunt,
1073 4503 1101 4555 et
1115 4494 1272 4572 sacrilegas
1292 4511 1390 4552 manus
1412 4495 1439 4550 in
1468 4495 1557 4568 ipsum
1581 4496 1631 4553 Dei
1652 4494 1748 4554 Filium

83 4592 114 4648 id
131 4589 205 4647 forte
219 4588 311 4645 utilius
333 4587 466 4644 audiatur.
482 4585 600 4643 Primam
624 4585 734 4659 quidem
749 4587 892 4660 originale,
947 4585 1108 4659 injecemnt,
1132 4583 1310 4642 crudelissimi
1326 4583 1483 4654 homicidae3
1507 4583 1573 4656 imo,
1594 4583 1617 4640 si
1644 4583 1750 4642 insert

84 4677 244 4738 secundnm
259 4677 404 4750 personale
419 4675 543 4748 dixerim,
566 4676 674 4732 tertium
695 4675 847 4750 singulare.
858 4677 894 4734 ut
948 4677 1050 4742 dicere,
1066 4675 1147 4732 edam
1163 4673 1286 4730 deicidae.
1297 4671 1368 4740 Quid
1382 4672 1436 4729 duo
1446 4671 1629 4746 praecedentia
1644 4675 1679 4730 ad
1694 4679 1750 4732 ter-

84 4767 230 4840 originale
250 4766 361 4839 quidem
374 4766 519 4822 maximum
539 4763 604 4822 illud
623 4765 750 4822 delictum
772 4772 894 4835 vocatur,
949 4763 1039 4822 tium?
1067 4763 1109 4818 nd
1132 4764 1186 4818 boc
1205 4761 1335 4834 expalluit
1359 4766 1387 4818 et
1414 4761 1523 4834 expavit
1546 4767 1603 4820 tota
1625 4763 1750 4822 machina

15 4851 16 4904 ἓ
85 4857 165 4934 qnod
176 4855 212 4911 ad
224 4855 312 4926 primo
321 4854 408 4910 Adam
418 4855 611 4920 contrahimus,
624 4855 651 4912 in
662 4871 716 4928 qno
724 4855 896 4928 peccavimus
949 4851 1103 4923 mundialis,
1119 4859 1147 4909 et
1162 4867 1233 4923 pene
1251 4851 1280 4908 in
1302 4849 1443 4923 antiquum
1461 4851 1546 4909 chaos
1566 4859 1632 4910 sunt
1659 4855 1750 4910 omnia

15 4969 16 4996 t
86 4963 202 5017 omnes,
217 4958 335 5018 proquo
349 4943 479 5024 morimur
499 4945 627 5002 universi.
643 4945 787 5003 Maximum
801 4946 894 5019 plane,
951 4943 1083 5002 revoluta.
1111 4941 1249 4999 Ponamus
1270 4939 1388 5013 aliquem
1413 4940 1447 4998 de
1476 4940 1556 5015 regni
1582 4941 1752 5017 principibus

15 5097 16 5100 ,
87 5035 167 5113 quod
182 5034 223 5090 sic
237 5040 323 5090 totum
352 5047 407 5089 non
420 5033 501 5090 modo
517 5050 604 5110 genus
625 5036 785 5105 humanum,
805 5036 855 5092 scd
869 5043 897 5092 ct
952 5041 1052 5092 terram
1066 5030 1170 5108 regiam
1193 5029 1339 5104 populasse
1353 5030 1381 5087 in
1404 5030 1529 5090 vastitate
1543 5032 1634 5090 hostili
1646 5051 1653 5088 :
1666 5047 1752 5104 pona·

15 5139 17 5174 t
88 5124 248 5203 quemlibet
274 5121 359 5196 ipsius
379 5121 490 5198 generis
512 5130 637 5196 occupat,
661 5131 690 5180 ut
713 5139 768 5181 non
794 5124 830 5180 sit
852 5125 899 5198 qui
951 5139 1015 5181 mus
1042 5121 1135 5189 abum,
1150 5119 1207 5194 qui,
1233 5137 1294 5178 cnm
1308 5128 1382 5178 esset
1404 5121 1438 5178 de
1453 5121 1577 5182 convivio
1592 5127 1620 5179 et
1639 5118 1752 5198 consilio

15 5227 17 5266 t
88 5216 206 5285 evadat,
221 5212 427 5286 transitusque
442 5212 475 5267 ad
490 5228 583 5272 unum.
599 5215 622 5269 A
637 5213 725 5286 primo
740 5214 849 5272 homine
864 5215 898 5269 ad
952 5214 1037 5286 regis,
1052 5210 1162 5268 unicum
1186 5211 1247 5282 eius
1260 5208 1345 5267 filium
1356 5209 1510 5283 proditoriis
1531 5211 1656 5268 manibus
1670 5207 1753 5268 sulio·

15 5303 16 5312 ³
90 5301 277 5364 novissimam
310 5317 396 5375 nsque
431 5300 626 5374 protenditur:
660 5310 687 5360 et
718 5303 747 5359 in
786 5303 903 5378 singulis
953 5303 1030 5362 carit.
1053 5300 1181 5373 Nunqnid
1197 5315 1252 5357 non
1275 5299 1379 5374 primus
1401 5305 1528 5371 respectu
1549 5298 1661 5356 secundi
1676 5297 1755 5356 inno·

15 5457 17 5462 ,
90 5405 242 5470 quoquea
268 5388 362 5463 planta
377 5390 457 5463 pedis
478 5407 566 5465 usquc
589 5389 623 5446 ad
646 5391 778 5449 verticem
803 5393 900 5467 capitis
953 5409 1019 5450 cens
1037 5390 1173 5448 videbitur
1187 5399 1215 5448 ει
1231 5388 1381 5447 immunis?
1401 5389 1446 5444 Sic
1460 5394 1502 5445 εει
1515 5401 1597 5445 omne
1611 5397 1752 5461 peccatum

15 5497 17 5534 ι
91 5477 263 5544 diffunditur
276 5481 327 5536 boc
349 5495 496 5539 venenum.
513 5479 568 5537 Sed
581 5487 610 5537 et
629 5481 708 5538 aliter
728 5481 902 5562 nihilominus
955 5486 1086 5558 qnantum
1100 5479 1200 5536 adhoc
1217 5487 1375 5554 peccatum:
1397 5486 1425 5534 et
1440 5484 1531 5535 tamen
1546 5479 1598 5534 boc
1611 5484 1753 5551 peccatum

92 5578 122 5633 in
148 5571 308 5630 nniversam
330 5569 457 5627 dilatatur
483 5578 601 5638 aetatem,
616 5569 650 5626 ab
673 5587 705 5628 eu
720 5571 824 5631 scilicet
838 5555 900 5642 die,
957 5576 983 5628 in
999 5588 1029 5627 εε
1052 5569 1175 5642 pertulit,
1198 5569 1244 5644 qui
1268 5569 1389 5641 seipsum
1412 5565 1476 5624 iecit
1499 5575 1652 5641 peccatum,
1668 5577 1697 5624 ut
1719 5565 1754 5622 de

15 5665 19 5718 ι
92 5679 151 5741 qua
174 5673 228 5718 sna
266 5659 552 5734 quemqneconeipit,
580 5661 726 5734 usquead
751 5677 823 5730 eam,
849 5679 903 5737 qua
957 5665 1070 5736 peccato
1093 5657 1236 5716 damnaret
1257 5664 1409 5731 peccatum.
1433 5658 1486 5715 Per
1505 5659 1557 5715 hoc
1582 5655 1653 5713 enim
1675 5668 1757 5710 omne

180 5757 311 5824 Parnon.
332 5755 519 5822 ctxxxut.
1022 5845 1024 5851 Ι
1658 5751 1678 5813 9
