4118 6346
206 465 258 520 aar
667 463 736 522 nno
753 441 1168 521 noumrcir‘uovnuams
1186 459 1305 521 suano
1323 463 1369 520 ιι.
1803 466 1856 521 asc

206 586 281 642 mam
296 587 347 645 Dei
363 585 441 657 (froc.
458 603 540 656 xxvi,
557 585 612 658 ιο).
628 585 728 662 thuid
744 587 818 646 euim
830 588 919 646 lucem
936 589 1007 645 hanc
1022 604 1045 685 g
1061 586 1216 656 Dominum,
1240 593 1367 659 tanquam
1386 588 1443 646 veri
1465 589 1530 646 solis
1552 599 1652 660 ortum,
1675 590 1702 647 in
1723 589 1851 646 damnato

205 674 386 746 temporalem
398 675 481 730 miser
499 675 543 732 ille
561 675 646 746 videt,
670 677 717 750 qui
730 676 845 750 gloriam
859 677 932 733 illam
950 690 1006 732 uon
1059 675 1104 733 illo
1128 693 1208 749 quem
1233 683 1420 749 assumpturus
1444 693 1474 735 es
1496 667 1606 734 homine
1629 677 1791 750 prevenire,
1825 683 1854 732 et

206 764 357 820 merebitur
382 763 497 820 intueri?
521 763 628 821 Utinam
655 765 721 822 nihil
749 781 869 839 unquam
893 763 1005 824 uidisset
1058 765 1149 822 extolli
1164 780 1341 836 superomne
1355 766 1427 837 qnod
1448 765 1554 835 dicitur,
1570 773 1616 820 aut
1642 766 1738 822 colitur
1761 767 1849 834 Deus;

206 851 400 918 oculusmeus‚
417 852 440 908 si
454 852 509 924 iiia,
526 855 598 927 quod
613 863 718 912 avertat
734 855 819 927 Deus,
834 854 1006 912 frustrandus
1058 852 1120 925 quia
1145 859 1173 908 ει
1199 863 1262 910 tunc
1285 854 1418 911 adventus
1441 854 1501 923 ejus
1531 851 1709 910 illustratione
1740 853 1852 925 penitus

203 947 245 995 est
269 941 390 998 visionef
406 941 478 997 liant
488 941 609 1014 superbi,
621 942 786 1000 insolescant
798 943 903 1016 magis;
918 943 1005 1000 extol·
1057 941 1214 1000 destrueris.
1714 957 1715 962 ¹

205 1028 305 1097 lantnr,
318 1028 455 1099 inflentur,
470 1037 600 1102 appetant
614 1047 723 1104 semper
743 1032 771 1087 in
790 1032 897 1089 cumulo
917 1047 1003 1106 appa·
1092 1034 1118 1086 2.
1133 1031 1219 1102 Quam
1232 1031 1338 1100 melius,
1351 1037 1379 1088 et
1392 1038 1465 1088 corte
1481 1043 1536 1084 nou
1548 1029 1583 1082 ad
1597 1027 1779 1100 insipientiam
1788 1030 1850 1096 sibi,

204 1129 284 1169 rere:
300 1120 329 1168 ut
344 1131 405 1170 cum
421 1117 526 1172 venerit
541 1118 675 1190 aequitatis
695 1119 777 1190 linea,
794 1135 809 1174 a
832 1108 1002 1190 plenitudine
1055 1122 1174 1180 loannes
1187 1124 1315 1194 Baptista,
1331 1122 1464 1195 siquidem
1478 1129 1505 1177 et
1521 1121 1578 1193 ipse
1597 1119 1694 1177 lucifer
1713 1118 1771 1188 fuit,
1796 1131 1850 1176 nou

202 1201 353 1272 ejiciantur.
368 1204 408 1262 Tu
423 1221 488 1262 vcro
511 1222 566 1263 non
588 1208 638 1277 sic,
654 1208 703 1266 sed
716 1210 774 1266 Deo
788 1209 912 1280 subjecta
932 1216 1000 1267 esto.
1056 1226 1103 1266 sua
1117 1212 1338 1284 praesumptione,
1354 1227 1389 1266 ue
1404 1211 1501 1282 etipse
1516 1208 1559 1266 fur
1573 1217 1645 1266 esset
1659 1215 1687 1264 ει
1704 1207 1782 1276 Ιειιο,
1801 1206 1850 1263 sed

201 1287 288 1344 anima
302 1306 373 1361 mea,
389 1295 513 1366 subjecta
527 1312 592 1352 sane
616 1313 650 1352 ex
664 1296 765 1366 abimo,
790 1298 916 1368 subjecta
936 1314 998 1353 cum
1055 1299 1103 1355 Dei
1121 1301 1206 1356 Patris
1221 1299 1378 1357 auctoritate
1392 1299 1546 1372 praemissus
1556 1305 1598 1356 εει
1611 1305 1674 1354 ante
1692 1293 1848 1352 Dominuml

201 1381 308 1435 fervore
331 1381 498 1456 devotionis3
525 1385 588 1455 quia
612 1387 757 1459 seraphim
781 1387 897 1444 stodeat
917 1403 1003 1461 super
1057 1387 1640 1461 Eccainquit,raittoacgelrtmmeumoate
1654 1386 1851 1456 [cciamtucm

200 1467 284 1522 illud.
303 1467 370 1524 Cum
385 1471 483 1543 quibus
494 1480 597 1531 stemus
612 1481 639 1530 et
653 1491 703 1532 nos
717 1473 809 1546 hodie,
823 1473 931 1545 iratres,
948 1491 1000 1531 nec
1056 1477 1132 1542 (luc.
1148 1491 1196 1543 vri,
1211 1476 1267 1548 27),
1280 1485 1333 1532 etc.
1353 1479 1443 1532 liabes
1459 1487 1486 1534 ct
1505 1477 1532 1532 in
1553 1476 1656 1548 psalmo
1675 1475 1709 1530 dc
1728 1471 1847 1529 codem:

201 1556 390 1615 dimoveamur
414 1574 428 1612 a
452 1558 553 1632 templo
572 1559 635 1630 isto,
660 1561 687 1616 in
711 1578 765 1636 quo
786 1578 881 1619 omnes
909 1563 1002 1619 dicunt
1056 1565 1159 1620 Paravi
1169 1565 1316 1622 lucernum
1329 1567 1438 1624 Christo
1452 1582 1512 1623 mco
1522 1567 1610 1638 (Psoi.
1622 1579 1721 1630 ειιιιιιι,
1735 1564 1791 1634 fl).
1803 1561 1850 1618 lile

200 1645 324 1716 gloriam,
338 1645 400 1718 qnia
413 1645 528 1717 gloriam
543 1649 773 1721 comtemplantur
788 1650 897 1708 Domini
913 1652 1000 1706 nostri
1054 1651 1126 1706 cuim
1141 1659 1200 1707 erat
1213 1652 1325 1708 lucerna
1349 1654 1449 1710 ardens
1463 1661 1491 1710 et
1518 1654 1629 1710 lucens:
1655 1659 1683 1708 et
1705 1647 1850 1708 voluerunt

200 1734 265 1790 lesu
283 1735 390 1804 Christi,
412 1735 459 1809 qui
477 1744 521 1793 est
540 1738 726 1810 superomnia
745 1740 819 1796 Deus
839 1739 1000 1798 benedictus
1052 1739 1137 1796 ludaei
1153 1739 1187 1794 ad
1202 1740 1296 1796 horam
1311 1741 1446 1797 exsultare
1461 1743 1488 1797 in
1512 1741 1613 1798 lumine
1631 1741 1700 1811 ejus,
1722 1738 1771 1795 ssd
1792 1749 1848 1795 non

200 1821 228 1876 in
247 1823 355 1881 saecula.
371 1827 471 1880 Amen.
1053 1827 1121 1899 ipse.
1144 1828 1221 1884 Unde
1237 1830 1322 1900 ergo?
1335 1829 1426 1899 Ipsum
1448 1829 1597 1904 interrogo,
1613 1828 1672 1900 ipse
1696 1826 1731 1883 de
1755 1843 1786 1883 εε
1805 1826 1849 1882 ιο·

501 1913 622 1970 SERMO
638 1914 685 1972 111.
1014 1907 1035 1984 Β
1051 1920 1158 1987 quatur.
1174 1917 1295 1982 Αιηίειιε,
1312 1915 1408 1988 inquit,
1424 1919 1604 1990 sponsistat,
1620 1921 1648 1972 ει
1661 1915 1761 1988 gaudio
1779 1930 1848 1986 gort-

352 2007 388 2060 De
402 2003 492 2061 verbis
505 2006 585 2061 facita
600 2005 754 2077 prophetae,
770 2021 809 2074 vr,
820 2009 848 2065 2.
1052 2003 1098 2060 det
1107 2009 1221 2078 propter
1239 2021 1333 2064 vocem
1356 2007 1453 2077 sponsi
1475 2005 1558 2076 (loca
1571 2019 1611 2069 ιιι,
1627 2005 1684 2074 29).
1704 2003 1762 2058 Stat
1781 2015 1847 2073 ergo

236 2095 260 2146 l.
277 2092 339 2164 Non
352 2093 428 2150 vohis
442 2093 560 2150 arbitror
575 2094 707 2150 excidisse
732 2095 767 2150 de
790 2095 897 2152 duobus
917 2111 995 2152 sera-
1051 2091 1190 2150 loannes:
1208 2108 1298 2167 neque
1313 2093 1386 2150 enim
1401 2085 1506 2150 arundo
1516 2102 1558 2150 est
1571 2099 1653 2150 rento
1663 2092 1776 2164 agitata.
1789 2092 1847 2147 Stat

199 2179 272 2251 phim
287 2182 368 2238 hodie
383 2183 462 2240 nobis
480 2183 635 2239 habendum
650 2199 712 2240 esse
727 2199 892 2254 sermonem,
907 2182 994 2242 947
1051 2180 1115 2254 quia
1128 2181 1230 2238 amicus
1244 2188 1297 2249 est,
1317 2190 1370 2238 stat
1384 2182 1446 2256 quia
1462 2182 1562 2238 ardens
1585 2187 1638 2248 est,
1660 2187 1688 2236 et
1710 2178 1847 2251 seraphim

199 2278 310 2342 propter
337 2271 402 2328 illud
418 2271 503 2342 isaiae,
528 2272 575 2346 qui
598 2281 743 2345 postquam
767 2274 911 2331 Dominum
933 2289 995 2332 sesa
1050 2277 1122 2326 stare
1137 2271 1336 2330 describuntur.
1353 2272 1424 2329 Vere
1437 2271 1539 2328 amictus
1558 2269 1661 2341 sponsi,
1681 2269 1727 2342 qui
1746 2283 1846 2341 proce·

197 2358 298 2416 vidisse
310 2367 424 2416 testatus
443 2369 486 2418 cst
500 2377 586 2434 super
599 2363 697 2419 solium
713 2363 889 2431 residentem,
917 2363 995 2418 addi·
1050 2359 1139 2415 dentis
1153 2359 1188 2416 de
1203 2359 1321 2417 thalamo
1334 2376 1384 2417 suo
1407 2377 1462 2418 non
1487 2361 1628 2417 aemulatur
1651 2357 1778 2435 gloriam,
1794 2357 1843 2414 sad

197 2447 247 2517 dit,
263 2449 400 2521 seraphim
413 2458 487 2507 stare
506 2467 590 2522 super
607 2451 684 2507 iliud.
706 2451 848 2523 Seraphim
873 2451 993 2524 quidem,
1049 2453 1127 2517 parat
1139 2447 1220 2514 viam,
1243 2448 1294 2504 sed
1316 2449 1446 2521 praedicat
1464 2448 1594 2524 gratiam;
1619 2455 1649 2504 ut
1674 2455 1701 2502 et
1724 2445 1784 2517 ipse
1807 2444 1842 2502 de

197 2536 375 2608 dilectissimi,
401 2539 469 2596 sicut
493 2538 653 2612 frequenter
680 2539 804 2610 audistis,
830 2555 930 2596 nomen
953 2547 995 2598 est
1049 2535 1216 2606 plenitudine
1249 2538 1310 2607 ejus
1336 2537 1460 2609 accipere
1486 2545 1635 2593 mercatur.
1660 2535 1743 2591 Lucet
1768 2549 1835 2605 ergo

196 2641 376 2697 supernorum
408 2628 562 2700 spirituum,
587 2629 692 2685 ordinis
723 2628 802 2685 unius
825 2629 859 2686 de
884 2645 992 2698 novem,
1046 2625 1175 2692 loannes,
1191 2631 1266 2682 tanto
1280 2626 1491 2699 utiqueclarius,
1502 2633 1604 2698 quanto
1614 2622 1729 2696 amplius
1739 2623 1843 2679 fervete

194 2713 337 2788 ipsiusque
352 2716 451 2772 summi
460 2723 542 2790 atque
553 2716 683 2789 supremi.
705 2717 806 2774 Verum
821 2717 952 2787 hocloco,
964 2725 994 2772 ut
1048 2719 1121 2770 tanto
1146 2713 1246 2781 uerius,
1262 2721 1364 2786 quanto
1389 2715 1478 2770 minus
1496 2713 1600 2786 appetit
1623 2712 1725 2768 lucere.
1743 2708 1843 2766 Fidelis

194 2801 324 2869 arbitror,
341 2818 395 2859 non
409 2803 436 2858 in
449 2819 482 2859 ea
495 2803 605 2876 ponitur
618 2803 825 2879 significatione,
842 2804 993 2876 praesertim
1045 2801 1150 2869 lucifer,
1166 2803 1213 2876 qui
1228 2803 1298 2859 Solis
1311 2803 1422 2870 iustitiae
1437 2818 1491 2859 uon
1505 2816 1637 2873 usurpare
1651 2799 1768 2866 venerit,
1792 2797 1840 2854 sod

195 2901 256 2944 cum
272 2886 415 2945 innumera
430 2889 474 2945 illa
493 2890 548 2946 sint
570 2891 688 2966 agmina,
713 2891 757 2949 hic
781 2907 846 2950 vero
860 2892 915 2950 duo
928 2900 991 2949 tan·
1047 2891 1228 2963 praenuntiare
1254 2891 1439 2963 splendorem.
1474 2891 1535 2948 Nora
1559 2904 1623 2946 sam
1656 2902 1713 2959 spo,
1742 2886 1839 2958 inquit,

195 2983 254 3032 tum
268 2976 405 3048 seraphim
419 2978 619 3036 describantur.
635 2981 668 3036 Et
682 2996 735 3056 ego
749 2980 870 3054 quidem,
882 2982 991 3053 fratres,
1047 2979 1395 3052 carcassonensis
1407 2996 1452 3037 ma
1465 2983 1529 3052 post
1543 2993 1597 3045 me,
1607 2979 1689 3047 cujus
1703 2991 1763 3031 aon
1776 2989 1842 3030 sam

196 3064 304 3122 silicet
329 3065 356 3121 in
381 3067 433 3123 hac
457 3074 534 3139 parte
559 3069 705 3142 unicuique
728 3070 868 3128 abundare
891 3069 918 3126 in
942 3087 992 3130 suo
1046 3070 1148 3142 dignus
1162 3067 1675 3141 soluerecorrigicmcolceomacti;et
1688 3063 1768 3120 iliud:
1789 3065 1842 3134 Epo

195 3168 289 3220 sensu,
304 3153 331 3208 in
342 3153 448 3210 duobus
463 3155 600 3228 seraphim
618 3157 753 3229 duplicem
773 3157 890 3214 arbitror
907 3157 991 3214 intel·
1047 3154 1684 3230 baptisovoaoqoo,itlehcptiaubitvosSpt'rt'ttt'
1700 3155 1798 3209 scruto
1812 3153 1841 3207 ει

195 3240 242 3316 ligi
260 3249 413 3299 creaturam
437 3245 636 3315 rationabilem,
661 3246 813 3321 angelicam
837 3247 940 3306 scilicet
965 3259 992 3304 et
1007 3198 1028 3277 c
1046 3246 1110 3319 igne
1137 3246 1228 3315 (loon.
1251 3259 1270 3311 ι,
1297 3247 1343 3311 20,
1362 3247 1406 3310 ιθ,
1427 3246 1471 3311 27,
1495 3243 1553 3314 33).
1575 3244 1613 3298 hc
1641 3242 1664 3296 si
1697 3238 1841 3296 manifeste

195 3329 350 3388 humanam.
366 3333 425 3389 Nec
439 3333 547 3390 mireris
563 3335 699 3392 hominem
715 3335 852 3406 seraphim
869 3336 989 3396 factum:
1046 3333 1142 3390 lucifer
1157 3335 1249 3390 dicere
1263 3333 1402 3392 videatur:
1418 3331 1489 3401 Quid
1513 3329 1683 3387 admiramini
1703 3329 1841 3385 intuentes

195 3426 332 3476 memento
344 3421 409 3491 quia
422 3421 534 3479 Creator
548 3432 577 3479 et
594 3423 725 3481 Dominus
746 3425 884 3496 seraphim
906 3424 992 3482 iactus
1045 3423 1221 3496 splendorem
1228 3419 1336 3478 meum?
1354 3421 1415 3478 Non
1430 3435 1488 3477 sum
1504 3434 1555 3495 ego
1579 3419 1635 3487 sol;
1657 3419 1737 3491 longe
1758 3415 1839 3472 alium

195 3515 237 3564 est
250 3508 341 3565 homo.
357 3510 400 3565 hd
422 3509 613 3567 contumeliam
638 3523 722 3581 tuam,
751 3528 768 3570 ο
791 3514 918 3585 superbe,
944 3514 991 3587 qui
1044 3511 1169 3568 videbitis
1183 3527 1255 3579 eum,
1271 3510 1298 3566 iu
1312 3513 1390 3581 cuius
1405 3509 1605 3581 comparatione
1625 3507 1747 3563 tenebrae
1768 3519 1837 3571 ειιιιι,

194 3604 302 3653 creatus
315 3596 387 3654 inter
401 3597 525 3671 angelos,
541 3598 614 3654 inter
628 3599 742 3672 angelos
755 3608 828 3658 stare
851 3617 905 3658 non
929 3617 990 3658 me·
1045 3606 1073 3655 et
1086 3615 1139 3656 uon
1159 3599 1214 3656 lux.
1235 3599 1305 3672 Ego,
1325 3606 1454 3672 tanquam
1471 3598 1545 3654 sidus
1563 3595 1761 3662 antelucanum,
1781 3607 1840 3648 ma·

193 3685 280 3754 ruisti,
297 3700 362 3742 ecce
388 3703 436 3740 rex
449 3693 543 3744 noster
566 3702 651 3744 novos
674 3687 702 3744 in
726 3696 799 3744 terra
818 3689 930 3762 angelos
946 3689 959 3743 f
975 3721 989 3732 -
1045 3689 1133 3744 tutino
1154 3704 1203 3747 vos
1225 3703 1287 3744 rore
1308 3688 1458 3761 perfund03
1483 3687 1528 3744 ilie
1544 3685 1650 3743 emittet
1677 3684 1704 3740 in
1728 3683 1840 3741 fervore

157 3815 163 3828 .
191 3771 346 3828 bricaturus
365 3771 483 3830 advenit.
504 3775 604 3847 atque,
619 3782 649 3830 ut
666 3776 788 3833 tabescas
811 3778 935 3849 amplius,
963 3787 990 3835 et
1044 3777 1134 3833 radios
1143 3793 1217 3844 suos,
1234 3777 1319 3834 solvet
1328 3777 1439 3849 glacies,
1451 3775 1566 3849 paludes
1580 3774 1704 3840 siccabit,
1715 3773 1840 3849 algentes

191 3859 276 3918 livore
296 3860 407 3932 proprio
420 3862 588 3934 torquearis3
617 3879 672 3920 non
697 3865 910 3939 qualescunque,
939 3883 990 3925 nec
1044 3864 1195 3931 calefaciet,
1232 3865 1396 3937 pauperihus
1428 3864 1479 3919 erit
1502 3879 1552 3936 pro
1577 3863 1754 3921 vestimento.
1781 3861 1839 3917 Nec

192 3947 328 4006 inferioris
357 3949 471 4021 alicujus
501 3950 605 4010 ordinis
628 3953 750 4026 angelos,
784 3955 832 4011 sed
852 3956 989 4027 seraphim
1044 3970 1111 4010 sane
1126 3955 1247 4012 dissonat
1260 3971 1275 4009 a
1289 3953 1375 4013 verbo
1388 3954 1488 4025 judicis
1508 3969 1558 4010 vox
1581 3951 1766 4024 precursoris,
1789 3952 1839 4008 sed

190 4036 261 4093 Audi
281 4037 354 4094 anim
379 4037 444 4109 quid
459 4039 517 4111 ipsc
532 4039 668 4114 loquatur.
684 4044 790 4116 Ignem,
806 4044 903 4116 inquit,
925 4048 989 4104 ccci
1044 4042 1187 4101 manifeste
1201 4043 1294 4119 ignem
1307 4057 1323 4098 a
1336 4044 1442 4100 losnne
1456 4041 1618 4116 promissum
1628 4040 1751 4097 Christus
1764 4039 1839 4096 exhi·

190 4129 346 4186 mitteretis
358 4132 483 4198 tarrom3
494 4135 522 4188 et
532 4132 599 4204 quid
609 4133 679 4199 volo,
691 4136 751 4190 nisi
760 4135 990 4194 reaccendatur?
1044 4131 1110 4199 buit,
1126 4132 1232 4190 dicens:
1248 4135 1341 4205 Ignem
1354 4133 1420 4190 caci
1438 4134 1552 4190 mittere
1567 4133 1597 4187 ia
1613 4133 1731 4186 terram.

191 4215 270 4284 (luc.
286 4231 338 4284 ιιιι,
355 4217 412 4286 49.)
429 4215 492 4272 Vult
505 4233 571 4291 ergo
587 4219 723 4291 seraphim
743 4220 881 4293 fabricari,
901 4230 931 4278 ut
951 4224 988 4280 ibi
1078 4220 1164 4278 948
1181 4225 1206 4278 3.
1222 4221 1303 4278 Dicas
1316 4220 1447 4288 fortassis,
1463 4220 1490 4276 iu
1505 4219 1569 4292 igne
1589 4226 1618 4275 ut
1632 4219 1788 4283 fervorem,
1798 4215 1837 4272 sic

191 4308 273 4370 stent,
287 4301 359 4358 unde
373 4310 402 4359 tu
416 4304 550 4362 corruisti.
578 4308 738 4380 Seraphimg
754 4308 851 4381 inquit,
872 4311 988 4369 stabunt
1044 4319 1071 4368 ει
1086 4311 1260 4383 splendorem
1275 4325 1348 4367 εεεε.
1368 4309 1427 4366 Non
1442 4309 1589 4376 contendo,
1609 4307 1674 4364 licet
1688 4305 1796 4363 fervore
1813 4305 1838 4361 ei

190 4405 277 4464 saper
298 4392 381 4450 illud.
403 4392 504 4466 thuid
518 4409 585 4466 ergo
609 4401 647 4465 tu,
672 4395 718 4469 qui
741 4411 820 4454 mane
843 4397 986 4470 oriebaris,
1042 4399 1158 4472 quodam
1174 4400 1255 4456 modo
1269 4398 1474 4455 substantialior
1486 4397 1619 4455 uideatur.
1639 4395 1729 4466 ipsum
1748 4392 1839 4465 potins

190 4479 307 4554 Lucifer,
323 4477 350 4535 in
365 4480 480 4539 veritate
495 4497 551 4539 non
571 4484 679 4553 stetisti,
702 4484 753 4540 nisi
772 4485 835 4558 quia
851 4488 986 4558 seraphim
1002 4521 1025 4598 Β
1042 4487 1192 4555 audiamus,
1216 4485 1280 4561 quid
1291 4487 1378 4564 magis
1401 4487 1429 4544 in
1447 4487 1512 4558 igne
1530 4482 1712 4542 commendet.
1730 4485 1834 4556 Ignem,

189 4583 245 4654 non
260 4567 350 4626 fuisti?
364 4569 506 4642 Seraphim
526 4572 628 4645 quippe
648 4573 750 4630 ardena
770 4575 813 4631 vel
834 4576 986 4635 incendens
1041 4575 1089 4642 ait,
1105 4577 1169 4634 ueni
1182 4577 1296 4634 mittere
1314 4578 1345 4632 ia
1364 4577 1487 4642 termam,-
1501 4573 1610 4649 etquid
1629 4572 1701 4639 uolo,
1719 4571 1779 4627 aiei
1802 4575 1836 4627 ct

189 4653 393 4727 iuterpretatur.
409 4657 451 4712 Tu
464 4674 530 4715 vero
549 4659 676 4729 habuisti,
698 4661 790 4730 ruber,
814 4661 913 4733 lucem,
937 4666 986 4720 sed
1040 4664 1160 4722 ardeat?
1185 4663 1341 4738 cognovisti
1360 4671 1436 4719 certe
1457 4661 1522 4732 quid
1543 4659 1616 4718 velit.
1630 4659 1685 4714 Sed
1708 4673 1744 4713 ne
1765 4655 1831 4712 illud

188 4743 316 4800 ardorem
330 4760 385 4800 nou
410 4746 537 4802 habuisti.
563 4750 667 4810 Donum
687 4756 746 4804 erat
770 4749 829 4817 tibi,
850 4751 873 4807 si
887 4751 986 4823 ignifer
1040 4753 1151 4828 quidem
1162 4753 1282 4825 ignoras,
1294 4751 1367 4824 quod
1384 4750 1439 4807 vita
1458 4750 1485 4804 in
1505 4748 1642 4806 voluntate
1666 4747 1727 4816 eius
1747 4745 1832 4816 (Prot

188 4832 275 4906 magis
304 4848 380 4889 esses
409 4850 490 4906 quam
518 4836 623 4906 lucifer,
654 4845 782 4894 nectam
806 4839 986 4899 immoderato
1040 4856 1124 4907 ιιιιιιι,
1141 4841 1186 4910 tlt
1202 4846 1337 4896 etscrvus
1351 4837 1450 4904 sciens,
1469 4834 1638 4893 acolacieus
1656 4832 1763 4892 Domini
1782 4848 1833 4890 ro·

186 4921 309 4992 appetitu
339 4921 456 4992 lucendi,
488 4931 518 4980 ιιι
541 4942 601 4982 eras
625 4925 739 4999 frigidus
763 4927 832 5001 ipse,
857 4928 985 5002 frigidam
1039 4926 1182 4995 luntatem,
1199 4926 1286 5000 plagis
1299 4926 1421 5000 plurimis
1431 4925 1530 4981 habeat
1544 4923 1670 4996 vapulare
1687 4921 1765 4992 (lac.
1781 4935 1833 4989 xri,

186 5023 295 5081 quoque
310 5009 428 5085 eligeres
442 5011 593 5087 regionem.
611 5014 705 5074 Dixisti
720 5015 807 5074 enim:
830 5019 985 5077 lacendum
1040 5018 1094 5086 47).
1119 5015 1189 5084 Quid
1208 5016 1299 5073 lucere
1323 5013 1451 5072 festinas?
1477 5013 1602 5070 Nondum
1632 5012 1698 5068 illud
1721 5009 1833 5067 advenit

184 5113 270 5170 super
280 5098 465 5159 altitudinem
472 5101 603 5170 audium,
616 5105 711 5162 sedebo
720 5107 752 5162 irc
761 5107 895 5166 lateribus
904 5109 984 5181 aqui·
1039 5112 1155 5177 tempus,
1171 5106 1198 5162 in
1216 5121 1269 5178 quo
1290 5104 1432 5177 fulgebunt
1444 5100 1520 5173 justi,
1542 5101 1611 5158 sicut
1626 5100 1676 5167 sol,
1697 5100 1726 5154 in
1741 5112 1827 5170 reguo

185 5186 259 5243 tonis
273 5187 340 5258 (faa.
357 5204 416 5259 ιιιιι,
439 5193 482 5260 13,
499 5191 553 5263 ta).
573 5189 642 5260 Quid
667 5192 780 5248 festinas
802 5208 882 5249 mane
906 5193 982 5264 oriri,
1040 5195 1125 5250 Patris
1139 5211 1244 5252 eorum.
1259 5193 1368 5250 Interim
1382 5191 1551 5265 perniciosus
1565 5196 1608 5246 est
1625 5189 1675 5244 iste
1694 5185 1831 5258 appetitus

183 5275 312 5332 Luciferi
336 5277 400 5350 quid
423 5277 552 5354 gloriaris
575 5297 659 5352 super
686 5282 787 5353 sidera,
813 5282 912 5356 quibus
936 5283 984 5339 ali·
1037 5281 1165 5341 lucendi:
1190 5281 1297 5340 fervere
1321 5281 1393 5338 enim
1421 5279 1507 5336 multo
1531 5275 1638 5333 melius.
1667 5273 1791 5347 Denique
1811 5274 1834 5331 si

184 5365 294 5436 quando
304 5365 403 5423 clarius
417 5368 526 5427 rutilare
541 5369 664 5429 videris?
680 5370 774 5427 Brevis
791 5371 911 5428 omnimo
931 5373 983 5429 crit
1037 5379 1091 5426 tam
1105 5372 1283 5429 vehementer
1296 5369 1472 5441 splendorem
1485 5366 1636 5432 desideras,
1660 5363 1733 5436 quod
1746 5363 1833 5422 videri

182 5453 309 5524 gloriatio
325 5463 381 5512 tua.
398 5457 527 5531 Sequitur
543 5469 570 5518 te
583 5461 629 5518 Sol
643 5459 763 5532 justitiae,
776 5476 857 5532 quem
873 5469 900 5516 te
920 5477 981 5519 esse
1036 5461 1087 5527 ris,
1108 5468 1291 5528 assecurato3
1321 5467 1349 5516 et
1367 5459 1484 5532 primum
1503 5468 1596 5529 quaere
1614 5453 1760 5521 fervorem,
1781 5467 1833 5509 nec

183 5557 254 5597 vana
270 5542 442 5603 simulatione
455 5548 587 5620 jactabas,
604 5552 682 5622 cujus
709 5549 817 5606 fervore
838 5549 940 5621 pariter
954 5561 982 5608 et
1035 5549 1147 5607 dubium
1175 5551 1240 5624 quin
1259 5560 1287 5607 et
1305 5549 1433 5622 splendor
1455 5545 1598 5616 adjiciatur
1623 5543 1682 5600 tibi.
1705 5541 1833 5615 Alioquin

183 5629 331 5703 splendore
350 5633 379 5689 in
408 5635 520 5694 nihilum
553 5639 680 5696 redactus
700 5639 811 5696 omuino
826 5639 979 5713 dispareas.
1035 5639 1169 5696 incassum
1184 5641 1302 5706 laboras,
1320 5639 1382 5712 quia
1397 5651 1481 5692 vanus
1504 5633 1635 5707 splendor
1658 5634 1760 5706 absque
1774 5629 1832 5687 fer-

183 5719 293 5775 Frustra
308 5735 416 5795 quoque
430 5740 510 5795 paras
528 5735 670 5784 venturum
689 5727 717 5784 iu
740 5727 794 5784 fine
818 5730 980 5786 saeculorum
1037 5745 1112 5788 vore.
1136 5729 1265 5800 Mutuata,
1284 5736 1330 5785 aut
1353 5725 1438 5798 magis
1467 5731 1541 5780 certa
1566 5719 1690 5779 simulata
1711 5723 1756 5778 iux
1778 5726 1830 5786 est,
