4086 6344
109 352 113 356 ’
193 398 248 458 seo
566 419 568 424 -
826 362 1000 452 sonneras
1015 388 1049 450 ut
1067 387 1220 450 cunnus.
1791 391 1844 454 aaa

195 525 256 581 thro
275 525 396 594 revocat,
411 519 547 595 quomodo
565 519 671 577 blandae
689 525 718 576 et
733 515 819 576 tidelis
832 515 994 590 promissio·
1010 528 1035 610 Α
1051 515 1141 587 potius
1155 514 1372 575 illaimmensltas
1382 535 1444 593 qua
1454 519 1658 590 repromittitur.
1671 517 1773 581 Oculos
1786 537 1845 580 aare

193 613 238 668 nis
258 608 337 666 melle
357 613 520 666 moerentem
538 607 705 680 consolatur,
722 607 802 681 eripit
816 604 992 663 diffidentem.
1050 605 1130 672 vidit,
1145 608 1227 674 Deus,
1239 606 1340 680 absque
1352 614 1389 676 te,
1400 609 1643 683 quaprceporosfi
1665 609 1844 684 dilipeafe'bcs

194 701 241 758 Ait
255 715 303 770 per
321 699 482 771 prophetam
499 717 506 754 ι
527 701 580 770 Epo
600 695 748 769 infrenabo
764 712 793 753 cs
809 699 893 752 taum
909 695 995 754 laude
1050 698 1078 752 fe
1093 694 1170 767 (lani.
1190 711 1267 774 extr,
1283 695 1321 767 l).
1337 697 1389 753 Dic
1403 697 1481 754 uobis
1503 706 1532 754 tu
1556 697 1603 770 qni
1619 714 1764 772 praeparas,
1781 699 1845 771 quid

194 803 312 852 meane
321 787 447 844 intereas
460 786 540 857 (lsai.
552 800 646 858 xcmtt,
658 785 697 857 9).
709 785 768 840 Hoc
779 791 820 840 est
831 803 837 850 ;
848 781 994 839 Neiutuitu
1031 785 1207 866 praeparas?
1221 785 1373 852 Credimus,
1396 786 1567 858 confidimus,
1592 803 1684 844 resera
1697 788 1767 845 siout
1782 805 1845 860 pro·

196 875 348 934 facinorum
364 883 470 931 tuorum
484 875 595 931 nimiam
619 873 743 930 incurras
756 872 900 939 tristitiam,
917 859 995 945 atque
1049 873 1131 929 mittis
1148 887 1154 928 :
1171 875 1349 947 Replebt'mcr
1359 877 1390 930 ia
1406 873 1483 932 bonis
1499 875 1596 932 domna
1608 879 1666 932 tace
1676 875 1754 948 (Paul
1767 893 1845 942 nstv,

196 963 283 1020 instar
295 962 406 1020 effrenis
419 961 482 1034 equi
505 963 663 1032 desperatus
683 962 711 1018 in
736 977 856 1034 praeceps
875 977 948 1029 ruas,
969 967 996 1018 et
1049 961 1087 1034 b).
1113 961 1168 1018 Sed
1181 962 1289 1034 qulbus,
1304 977 1405 1036 quase,
1428 963 1519 1030 bonis,
1541 962 1583 1018 vel
1602 963 1750 1034 qualibus?
1765 965 1847 1023 Fortu

195 1067 312 1121 pereas3
331 1047 409 1106 freno
424 1059 459 1116 to,
473 1051 571 1122 inquit,
585 1050 715 1108 inhibebo
730 1049 903 1123 indulgentiae
915 1064 995 1115 meae,
1050 1050 1197 1123 frumento,
1211 1052 1275 1109 rino
1289 1059 1315 1108 et
1324 1053 1395 1120 oleo,
1409 1055 1475 1108 auro
1485 1059 1511 1108 el
1520 1057 1732 1124 atqueergento,
1746 1051 1847 1124 lapidi-

196 1145 224 1195 et
252 1139 318 1194 meis
343 1138 470 1194 laudibus
497 1140 611 1213 erigam,
640 1140 841 1212 respirabisque
862 1139 891 1194 ln
918 1139 997 1194 bouis
1050 1139 1135 1194 husae
1158 1138 1311 1211 pretiosis?
1333 1139 1386 1196 Sed
1407 1142 1465 1197 baec
1490 1141 1614 1198 novimus
1628 1146 1655 1196 et
1670 1139 1807 1209 vidimus;
1824 1152 1851 1198 et

197 1225 276 1292 meis,
301 1225 396 1298 quide
411 1226 463 1282 tuis
486 1227 659 1284 confunderis
681 1227 769 1293 mulis,
788 1229 850 1284 dum
867 1242 911 1283 me
933 1241 998 1281 sane
1052 1227 1182 1294 videmus,
1204 1235 1230 1283 et
1250 1226 1409 1286 fastidimus.
1425 1229 1455 1283 id
1472 1229 1631 1302 quaerimus,
1655 1227 1728 1302 quod
1755 1228 1849 1284 oculus

197 1313 398 1389 benigniorem,
417 1331 499 1388 quam
518 1323 543 1372 te
563 1316 768 1386 culpabiliorem
792 1316 925 1375 invenies.
941 1316 999 1371 Hoc
1052 1329 1107 1370 non
1129 1315 1206 1382 vidit,
1230 1332 1282 1374 nec
1306 1316 1379 1372 auris
1401 1317 1512 1388 audivit,
1538 1334 1588 1375 uec
1616 1317 1644 1373 in
1667 1333 1714 1375 cor
1734 1315 1851 1374 hominis

198 1403 277 1460 freno
300 1403 323 1458 si
343 1403 491 1460 infrenatus
505 1404 602 1461 fuisset
616 1405 693 1478 Gaio,
712 1420 882 1477 nequaquam
898 1404 998 1476 despc-
1052 1402 1182 1461 ascendit.
1198 1405 1255 1461 lloo
1270 1407 1368 1479 placet,
1391 1407 1444 1463 hoc
1462 1407 1539 1479 sapit,
1555 1409 1608 1465 hoo
1624 1407 1739 1464 delectat
1758 1407 1850 1477 inqui·

201 1492 285 1549 raudo
299 1492 413 1548 dixisset
430 1509 437 1548 :
454 1493 542 1566 ffojcr
559 1499 603 1551 est
621 1496 761 1567 iniquitas
770 1511 849 1563 'mem
866 1509 952 1566 qnam
965 1495 1000 1548 ct
1053 1507 1124 1558 rere,
1145 1493 1326 1566 quodcunque
1351 1505 1393 1551 est
1410 1495 1488 1552 illud.
1509 1499 1611 1566 lirant,
1635 1496 1730 1570 inquit,
1756 1509 1851 1553 omnes

201 1583 314 1640 cenmm
336 1597 449 1640 mereor
463 1581 544 1653 (Gen.
565 1598 602 1646 rr,
626 1581 681 1654 ta).
707 1581 795 1648 Absit,
818 1581 897 1637 absit.
914 1579 1000 1649 Maior
1053 1580 1183 1638 docibiles
1193 1582 1335 1647 Deilfouu.
1345 1601 1384 1655 vr,
1402 1585 1458 1657 lb),
1470 1588 1560 1658 etipse
1571 1588 1626 1643 em't
1641 1587 1736 1646 omnio
1747 1587 1779 1642 ic
1789 1600 1851 1642 om-

202 1670 275 1726 eninr
298 1675 339 1727 est
360 1670 421 1741 eius
446 1670 542 1742 pietas,
562 1687 643 1742 qnam
664 1669 766 1740 qnaeris
783 1668 920 1741 iniquitas.
936 1667 1000 1724 ldeo
1055 1669 1322 1738 olomucense,
1347 1673 1403 1744 ιιι).
1432 1674 1467 1730 Ut
1489 1675 1582 1746 audio,
1611 1673 1751 1746 plenitudo
1769 1687 1853 1746 quam

199 1759 292 1829 justus
313 1773 370 1815 non
390 1759 527 1826 continue,
548 1759 594 1814 sed
613 1764 717 1814 tuntum
740 1757 768 1814 in
791 1757 924 1829 principio
948 1770 1004 1810 ser·
1057 1767 1243 1828 exspectamus
1262 1774 1277 1814 a
1294 1759 1359 1826 Deo,
1374 1777 1429 1818 nou
1443 1763 1493 1819 erit
1507 1763 1560 1819 uisi
1573 1765 1607 1820 de
1621 1765 1692 1820 Deo.

203 1847 294 1903 monis
315 1855 456 1904 accusator
480 1855 522 1904 est
544 1847 585 1903 sui
608 1845 704 1918 (Prov.
726 1861 805 1916 xrrrr,
829 1847 875 1916 t't)
896 1803 1042 1917 :porroB
1093 1848 1119 1900 tt.
1136 1844 1202 1916 Quis
1219 1861 1284 1904 rero
1306 1850 1530 1920 comprehendat,
1554 1868 1635 1923 quam
1649 1867 1746 1926 magna
1759 1849 1854 1907 'multi-

204 1941 294 1993 sutem
310 1934 337 1990 in
352 1934 400 1991 Dei
414 1934 508 1991 leudes
522 1942 643 1991 extrema
657 1934 789 1990 sermonis
799 1932 923 1990 claudere
936 1948 1004 1989 con-
1058 1931 1123 1990 tudo
1141 1933 1292 1991 dulcedinis
1315 1935 1343 1992 in
1362 1936 1436 1992 brari
1455 1936 1506 1992 isto
1530 1954 1654 1995 sermone
1677 1939 1712 1994 sit
1726 1955 1854 2010 compre-

205 2023 300 2080 suavit.
315 2021 412 2080 Videte
425 2022 541 2094 denique
554 2023 659 2093 iustum
673 2022 725 2078 boc
738 2021 834 2077 ordine
848 2021 1003 2094 proceden-
1057 2023 1141 2079 hensa
1154 2039 1160 2077 :
1172 2023 1236 2079 Erit
1246 2025 1318 2080 Deus
1331 2026 1468 2081 moleto
1478 2026 1630 2082 omnibus?
1645 2027 1681 2082 Ut
1694 2027 1728 2082 de
1742 2041 1856 2097 corpore

206 2117 271 2169 tem.
289 2112 421 2184 deminui,
436 2112 481 2176 ait,
495 2113 654 2177 caesareas,
668 2109 1004 2185 etcoacertipedesmcos
1058 2119 1170 2180 taceam,
1187 2108 1214 2166 in
1233 2109 1323 2166 anima
1344 2111 1394 2166 tria
1406 2109 1516 2168 intueor
1536 2129 1543 2166 ι
1568 2112 1714 2180 rationem,
1729 2112 1856 2172 uolunta·

206 2203 239 2257 ire
253 2201 416 2257 testimonio
430 2203 482 2258 luc
498 2199 585 2270 (Psoi.
596 2213 689 2271 orrrn,
706 2199 751 2271 59)
763 2218 770 2254 :
782 2198 867 2269 utqui
878 2195 1005 2255 videlicet
1059 2205 1122 2268 tem,
1151 2198 1321 2268 memoriam
1348 2199 1453 2271 etJhaec
1480 2201 1531 2258 trie
1549 2201 1634 2273 ipsam
1653 2201 1770 2258 animam
1785 2219 1855 2260 esse.

206 2289 394 2346 contritionem
409 2295 437 2345 et
448 2289 632 2345 infelicitatem
647 2288 675 2342 in
690 2287 742 2344 viis
755 2286 874 2359 propriis
890 2301 1003 2358 perpes·
1058 2285 1194 2356 Quantum
1209 2287 1308 2360 cuique
1322 2287 1417 2345 borum
1432 2288 1599 2360 inpraesenti
1619 2291 1720 2347 saeculo
1736 2289 1807 2348 desit
1823 2292 1857 2350 de

206 2394 256 2435 sus
274 2377 370 2441 fuerat,
388 2377 416 2434 in
436 2377 480 2435 ria
502 2375 722 2434 testimoniorum
746 2376 794 2432 Dei
816 2375 1004 2443 delectaretur,
1058 2374 1211 2448 integritate
1234 2391 1282 2432 sua
1305 2385 1332 2432 et
1350 2376 1528 2448 perfectione,
1554 2377 1634 2436 sentit
1652 2378 1746 2452 [clins
1763 2381 1858 2455 novit]

206 2468 274 2524 sient
288 2467 316 2523 in
330 2467 455 2524 omnibus
470 2466 578 2524 divitiis.
590 2466 625 2522 Et
636 2481 686 2524 vos
700 2463 783 2538 igitur
793 2463 916 2535 exemplo
928 2463 1004 2535 justi,
1060 2464 1149 2519 omnis
1162 2463 1209 2535 qui
1225 2465 1344 2520 ambulat
1364 2465 1391 2521 in
1415 2463 1519 2537 spiritu.
1535 2463 1625 2534 Quare
1638 2469 1701 2539 hoc,
1722 2467 1773 2524 nisi
1794 2470 1856 2542 quia

206 2555 231 2612 si
244 2556 279 2612 de
293 2555 372 2612 robis
390 2556 418 2611 in
442 2555 592 2612 bumilitate
613 2554 727 2622 sentitis,
741 2553 839 2610 sentite
853 2561 880 2610 et
900 2554 934 2609 de
949 2554 1006 2608 Do·
1060 2553 1132 2609 Deus
1147 2553 1267 2610 nondum
1283 2563 1324 2610 ast
1338 2554 1428 2611 omnia
1441 2555 1468 2610 in
1484 2555 1633 2612 omnibus?
1652 2557 1719 2614 ilino
1730 2565 1771 2615 est
1784 2559 1855 2632 quod

206 2643 281 2703 mino
294 2645 321 2699 in
336 2644 468 2700 bonitate.
486 2643 530 2700 Sic
545 2643 618 2700 enim
633 2642 723 2718 legitis
737 2641 808 2714 apud
823 2641 1004 2712 Sapientem:
1060 2649 1088 2697 et
1108 2642 1177 2699 ratio
1197 2642 1347 2717 saepissima
1368 2643 1395 2700 iu
1422 2643 1532 2714 judiciis
1556 2643 1668 2718 fallitur,
1692 2653 1718 2702 et
1730 2645 1856 2704 'voluntas

207 2733 318 2791 Seadte
326 2733 477 2792 denomino
484 2733 516 2790 t'rt
524 2729 1006 2803 bonitatamiosimplict'fcfeccrdis
1060 2729 1229 2804 quadruplici
1245 2733 1444 2803 perturbatione
1456 2734 1583 2804 jactatur,
1599 2741 1625 2788 at
1640 2734 1769 2792 memoria
1784 2735 1859 2792 mul-

206 2824 326 2895 qtuert'fe
347 2825 433 2880 illam
452 2823 528 2896 (Sep.
555 2838 573 2888 t,
600 2823 637 2895 t).
653 2823 712 2878 Hoc
726 2828 815 2876 autem
835 2819 910 2876 facile
924 2821 1006 2876 menti
1061 2817 1144 2889 tipliel
1166 2819 1302 2876 oblivione
1324 2819 1507 2878 confunditur.
1530 2821 1643 2894 Triplici
1668 2822 1732 2878 huic
1750 2823 1859 2884 vanitati
1939 2811 1944 2818 ¹

207 2911 463 2980 persuadetdirinae
476 2909 669 2968 munificentiae
684 2909 777 2983 lolius,
789 2908 1006 2982 magnificentiae]
1061 2908 1162 2966 nobilis
1171 2910 1421 2981 creaturasubjectu
1431 2909 1680 2981 estnonvoleus,in
1690 2926 1738 2981 spe
1748 2916 1857 2966 amem.

207 2998 348 3072 frequens,
363 2999 420 3056 imo
434 3001 562 3058 continua
577 2999 739 3057 recordatio.
753 2997 882 3069 Alioquin
896 3013 1006 3071 quomo·
1059 2998 1127 3054 Nam
1154 2997 1200 3072 qni
1222 2999 1324 3070 repelet
1342 2998 1371 3053 iu
1395 2999 1475 3055 bonis
1488 2999 1652 3056 desiderium
1673 3001 1781 3066 animae,
1800 3000 1860 3072 ipse

207 3088 243 3146 do
258 3088 414 3161 implebitur
427 3090 604 3161 apostolicum
621 3088 686 3144 illud
697 3105 703 3145 :
716 3087 885 3146 [cometem
900 3089 1009 3160 pretias
1024 3077 1046 3158 c
1061 3089 1158 3144 rationi
1181 3087 1291 3143 futurus
1315 3093 1357 3143 est
1382 3087 1521 3159 plenitudo
1542 3088 1621 3159 lucis,
1646 3087 1705 3160 ipse
1728 3088 1860 3146 voluntati

209 3181 320 3251 cpeatfes
343 3180 371 3248 (f
390 3179 479 3237 Thess.
501 3195 528 3234 r.
550 3179 607 3248 17),
632 3177 707 3234 siea
730 3192 779 3248 pro
800 3175 900 3248 quibus
914 3177 1007 3246 gratiae
1062 3175 1206 3234 multitudo
1221 3176 1304 3247 pacis,
1324 3176 1382 3248 ipse
1400 3177 1538 3233 memoriae
1561 3176 1726 3234 contiuuatio
1751 3178 1861 3234 aeterui-

208 3264 351 3332 debentur,
373 3283 389 3322 e
412 3269 494 3324 corde
517 3265 705 3323 recesserint?
729 3264 799 3321 Nolo
824 3279 872 3320 ros
894 3264 1009 3320 ludaico
1063 3264 1180 3322 tatis.0
1210 3267 1317 3332 veritas,
1339 3265 1466 3338 ebaritas,
1493 3265 1646 3323 aeternitas!
1679 3265 1703 3323 0
1728 3266 1808 3322 beatu
1835 3274 1863 3323 et

208 3353 295 3409 notari
310 3354 468 3425 opprobrio,
483 3354 519 3411 de
540 3355 643 3427 quibus
656 3354 795 3425 Scriptura
809 3359 924 3409 testatur
936 3352 1009 3425 quod
1062 3353 1218 3410 beatificans
1231 3350 1364 3409 Trinitasl
1381 3354 1413 3409 ad
1429 3363 1455 3410 te
1469 3369 1528 3409 maa
1542 3352 1642 3409 misera
1657 3353 1762 3412 trinitas
1776 3353 1862 3412 mise-

210 3457 263 3498 uon
277 3442 378 3498 fuerint
401 3458 537 3499 memores
550 3443 753 3500 benefactorum
769 3441 838 3512 ejus,
855 3447 883 3496 et
896 3439 1009 3495 mirebi-
1063 3440 1214 3498 serabiliter
1228 3441 1355 3514 suspiret,
1377 3442 1532 3514 quoniame
1546 3448 1573 3498 te
1588 3441 1731 3500 infeliciter
1748 3444 1861 3500 exsulat.

210 3529 278 3587 lium
289 3531 351 3603 ejus
366 3545 427 3603 quae
442 3529 560 3587 ostendit
574 3530 614 3584 eis
628 3529 713 3601 (Psoi.
728 3543 830 3595 nxuvn,
847 3529 901 3596 ll).
1063 3531 1214 3588 Discedens
1236 3547 1252 3586 e
1267 3539 1292 3586 te
1306 3531 1415 3604 quantis
1430 3547 1458 3588 se
1473 3531 1606 3588 intricavit
1618 3531 1772 3604 erroribus,
1783 3532 1861 3590 dolo-

245 3623 273 3678 3.
292 3621 393 3678 Verum
410 3616 541 3691 quoniam
559 3619 642 3689 boue,
665 3633 726 3690 quae
740 3616 834 3692 largiri
852 3616 1009 3673 mortalibus
1063 3619 1150 3692 ribus,
1170 3615 1330 3675 timoribus!
1348 3619 1405 3676 ileu
1423 3618 1484 3674 mel
1505 3620 1612 3692 qualem
1632 3634 1682 3691 pro
1696 3625 1722 3678 te
1740 3634 1862 3677 commu·

210 3723 265 3765 non
287 3715 376 3764 cessat
390 3707 545 3764 misericors
562 3713 588 3762 et
606 3704 750 3786 miserator
772 3705 916 3772 Dominus,
930 3720 1009 3762 reco-
1064 3708 1177 3764 tevimus
1193 3707 1353 3766 trinitatem!
1372 3709 1424 3767 Cor
1443 3724 1540 3766 meam
1554 3709 1758 3767 conturbatum
1769 3715 1823 3774 cet,
1837 3718 1864 3766 et

210 3797 266 3852 lere
280 3804 307 3853 et
329 3795 488 3870 recolligere
513 3794 614 3862 omnia,
631 3793 705 3851 omui
723 3793 825 3850 homini
838 3785 1011 3867 irnpossibile
1063 3797 1443 3873 indedolor3derelipuilme
1455 3800 1547 3856 cirtem
1561 3798 1863 3870 meo,etiude‚psrcr,

210 3893 270 3952 est3
294 3883 366 3958 (quis
383 3883 455 3940 enim
473 3885 595 3956 loquetur
620 3883 752 3955 potentias
765 3881 885 3950 Domini,
907 3881 1011 3938 auditas
1064 3891 1093 3944 el
1105 3887 1201 3944 lumea
1217 3889 1363 3945 oculorum
1377 3903 1506 3945 meorum
1521 3903 1578 3944 coa
1588 3892 1631 3945 est
1649 3903 1760 3945 mecam
1773 3887 1852 3958 (Psoi

210 3972 291 4029 faciet
305 3987 399 4029 omnes
421 3972 515 4030 laudes
538 3973 621 4045 cjua‘l
642 3972 731 4046 (Psoi.
748 3987 791 4038 or,
814 3972 842 4042 f)
861 3970 888 4026 id
907 3969 1010 4040 saltem,
1064 3989 1176 4041 xxxam,
1205 3977 1263 4044 tl),
1287 3981 1314 4028 et
1342 3973 1406 4031 inde
1433 3989 1518 4031 error.
1535 3974 1577 4029 Eu
1602 3990 1683 4046 quem
1706 3974 1865 4032 dissimilent

210 4060 284 4134 quod
308 4061 456 4134 praeoipum
481 4068 524 4116 ast
550 4069 577 4117 et
604 4059 764 4128 maximum,
792 4073 861 4131 opus
887 4058 1012 4118 videlicet
1066 4064 1222 4130 trinitatem,
1242 4077 1259 4118 o
1278 4063 1375 4118 animae
1398 4078 1466 4118 mere
1488 4062 1605 4133 trinitas,
1622 4061 1754 4120 exsulans
1773 4072 1867 4120 osten·

211 4157 311 4208 nostras
330 4149 536 4222 redemptionis,
560 4148 720 4206 ememoria
734 4148 936 4220 redemptorum
958 4148 1011 4204 ali·
1065 4149 1141 4226 disti.

211 4246 343 4314 maanus
354 4253 408 4296 uon
423 4239 542 4296 recedat.
559 4239 654 4311 luqno
665 4253 748 4309 opere
763 4238 817 4293 duo
830 4235 1008 4307 potissimum,
1100 4242 1127 4294 6.
1156 4238 1347 4296 Verumtamen
1371 4253 1455 4310 quare
1473 4237 1558 4296 tristis
1585 4254 1625 4309 es,
1641 4237 1732 4296 anima
1751 4253 1823 4306 mea,
1838 4249 1864 4296 at

212 4345 273 4399 quae
287 4343 361 4385 nunc
375 4335 524 4393 occurrent,
540 4329 638 4383 restris
648 4325 746 4384 studiis
761 4327 885 4383 intimare
897 4327 1008 4385 curabo.
1028 4341 1146 4432 ”quare
1161 4328 1307 4383 conturbas
1321 4326 1389 4382 mef
1412 4325 1498 4397 Spera
1522 4325 1552 4382 in
1567 4327 1624 4383 Deo
1638 4325 1765 4400 quoniam
1781 4325 1871 4386 adhuc

213 4419 246 4474 Et
258 4418 311 4474 boc
324 4433 405 4490 quam
421 4416 514 4489 paucis
528 4415 562 4472 ad
582 4414 771 4486 compendium
786 4421 890 4486 potero,
907 4429 1011 4471 memor
1064 4412 1215 4471 confitebor
1230 4412 1269 4469 illi
1289 4413 1375 4485 (Psoi.
1405 4427 1462 4482 ιιι,
1480 4413 1523 4485 6);
1542 4429 1603 4470 cum
1619 4429 1696 4470 error
1714 4411 1870 4471 videliceto

212 4507 286 4563 illins
299 4506 511 4564 sententiatos
525 4505 698 4563 occasionem
712 4503 1010 4577 sapienti,efaopiea-
1065 4502 1178 4570 ratione,
1194 4517 1210 4556 a
1234 4501 1372 4558 voluntate
1394 4500 1482 4572 dolor,
1499 4510 1582 4573 atque
1603 4519 1617 4556 a
1641 4501 1773 4558 memoria
1786 4501 1870 4559 timor

214 4597 270 4653 tior
282 4597 338 4654 erit
351 4595 445 4666 (Paeo.
465 4609 502 4659 ur,
523 4597 562 4666 9).
577 4595 636 4648 Duo
650 4608 715 4665 ergo
730 4592 775 4648 ills
790 4599 862 4657 suut,
876 4593 973 4648 modus
986 4601 1013 4648 et
1067 4590 1156 4648 omnis
1170 4589 1323 4656 recesserit,
1339 4597 1365 4646 et
1379 4590 1543 4647 successerit
1560 4589 1607 4647 illa
1620 4593 1710 4664 'qnam
1728 4606 1869 4663 speramus

213 4683 598 4756 imernalatmodusquirtem
610 4683 659 4738 Dei
673 4681 822 4738 exinanitio
836 4679 1013 4750 est;fructus
1068 4679 1136 4735 mira
1160 4677 1299 4749 serenitas,
1325 4679 1406 4751 plena
1434 4677 1561 4750 suavitas,
1593 4685 1696 4735 aterna
1728 4678 1867 4734 securitas.

213 4785 289 4840 aero,
315 4772 399 4829 nostri
419 4771 453 4828 ds
475 4772 520 4829 illo
539 4771 663 4841 repletio.
680 4772 737 4827 iloc
755 4770 893 4836 meditari,
916 4781 1014 4828 sancta
1069 4765 1563 4838 PrimumilludfacietreritasDeus;
1577 4767 1868 4838 seeundumclraritas

214 4863 273 4933 spel
292 4861 469 4918 seminarium
494 4867 550 4930 est3
568 4859 635 4917 illud
659 4860 757 4917 summi
782 4861 882 4917 amoris
897 4860 1015 4916 incenti-
1069 4859 1161 4924 oeus;
1176 4855 1296 4924 tertium,
1317 4870 1422 4912 summa
1446 4860 1565 4925 potestas
1586 4855 1672 4927 Deus,
1695 4861 1725 4911 ut
1743 4855 1777 4912 sit
1793 4857 1867 4912 Deus

213 4967 288 5007 rum.
305 4951 456 5022 Utrumque
475 4949 641 5021 profectibus
656 4951 758 5006 nostris
772 4950 967 5016 necessarium,
981 4965 1016 5006 ue
1070 4945 1160 5002 omnia
1169 4944 1198 4999 in
1208 4942 1345 5011 omnibus,
1357 4942 1460 4999 ratione
1469 4943 1616 5014 recipiente
1632 4943 1721 5001 lucem
1736 4943 1875 5000 inexstin-‚

214 5049 262 5096 ent
280 5055 342 5112 spes
362 5039 526 5096 mercenarie
551 5039 595 5109 sit,
616 5039 639 5095 si
660 5053 831 5111 amorenon
855 5039 1014 5108 comitetnr;
1070 5034 1211 5108 guibilem,
1230 5031 1367 5090 voluntate
1391 5046 1485 5102 paoem
1499 5031 1744 5105 imperturbabilem
1769 5047 1867 5089 conse-

215 5134 262 5184 aut
276 5142 352 5187 amor
365 5135 494 5200 tepescat,
511 5127 534 5184 si
549 5126 734 5184 infructuosus
747 5135 865 5198 putetur.
1069 5131 1177 5196 quante,
1201 5121 1331 5178 memoria
1354 5119 1422 5176 fonti
1444 5119 1606 5179 indeficienti
1635 5121 1797 5178 aetornaliter
1820 5120 1865 5177 in·

254 5215 371 5274 1208
381 5217 407 5272 le.
423 5217 508 5273 Porro
522 5215 637 5272 fructum
649 5215 729 5271 talem
740 5218 1016 5287 exspectamusnostri
1069 5215 1200 5270 haerente.
1216 5209 1344 5267 videritis
1358 5225 1417 5277 vos,
1441 5216 1552 5266 rectene
1571 5209 1689 5283 primum
1703 5209 1768 5266 illud
1786 5208 1864 5275 Filio,

217 5303 1017 5378 amoris,qualemipsaquemamsmus,promisit:idearu-
1070 5301 1171 5373 Spiritu
1200 5308 1292 5357 sancto
1319 5315 1447 5371 sequena,
1476 5299 1548 5356 Patri
1567 5299 1692 5356 ultimum
1712 5297 1864 5371 assignetis,

217 5393 1014 5467 rcm.inquiens,plencmefcoaserfcm,clccopitctom,
1069 5393 1109 5444 sic
1131 5396 1221 5444 amen
1250 5395 1279 5444 ut
1302 5386 1368 5442 nihil
1389 5388 1485 5444 horum
1499 5387 1541 5445 vel
1564 5385 1647 5454 Patri,
1674 5387 1715 5442 vel
1730 5386 1808 5454 attio,
1824 5387 1866 5445 rel

218 5481 1016 5557 etsupereffluentemmentiosiacmveatrumficcar,
1071 5475 1182 5548 Spiritui
1201 5483 1296 5533 sancto
1320 5474 1497 5548 subtrahatis3
1525 5489 1560 5532 na
1583 5474 1629 5533 cni
1652 5475 1719 5534 forte
1738 5489 1866 5548 persona-

219 5573 416 5644 telmessum
437 5573 499 5642 istu,
514 5577 546 5628 ut
562 5571 655 5639 audio,
674 5570 725 5630 erit
738 5571 797 5628 aine
812 5585 947 5628 mensura.
963 5571 1016 5628 Sed
1069 5581 1128 5623 rum
1158 5572 1206 5622 aut
1230 5563 1437 5638 plenitudinem·
1450 5563 1553 5621 minuat
1575 5562 1721 5633 distinctio,
1738 5573 1785 5623 aut
1802 5579 1866 5638 pro-

218 5660 299 5718 relim
322 5661 404 5731 scire,
422 5651 502 5734 cnjus
518 5660 558 5718 rei
577 5659 667 5720 futura
689 5661 725 5719 sit
746 5659 793 5720 ills
812 5663 949 5731 mensura,
973 5661 1015 5720 rel
1070 5656 1210 5730 prietatem
1233 5653 1310 5714 tollat
1336 5652 1478 5728 perfectio.
1501 5653 1631 5713 Simulat
1652 5655 1863 5726 hocudvertite,
