3996 6350
74 426 131 486 117
627 431 663 496 IN
680 432 878 497 ditrutam
897 432 1011 496 bedul
1031 431 1138 494 stulto
1156 431 1177 490 1.
1677 430 1728 491 tta

16 595 17 602 ,
71 549 175 624 ligare.
189 553 251 610 Jam
269 553 401 618 adversus
423 555 515 613 hostes
537 563 599 614 tuos
616 556 738 628 dimicat,
755 559 814 630 J'am
830 575 875 616 su·
894 589 918 669 st
936 565 1028 630 tatem,
1049 556 1098 614 sed
1116 553 1271 613 consideret
1285 571 1347 628 quac
1361 556 1396 612 sit
1410 558 1537 618 voluntas
1549 556 1614 627 Dei;
1629 554 1729 612 deinde

72 642 228 712 perborum
242 650 271 701 et
285 643 441 700 sublimium
455 644 523 702 calla
537 652 666 721 tanquam
680 647 731 705 Dei
746 647 832 706 virtus
848 655 876 708 et
933 644 1057 722 pacifica,
1072 660 1128 702 non
1141 644 1283 701 abundans
1294 643 1322 699 in
1336 658 1386 701 sua
1400 661 1494 716 sensu,
1506 646 1555 704 sed
1569 645 1659 704 alieno
1671 659 1729 700 ma·

16 747 18 770 ι
73 728 321 807 sapientiaoaloat.
933 736 976 810 gis
993 734 1171 808 acquiescens
1190 732 1303 791 oonsilio
1316 733 1362 790 vel
1374 733 1487 812 judicio.
1716 721 1718 728 ’

114 822 140 877 l.
158 820 218 900 Duo
232 820 286 877 sint
300 819 348 878 tibi
361 820 464 892 hostes,
489 830 632 894 peccatum
647 831 674 880 et
687 839 773 896 mors,
787 825 816 883 id
835 833 878 884 ιιι
968 828 994 883 6.
1008 823 1115 881 Tertius
1128 839 1262 898 aquamm
1282 837 1347 878 usus
1361 829 1404 879 est
1417 820 1550 898 irrigatio,
1566 837 1648 894 quam
1658 838 1727 894 pro-

16 931 17 962 :
75 922 155 964 mors
179 908 301 981 corporis
331 917 358 966 et
380 909 489 966 animas.
513 913 663 986 Utmmque
691 914 877 972 debellaturus
931 913 1004 972 lecto
1026 915 1143 971 maxime
1165 913 1349 971 necessariam
1370 914 1472 970 habent
1491 909 1605 968 navellae
1623 911 1728 983 planta·

76 995 200 1068 advenit,
215 1003 242 1054 et
256 997 291 1053 ab
308 1003 425 1072 utroque
445 999 559 1056 salvabit
571 1008 598 1058 te
617 1019 623 1060 ε
640 1001 695 1058 noli
720 1002 829 1064 timere.
844 1005 879 1060 Et
932 1003 1042 1060 tiones:
1058 1001 1178 1077 alioquin
1199 1010 1245 1057 aut
1267 1001 1357 1058 minus
1376 999 1530 1074 proficient,
1551 1004 1598 1054 aut
1616 1015 1649 1054 ιι
1670 1005 1727 1055 toto

75 1085 137 1154 jam
163 1085 274 1158 quidem
304 1095 448 1158 peccatum
477 1087 504 1144 in
527 1090 639 1162 propria
661 1107 781 1164 persona
803 1092 877 1165 vicit,
933 1092 1060 1164 peribunt
1084 1109 1142 1166 prae
1169 1087 1299 1149 siccitate.
1330 1088 1439 1160 Quaerat
1471 1104 1540 1162 ergo
1573 1087 1727 1144 devotionis

77 1175 190 1244 quanda
205 1175 354 1232 humanam
364 1185 489 1234 naturam
504 1177 562 1236 sine
576 1180 632 1236 ulla
642 1182 806 1256 contagione
818 1197 879 1239 sus·
933 1195 1028 1253 aquas,
1052 1179 1176 1254 quisquis
1195 1179 1371 1237 seminaverit
1397 1180 1532 1235 bonorum
1550 1191 1665 1248 operum
1679 1191 1726 1230 sc·

77 1263 163 1336 cepit.
178 1263 298 1320 Grandis
319 1265 393 1321 enim
417 1273 529 1338 peccato
552 1267 623 1324 lacta
638 1276 678 1326 est
696 1269 836 1342 violentia,
852 1278 879 1330 et
932 1268 1004 1324 mina
1018 1283 1024 1323 :
1040 1275 1070 1324 ut
1083 1267 1212 1341 irrigatus
1226 1268 1300 1324 tonte
1319 1267 1424 1338 gratiae,
1449 1266 1529 1322 bonae
1543 1262 1726 1322 conversatio-

78 1367 179 1408 revera
200 1361 389 1426 expugnatam
410 1371 470 1412 esse
491 1357 676 1430 cognoscitur,
696 1359 806 1428 quando
826 1375 877 1434 na·
932 1356 976 1412 nis
990 1358 1084 1412 hortus
1108 1371 1163 1412 non
1186 1361 1303 1427 arescat,
1323 1355 1414 1411 sedin
1442 1361 1577 1427 perpetua
1591 1350 1728 1410 viriditate

68 1447 153 1520 tura,
165 1457 247 1514 quam
269 1457 300 1498 se
315 1448 399 1498 totam
422 1442 550 1500 infecisse
565 1453 593 1501 et
616 1460 766 1520 occupasse
780 1446 879 1522 gloria·
932 1444 1064 1518 proficiat.
1077 1443 1143 1502 Orat
1153 1445 1227 1502 enim
1236 1460 1288 1516 pro
1301 1443 1458 1514 hujusmodi
1471 1443 1624 1516 Propheta:
1638 1443 1673 1498 ttt
1683 1441 1728 1499 lto

77 1528 171 1597 batur,
186 1529 222 1584 ab
239 1543 272 1584 eo
285 1529 396 1602 penitas
419 1529 508 1587 ahena
528 1532 556 1587 in
572 1533 679 1591 Christo
700 1533 811 1592 inventa
827 1542 878 1592 est.
933 1533 1090 1595 incaustum
1103 1532 1341 1606 taam,inquiens,
1352 1532 1512 1608 piapaefiot
1522 1531 1675 1606 (Psalmis,
1687 1532 1725 1600 l).

76 1616 184 1672 Dehinc
199 1618 378 1689 persequitur
390 1617 515 1676 inimicos
537 1627 609 1691 tuas,
625 1627 653 1676 et
672 1623 879 1694 comprehendit
931 1621 977 1679 Sic
991 1629 1019 1678 ιι
1034 1621 1061 1677 in
1076 1621 1202 1678 laudibus
1215 1621 1307 1678 Aaron
1324 1619 1403 1694 legis,
1420 1617 1549 1694 quoniam
1564 1617 1727 1676 sacrificium

77 1720 146 1772 θοις
162 1720 215 1762 ιιι
229 1706 397 1768 convertitur
408 1707 497 1764 donec
511 1707 650 1765 deficiant.
665 1710 766 1766 Contra
785 1727 879 1784 pecca·
932 1711 993 1780 ejus
1007 1703 1181 1782 quotidianus
1194 1708 1266 1781 ignis
1272 1707 1429 1779 assumpsit.
1440 1710 1473 1764 ln
1487 1707 1587 1779 quibus
1601 1707 1727 1764 omnibus

77 1803 138 1853 tum
152 1796 285 1854 dimicans
305 1797 333 1852 in
358 1797 565 1856 conversatione
585 1814 645 1868 sua,
669 1799 762 1858 verbis
775 1800 878 1872 pariter
930 1797 998 1855 nihil
1012 1798 1085 1854 aliud
1097 1795 1305 1873 intelligendum
1320 1795 1436 1866 videtur,
1451 1796 1504 1850 nisi
1518 1803 1547 1852 ut
1556 1797 1628 1852 bona
1642 1810 1727 1867 opera

77 1890 107 1940 et
126 1883 260 1958 exemplis
277 1894 432 1958 oppugnau
456 1889 506 1958 sed
525 1887 553 1942 in
578 1887 705 1958 passione
720 1903 769 1944 sua
785 1889 878 1964 alligat
893 1927 916 2007 B
932 1885 1039 1944 terrore
1065 1885 1219 1944 devotionis
1243 1893 1270 1942 et
1297 1883 1442 1942 dulcedine
1466 1883 1614 1958 spiritualis
1632 1882 1727 1956 gratias

76 1972 156 2044 illud,
169 1974 262 2047 alligat
279 1976 362 2048 plane
377 1975 487 2047 fortem,
503 1984 530 2032 et
540 1976 632 2048 diripit
644 1991 709 2034 vasa
724 1980 794 2052 ejus.
817 1980 877 2035 tam
931 1974 1104 2031 condiantur.
1127 1975 1206 2029 Putas
1228 1971 1345 2030 inveniri
1360 1971 1460 2044 poterit
1474 1977 1587 2044 quartus
1610 1970 1682 2041 lons,
1697 1976 1727 2026 ut

75 2077 145 2118 varo
161 2062 259 2120 eodem
273 2063 370 2120 ordine
384 2071 619 2138 mortemquoque
634 2071 745 2139 superat
759 2067 835 2140 prius
848 2069 876 2124 in
930 2063 1087 2134 paradisum
1101 2077 1297 2133 recuperemus
1313 2067 1429 2134 quatuor
1438 2059 1554 2118 fontium
1569 2058 1726 2133 irrigatione

76 2165 107 2206 se
124 2151 195 2222 ipso,
212 2167 275 2208 cum
285 2152 403 2226 resurgit
418 2152 545 2226 primitiae
558 2153 766 2225 dormientium,
777 2163 806 2212 et
818 2156 877 2228 pri·
931 2149 1166 2208 amoenissimuml
1178 2151 1248 2206 llam
1262 2150 1286 2205 si
1302 2157 1443 2206 terrenum
1463 2148 1620 2222 paradisum
1635 2147 1726 2205 denua

76 2240 235 2314 mogenitus
263 2249 432 2298 mortuorum
460 2261 466 2299 :
487 2242 662 2315 postmodum
691 2245 876 2302 debellaturus
929 2241 1009 2298 nobis
1023 2240 1195 2298 reddendum
1215 2254 1270 2297 non
1286 2255 1440 2312 speramus,
1456 2237 1595 2311 quamodo
1610 2253 1726 2309 regnum

74 2344 140 2385 eam
155 2328 259 2402 pariter
273 2330 301 2386 in
310 2331 535 2403 amnibusnobis,
550 2333 660 2406 quando
670 2333 799 2390 videlicet
812 2350 875 2390 sus·
929 2329 1062 2386 caelorum
1076 2328 1268 2402 sperabimus?
1283 2329 1313 2386 st
1328 2333 1453 2398 terrena,
1468 2327 1567 2400 inquit,
1577 2327 1641 2384 dici
1651 2325 1726 2383 uotis

73 2417 172 2475 citabit
190 2419 313 2476 mortalia
336 2435 451 2492 corpora
469 2427 576 2492 nostra,
597 2428 625 2477 et
646 2423 803 2479 destruetur
824 2437 875 2478 no·
929 2421 958 2474 ct
973 2434 1030 2475 aaa
1044 2418 1173 2485 creditis·
1190 2415 1334 2491 quomodo,
1350 2417 1376 2473 si
1389 2417 1486 2474 dixero
1500 2416 1574 2474 voltis
1590 2415 1724 2480 calestia,

71 2507 189 2566 vissima
203 2508 313 2566 inimica
326 2525 408 2565 mors.
420 2509 568 2581 Propterea
577 2510 650 2566 enim
665 2525 812 2581 resurgens
827 2511 876 2568 de·
929 2506 1150 2575 caecinnae.
1160 2521 1202 2575 111,
1215 2507 1268 2574 ιι).
1278 2505 1464 2574 Nuncautem,
1473 2510 1504 2560 ut
1513 2505 1549 2559 de
1559 2501 1726 2560 exhibitione

72 2612 172 2654 aorem
185 2598 297 2655 indutus
307 2605 359 2676 est,
375 2614 431 2657 non
443 2599 524 2670 (sicut
538 2608 619 2654 antea
631 2602 758 2669 nascens)
775 2600 874 2672 pannis
928 2593 1105 2666 ptaesentitlm
1119 2592 1197 2648 firma
1220 2592 1437 2665 sitenspectatio
1459 2590 1630 2659 fulufflfflmi
1645 2585 1725 2664 Pala·

73 2685 215 2743 involutus
229 2692 280 2745 est.
297 2687 446 2758 Propterea
460 2687 508 2760 qui
522 2687 597 2759 prius
606 2688 667 2746 sinu
681 2687 876 2746 misericordia
929 2682 1019 2738 disum
1042 2682 1175 2737 habemus
1195 2681 1280 2738 multo
1303 2681 1446 2738 meliorem
1461 2687 1489 2737 et
1506 2680 1588 2752 lange
1603 2679 1723 2736 delecta·
1827 2701 1831 2710 ·

75 2774 209 2830 adluebat
223 2790 278 2831 non
291 2775 419 2845 judicans
438 2791 615 2849 quemquam,
641 2791 788 2849 resurgens
801 2795 875 2850 prae·
928 2769 1064 2840 bilibrem,
1080 2785 1162 2841 quam
1181 2769 1261 2841 primi
1280 2775 1409 2840 parentas
1427 2770 1592 2838 habuerunt,
1608 2776 1637 2825 et
1650 2782 1725 2841 para-

77 2861 161 2918 cinrit
175 2879 216 2932 se,
238 2869 266 2918 et
288 2861 399 2934 justitiae
419 2862 529 2937 cingulo
550 2862 657 2920 videtur
673 2865 875 2937 quodammodo
928 2858 1006 2915 disus
1031 2864 1124 2915 noster
1148 2857 1271 2916 Christus
1292 2857 1423 2913 Dominus
1447 2863 1499 2912 est.
1528 2856 1560 2912 ln
1587 2871 1641 2928 qua
1670 2863 1726 2914 tres

78 2951 237 3008 ettluentem
251 2949 342 3006 sinum
352 2949 547 3007 misericordiae
562 2947 708 3024 collegisse
724 2953 874 3025 :quoniam
929 2947 1041 3018 quidem
1056 2947 1145 3003 tontes
1158 2946 1216 3018 jam
1229 2945 1384 3002 invenimus
1399 2965 1407 3001 ι
1420 2949 1548 3017 quartum
1559 2960 1725 3018 queramus.

77 3046 177 3096 extunc
199 3045 361 3112 preparatur
377 3039 411 3093 ad
425 3037 568 3109 judicium,
588 3038 661 3112 quod
680 3039 708 3096 in
723 3046 817 3096 nostra
833 3058 875 3097 re-
928 3035 1066 3092 Habemus
1076 3034 1110 3091 de
1122 3034 1196 3092 ionte
1210 3033 1449 3092 misericordiaead
1460 3032 1604 3090 diluendas
1618 3032 1723 3104 culpas,

76 3128 246 3185 surrectione
257 3125 378 3184 iutumm
394 3135 444 3184 est.
460 3127 529 3183 Nam
544 3135 571 3185 et
586 3136 732 3201 propterea
744 3129 874 3202 parvulus
927 3139 1012 3198 aquas
1027 3125 1212 3196 remissionis;
1232 3124 1365 3181 habemus
1378 3123 1412 3180 de
1437 3122 1511 3182 faute
1526 3123 1667 3197 sapientia
1689 3123 1723 3178 ad

77 3215 258 3296 anteamvenit,
279 3223 308 3272 ut
322 3214 538 3272 misericordiam
552 3225 735 3292 praemgaret3
754 3224 782 3273 et
795 3215 869 3274 iutu·
928 3212 1075 3286 potandam
1101 3211 1173 3269 sitim
1197 3219 1328 3283 nostram,
1354 3228 1439 3285 aquas
1464 3211 1650 3284 discretionis,
1676 3211 1725 3266 ha·

77 3321 137 3361 rum
152 3304 180 3360 id
194 3303 389 3377 linejadioium
403 3319 585 3377 praecurrens,
601 3303 790 3362 misericordia
805 3313 874 3362 tem·
927 3302 1025 3359 bemus
1038 3302 1072 3359 de
1087 3301 1162 3359 fonte
1180 3302 1276 3376 gratiae
1292 3301 1328 3356 ad
1346 3299 1499 3374 irrigandas
1514 3301 1620 3375 plantas
1633 3301 1723 3358 bona·

76 3399 195 3466 peraret.
307 3447 309 3454 ,
927 3408 988 3448 rum
1012 3406 1136 3464 operum,
1152 3407 1237 3464 aquas
1260 3390 1410 3448 devotionis
1427 3408 1433 3450 :
1450 3405 1604 3463 queramus
1625 3389 1660 3444 ad
1674 3388 1723 3445 de-

110 3486 137 3540 h
154 3481 230 3540 Licet
244 3482 319 3540 euim
333 3480 463 3554 parvulus
486 3481 521 3536 ad
545 3496 596 3538 nos
618 3479 733 3552 venerit,
749 3497 805 3538 non
820 3497 872 3555 pa·
927 3479 1087 3554 coquendos
1095 3479 1171 3537 cibos
1181 3495 1266 3553 aquas
1279 3479 1427 3550 ferventes,
1438 3493 1524 3552 aquas
1531 3476 1720 3535 emulationis.

77 3587 137 3627 mm
160 3563 254 3627 tamen
277 3570 375 3642 attulit,
399 3585 455 3626 non
473 3585 570 3641 pamm
598 3569 714 3626 contulit
738 3569 827 3630 nobis.
844 3571 873 3628 Si
927 3566 974 3623 Hae
989 3567 1118 3626 nimimm
1136 3567 1268 3624 condiunt
1288 3574 1315 3624 et
1329 3567 1485 3641 decoquunt
1498 3564 1658 3622 affectiones
1672 3578 1723 3620 no·

77 3660 177 3731 quaeris
190 3659 256 3733 quid
279 3659 388 3718 attulit:
405 3657 494 3731 primo
517 3658 640 3714 omnium
658 3658 747 3715 attulit
764 3658 873 3718 miseri·
927 3663 1006 3727 stras,
1018 3664 1045 3714 et
1060 3655 1193 3714 ebulliunt
1206 3655 1241 3714 de
1256 3655 1331 3714 tonte
1346 3655 1495 3713 charitatis.
1512 3653 1591 3712 Unde
1605 3654 1643 3709 ait
1659 3653 1722 3708 Pro-

64 3749 210 3818 .cordiam,
239 3747 392 3804 secundum
413 3762 505 3818 quam,
535 3752 604 3802 teste
628 3735 758 3818 Apostolo
784 3749 874 3808 saluos
927 3746 1027 3816 pheta:
1042 3745 1554 3814 dcacalaitcormaatnintranaa,·et
1567 3743 1723 3800 inmedita-

80 3855 128 3894 nos
146 3839 217 3910 fecit
230 3838 298 3909 (Tit.
321 3851 363 3906 ιιι,
380 3837 420 3908 5).
436 3837 533 3907 Neque
543 3834 617 3891 enim
630 3835 672 3890 his
687 3841 793 3892 tantum
807 3852 873 3909 pro·
922 3834 1005 3894 'tione
1018 3851 1082 3894 meo
1096 3835 1260 3893 exardescet
1274 3837 1347 3908 iguis
1360 3835 1443 3904 (Psoi.
1459 3847 1584 3903 xxxvrrr,
1602 3833 1644 3903 ι);
1659 3830 1723 3887 alibi

79 3927 136 4000 luit,
153 3943 224 4000 quos
248 3934 312 3982 tunc
338 3939 461 3997 praesens
476 3923 594 3993 invenit;
619 3923 668 3979 sed
693 3923 755 3980 lons
770 3931 813 3982 est
828 3924 875 3996 qui
927 3938 1054 3996 quoque:
1069 3923 1162 3993 Zetus,
1173 3921 1720 3996 inquit,domustuoecomcditmclPaat.

79 4031 217 4088 nunquam
232 4011 332 4087 poterit
347 4011 494 4077 exhauriri.
510 4012 582 4069 Fons
600 4011 679 4069 nabis
691 4018 733 4068 est
752 4011 874 4070 Christus
927 4013 1097 4084 arvando).
1123 4011 1265 4084 Siquidem
1284 4027 1318 4067 ex
1335 4009 1480 4067 dulcedine
1494 4009 1647 4067 devotionis
1660 4005 1722 4064 dili-

80 4104 209 4161 Dominus
238 4103 311 4158 unde
333 4101 466 4172 lavemur,
490 4099 560 4157 sicut
573 4099 705 4172 scriptum
729 4108 794 4158 est:
822 4103 875 4172 Qui
927 4117 997 4174 gens
1010 4099 1153 4170 justitiam,
1177 4115 1209 4156 ιι
1231 4099 1339 4157 lervore
1362 4097 1543 4156 aemulationis
1563 4095 1625 4154 odio
1641 4095 1723 4153 habet

80 4193 246 4262 dileattnos,
257 4193 422 4250 ottavitaas
432 4192 575 4265 apaocctia
584 4191 792 4262 uostrisfflpac.
803 4206 823 4261 ι,
833 4193 871 4264 5).
927 4188 1108 4260 iniquitatem.
1125 4189 1158 4243 Et
1171 4187 1232 4245 vide
1248 4205 1284 4245 ne
1300 4187 1370 4244 forte
1385 4188 1419 4244 de
1435 4187 1555 4244 lantibus
1576 4186 1636 4242 istis
1649 4200 1722 4256 pran-

82 4277 272 4338 llemmtamen
291 4298 345 4338 non
360 4281 411 4337 iste
434 4280 507 4337 solus
522 4294 654 4352 aquarum
669 4285 711 4334 est
726 4295 806 4346 usus;
822 4295 874 4337 nec
927 4277 1026 4332 dixerit
1035 4277 1118 4332 isaias
1129 4292 1135 4331 :
1148 4278 1290 4336 llaarictt's
1300 4294 1388 4350 aquas
1399 4279 1428 4333 ia
1439 4278 1541 4350 guadio
1550 4277 1584 4334 de
1595 4274 1723 4348 sontibus

82 4377 183 4427 tantum
204 4370 302 4428 sardes
325 4369 448 4439 abluunt,
472 4368 522 4426 sed
545 4375 574 4424 et
596 4367 667 4426 sitim
686 4367 872 4442 exstinguunt.
928 4366 1091 4424 salvatoris.
1115 4365 1184 4421 Nam
1207 4373 1238 4420 ut
1258 4365 1469 4437 promissionem
1483 4366 1554 4422 hanc
1576 4364 1639 4420 vitae
1653 4378 1723 4434 prae·

81 4459 263 4536 Beutasverc,
274 4457 445 4531 aitSapiens,
456 4459 693 4532 quitasapt'eatia
703 4457 871 4523 morabitur,
927 4452 1013 4511 sentis
1028 4470 1089 4511 esse
1112 4454 1231 4528 noveris,
1247 4470 1302 4510 non
1317 4453 1425 4524 suturae,
1442 4452 1508 4510 illud
1523 4454 1634 4510 attende
1650 4449 1723 4525 quod
1816 4441 1819 4445 ’

82 4553 108 4606 et
117 4550 163 4622 qui
171 4551 325 4622 injustitia
334 4547 628 4617 rachtadt'tarlllccla'.
639 4545 801 4620 xrv,tt);et
811 4553 873 4618 post
927 4541 1725 4616 sequitur:Dicetiaict'ttadt'e:Confitemtaillomiaaet

82 4653 178 4706 pauca:
190 4639 279 4713 Aqua,
294 4637 391 4710 inquit,
407 4639 556 4710 sapientia·
569 4637 709 4697 salutaris
718 4635 826 4708 potabit
835 4635 872 4691 t't·
889 4637 912 4714 n
928 4624 1318 4705 icuccotc'aomanejas(lsai.
1330 4648 1383 4701 ιιι,
1395 4636 1422 4702 3,
1434 4633 1469 4700 l).
1479 4629 1724 4701 luvocatioquippe

84 4727 139 4784 tam
152 4727 251 4799 (dccli.
267 4743 316 4796 xv,
335 4725 373 4799 ³).
389 4725 463 4784 Bene
477 4726 626 4798 saptentiae
640 4724 789 4795 salutaris,
805 4740 874 4797 quo·
928 4721 1072 4797 praesentis
1085 4720 1215 4792 temporis
1233 4729 1285 4790 est,
1300 4720 1370 4777 sicut
1388 4720 1519 4792 scriptum
1535 4724 1598 4774 est:
1620 4717 1724 4776 latcca

85 4815 154 4870 niam
168 4813 301 4886 sapientia
316 4813 406 4870 carnis
427 4828 502 4869 mors
516 4821 567 4884 est,
590 4821 618 4868 et
632 4811 766 4886 sapientia
779 4812 874 4868 mundi
929 4830 975 4870 mc
989 4798 1020 4867 t'a
1030 4811 1076 4867 dio
1091 4810 1283 4869 tribulationis
1305 4811 1393 4879 (Psal.
1409 4823 1482 4878 ιιιιι,
1500 4807 1555 4880 to).

85 4903 231 4978 etiamipsa
246 4900 356 4958 inimica
370 4910 412 4958 ιιι
424 4903 493 4961 beo.
509 4900 572 4958 Sola
582 4917 644 4975 quae
659 4917 692 4958 ex
707 4901 767 4959 Deo
778 4907 819 4958 est
833 4917 876 4956 sa·
963 4902 992 4955 l.
1020 4899 1104 4956 Porro
1124 4914 1158 4954 ιιι
1181 4897 1223 4952 his
1237 4905 1354 4970 quatuor
1377 4897 1507 4967 lontibus,
1534 4905 1589 4952 tres
1612 4895 1723 4970 quidem

86 4993 182 5064 pientia
207 4991 334 5048 salutaris
357 4999 408 5060 est,
433 5007 493 5063 quae
516 4990 667 5048 secundum
691 4990 764 5048 beati
782 4989 875 5048 Jacohi
929 4988 1039 5062 proprie
1062 4977 1210 5045 convenire
1230 4985 1357 5043 videntur
1372 4985 1458 5042 tribus
1472 4978 1602 5042 Ecclesiae
1619 4985 1724 5042 ordini·

87 5081 267 5139 definitionem
287 5081 418 5154 primum
440 5081 553 5154 pudica,
576 5081 678 5138 deinde
699 5081 819 5154 pacifica
833 5085 875 5137 est
928 5077 991 5146 bus,
1002 5073 1101 5150 singuli
1115 5073 1316 5152 singulis(10·).
1328 5075 1397 5130 Nam
1410 5075 1515 5148 primus
1525 5074 1637 5148 quidem
1650 5089 1725 5132 com·

86 5172 181 5242 (Jacob.
198 5187 240 5241 ιιι,
254 5170 308 5244 l'l).
325 5172 395 5227 Nam
410 5168 542 5242 sapientia
550 5169 640 5226 carnis
649 5170 811 5242 voluptuosa
821 5175 872 5240 est,
929 5165 1019 5222 munis
1034 5172 1076 5220 cst
1090 5163 1226 5221 omnibus.
1242 5163 1271 5220 ln
1284 5149 1464 5220 multis'enim
1477 5163 1643 5220 offendimus
1660 5178 1721 5218 om·

16 5319 17 5336 ,
86 5273 136 5314 non
154 5259 269 5332 pudica:
287 5257 419 5331 sapientia
433 5256 528 5312 mundi
544 5255 627 5314 m
642 5260 807 5313 tumultuosa
822 5264 872 5327 est,
929 5271 999 5311 nes:
1017 5261 1044 5310 et
1059 5253 1246 5310 necessarium
1261 5253 1394 5309 habemus
1408 5252 1604 5310 misericordiae
1619 5251 1722 5308 iontem

16 5339 17 5418 j
87 5362 138 5403 non
152 5347 273 5422 pacifica.
298 5345 435 5419 Sapientia
458 5362 524 5404 vero
538 5363 600 5418 quae
614 5360 647 5402 ιιι
669 5348 727 5403 Dea
747 5353 799 5414 est,
815 5346 874 5417 pri·
930 5342 964 5398 ad
979 5340 1322 5422 diluendas-cilensionum
1337 5341 1441 5399 sordes.
1463 5342 1575 5410 Οιιιιιιι,
1598 5339 1722 5413 inquam,

16 5427 18 5498 Ϊ
89 5452 158 5492 mum
172 5436 269 5509 pudica
287 5445 337 5508 est,
364 5453 417 5494 non
434 5451 561 5509 quaerens
575 5451 637 5509 quae
660 5453 711 5491 sua
732 5443 805 5503 sunt,
826 5434 874 5490 sed
929 5430 1113 5505 peccavimus,
1129 5436 1157 5485 et
1166 5445 1279 5500 egemus
1291 5429 1377 5502 gloria
1393 5429 1441 5486 Dei
1453 5433 1540 5498 (Rom.
1555 5445 1600 5500 ιιι,
1617 5433 1679 5498 23);
1698 5438 1726 5486 ιι

16 5523 19 5620 L
90 5541 146 5596 quan
158 5527 220 5582 lesu
231 5525 339 5595 Christi,
355 5533 449 5583 utnon
464 5541 542 5580 suam
557 5524 672 5598 quisque
681 5522 763 5579 iaciat
775 5521 873 5579 valun-
929 5520 1043 5595 praelati,
1069 5527 1097 5576 et
1109 5519 1291 5589 continentes,
1321 5526 1349 5576 et
1362 5517 1512 5592 conjugati,
1538 5519 1561 5598 si
1576 5519 1727 5577 dixerimus

16 5673 19 5802 ζ
124 5707 185 5778 (ιι)
207 5704 308 5764 Confer
322 5720 478 5762 sermonem
497 5683 535 5761 'ta
553 5704 588 5760 de
609 5702 742 5774 Diversis,
764 5703 810 5759 ubi
824 5703 875 5758 has
889 5699 979 5758 lantes
993 5699 1072 5756 aliter
1085 5698 1210 5771 explicat.
