3996 6350
281 429 334 492 ¹¹5
750 417 780 478 8.
799 413 969 478 studiant
986 413 1122 478 mutuis
1140 415 1453 486 tntumvattttttsts
1912 425 1958 486 tlt

279 570 313 610 er
325 568 358 610 ea
371 563 479 624 quoque
493 561 549 604 non
558 545 753 622 dedignabitur
766 543 851 602 nasci.
870 541 958 600 Nemo
972 539 1075 598 aeneid
1095 556 1119 636 st
1134 545 1251 606 vidatur.
1265 547 1415 620 Dividetur,
1431 547 1553 624 iuquam,
1568 565 1625 608 non
1637 550 1710 609 inter
1731 556 1884 622 utraque,
1910 551 1954 604 sei

278 644 331 702 sibi
352 656 481 715 arrogare
495 646 654 714 prasumat,
669 636 721 694 uisi
735 653 803 709 quos
816 635 874 709 ipse
889 632 999 709 speciali
1009 629 1079 688 desi·
1133 637 1310 709 abutriaque.
1325 639 1474 712 Expulsum
1485 640 1568 712 enim,
1588 647 1617 698 et
1639 640 1798 710 exaltatum,
1832 645 1872 694 et
1898 637 1954 694 ele-

277 731 407 807 gantioue
444 739 576 804 tanquam
601 729 686 802 digito
726 723 930 796 monstmverit,
961 723 1075 780 diceus:
1132 735 1233 799 ratuni,
1249 736 1277 786 et
1296 729 1406 802 quidem
1429 729 1536 788 modice
1560 729 1636 800 satia,
1661 738 1754 787 tamen
1772 736 1805 785 ιιι
1836 742 1905 782 nec
1929 727 1951 782 iu

278 826 348 882 Ecce
364 826 458 880 muter
476 836 549 887 meu,
569 825 597 877 ct
623 823 730 893 fratres
751 819 807 875 mei
820 814 931 888 (liattlt.
946 829 999 883 xtr,
1019 813 1075 885 lt).
1132 817 1186 873 tuis
1210 825 1285 876 esset
1307 819 1454 890 moeuibus,
1478 835 1530 877 uec
1547 819 1576 876 in
1602 827 1687 890 terra,
1710 818 1786 876 ierro
1812 816 1952 888 undique

279 911 441 968 Enimvero
454 907 516 966 audi
534 924 619 965 nuum
650 925 684 965 er
711 905 793 965 istis:
815 905 913 964 Filiola'
935 905 1002 973 ιιιεί,
1027 902 1075 972 ait,
1131 905 1284 974 coarctasti,
1309 921 1344 961 ne
1366 905 1436 963 lorte
1464 906 1507 964 vel
1532 907 1647 964 haenel
1671 907 1734 963 illac
1762 903 1948 964 excederet:
1974 903 1975 934 l

279 1003 461 1076 qoositcrum
478 1001 619 1073 parturio,
634 999 720 1055 donce
738 998 880 1068 sumetur
901 992 1032 1050 Christus
1045 993 1078 1048 io
1131 1001 1161 1051 ut
1174 993 1327 1052 videlieata
1341 999 1368 1051 te
1391 1005 1543 1069 separatus,
1564 997 1599 1053 ad
1622 1003 1750 1053 neutram
1774 994 1947 1066 pervenire

279 1089 529 1164 subtumulatur,
546 1090 599 1155 lt).
617 1086 644 1143 Si
663 1086 737 1142 enim
748 1081 1014 1142 nascividebaturiu
1025 1079 1076 1150 eis,
1130 1081 1248 1138 illarum.
1263 1082 1340 1138 Saeva
1355 1082 1483 1140 nimirum
1501 1093 1590 1142 mater
1602 1085 1641 1142 ita
1664 1083 1826 1142 abortivum
1852 1082 1945 1138 iacere

279 1195 343 1236 cum
366 1178 536 1235 formabatur
564 1175 688 1232 christus
708 1174 736 1229 iu
763 1173 823 1243 eis3
857 1170 994 1244 quomodo
1022 1184 1077 1225 non
1131 1171 1324 1241 voluisti,dum
1339 1181 1480 1230 narrasset
1493 1173 1541 1246 qui
1555 1173 1684 1246 excipere
1706 1181 1806 1246 posset
1835 1187 1945 1228 excus-

280 1267 410 1324 etiamab
425 1281 458 1322 eo
472 1263 597 1320 similiter
610 1263 685 1320 nasci
701 1278 764 1320 eum
778 1261 869 1317 dicere
890 1260 951 1333 quis
973 1275 1079 1332 praesu·
1131 1278 1201 1318 sum.
1218 1263 1277 1334 Age
1300 1275 1377 1335 ergo,
1401 1261 1467 1336 quid
1494 1262 1653 1336 proieceris,
1673 1261 1728 1320 imo
1759 1278 1854 1336 quam
1881 1263 1943 1318 nihi

280 1364 337 1414 mat
351 1356 440 1430 quiin
458 1353 525 1426 ipsis
546 1351 748 1428 quodammodo
775 1347 966 1424 parturiebat?
992 1346 1078 1406 116
1132 1349 1281 1424 proieceris
1299 1350 1416 1408 intuere.
1432 1351 1558 1426 Undique
1580 1352 1655 1410 enim
1674 1353 1868 1424 egrediuntur
1885 1350 1943 1407 iilia
1974 1377 1975 1382 1

280 1447 315 1501 Ει
330 1453 358 1500 tu
372 1444 492 1518 quidem,
508 1442 588 1515 impia
610 1443 766 1516 synagoga,
792 1441 865 1496 bunc
888 1437 969 1496 nobis
993 1436 1078 1494 filium
1132 1441 1206 1512 Sion,
1224 1447 1254 1497 ut
1272 1441 1384 1498 videant
1406 1458 1501 1514 regem
1525 1442 1701 1500 Salomonem
1716 1440 1756 1497 in
1776 1441 1941 1498 diademate

279 1531 420 1605 peperisti,
445 1530 533 1587 oliicio
552 1529 664 1602 quidem
685 1527 791 1598 matris,
826 1529 875 1584 scd
901 1543 956 1585 non
983 1528 1079 1586 matris
1132 1545 1188 1602 quo
1209 1529 1345 1587 coronasti
1374 1547 1447 1588 eum.
1474 1531 1644 1604 delinquens
1667 1537 1783 1588 matrem
1815 1529 1941 1585 adhaeret

280 1619 390 1677 affectu.
405 1619 555 1676 Excussisti
569 1636 634 1678 eum
653 1619 688 1676 de
704 1620 766 1675 sinu
782 1627 837 1688 tuo,
853 1625 930 1675 extra
943 1617 1080 1678 civitatem
1132 1620 1211 1678 uxori
1221 1636 1287 1690 suae,
1314 1628 1344 1676 ut
1362 1621 1417 1678 sint
1439 1621 1493 1678 duo
1515 1621 1542 1677 in
1561 1636 1644 1678 carne
1667 1635 1740 1692 una,
1773 1623 1804 1676 et
1824 1618 1941 1676 civitate

280 1710 405 1783 ejiciens,
421 1717 449 1767 et
463 1709 574 1768 elevans
594 1725 677 1782 super
701 1717 812 1779 terram,
841 1716 970 1782 uuquam
985 1710 1080 1770 diceus
1132 1711 1239 1784 pulsus,
1273 1716 1356 1782 atque
1387 1710 1521 1766 exaltatus
1544 1709 1631 1784 (ulica
1658 1709 1774 1779 leuatus)
1798 1724 1818 1763 a
1855 1715 1940 1771 terra,

280 1799 407 1857 Ecclesiae
421 1799 556 1872 gentium,
571 1798 673 1872 pariter
688 1806 715 1856 et
724 1798 857 1856 Ecclesiae
880 1800 1080 1873 primitivorum
1133 1799 1225 1859 omnia
1246 1799 1327 1856 trabit
1343 1799 1378 1856 ad
1401 1816 1442 1870 se,
1472 1799 1571 1873 quippe
1596 1798 1643 1872 qui
1670 1805 1712 1856 εει
1733 1815 1821 1873 super
1850 1799 1940 1856 omnia

280 1905 342 1962 quae
356 1896 399 1947 est
412 1888 440 1945 iu
453 1887 549 1946 coelis:
564 1888 622 1945 Nec
635 1885 711 1958 mibi,
727 1903 778 1945 nea
797 1887 875 1946 uobis
895 1889 941 1960 sit,
958 1892 1007 1949 sed
1036 1893 1078 1949 di·
1133 1889 1294 1948 benedictus
1302 1889 1376 1946 Deus
1390 1890 1419 1946 in
1428 1888 1536 1947 soeoula.
1550 1892 1650 1948 Amen.

860 2054 901 2122 ut
932 2017 1168 2127 maurusius
1196 2053 1347 2124 nouum.

601 2190 720 2250 Sfflo
740 2193 751 2247 1
1097 2181 1119 2259 p
1136 2162 1237 2237 sapius
1254 2159 1395 2218 inuenies:
1413 2159 1467 2232 Epo
1477 2160 1623 2230 Dominus,
1640 2161 1694 2233 Epo
1704 2159 1858 2217 Dominus
1874 2157 1936 2214 Phi-

755 2233 762 2247 ’
1134 2251 1255 2324 losopbis
1269 2245 1630 2322 quoqueabundantibusin
1644 2263 1728 2304 sensu
1741 2261 1792 2303 suo
1801 2247 1936 2317 majestas

496 2317 533 2373 ⁰³
551 2315 678 2388 smmi
700 2315 864 2376 salvam·
1133 2340 1259 2410 innotuit,
1274 2337 1402 2412 quoniam
1413 2335 1490 2410 juxta
1505 2335 1729 2408 Apostoliverba,
1746 2335 1822 2409 quod
1834 2340 1934 2392 notum

320 2426 345 2477 l.
374 2420 493 2480 Grandis
517 2420 629 2494 quidem
656 2429 708 2493 eat,
736 2423 914 2498 dilectissimi,
946 2429 1080 2488 hodierna
1132 2426 1443 2498 astDei,muuisestum
1452 2427 1494 2481 est
1508 2423 1935 2498 inillis(ilom.1,ltl).llerum·

282 2509 431 2567 Dominicae
453 2507 605 2566 Natiuitatis
624 2511 799 2586 solemnitas;
829 2517 879 2572 sed
902 2515 963 2575 dies
987 2519 1079 2577 brevia
1134 2527 1224 2574 tamen
1239 2525 1268 2573 et
1281 2515 1368 2572 ludaei
1378 2519 1514 2585 potestate
1538 2512 1596 2584 ipsa
1619 2513 1829 2584 premebantur,
1842 2520 1874 2568 et
1883 2513 1935 2584 pbi-

283 2599 356 2673 cogit
370 2599 495 2658 breviare
508 2613 675 2658 sermonem.
700 2601 757 2660 Nec
778 2604 890 2675 mirum,
917 2607 941 2663 si
965 2607 1080 2666 iacimus
1132 2603 1239 2678 losopbi
1254 2611 1419 2661 scrutatores
1433 2601 1584 2673 majestatis
1598 2601 1825 2674 opprimebantur
1844 2618 1863 2657 a
1877 2602 1933 2672 plo-

283 2704 334 2747 nos
348 2688 431 2746 breve
446 2689 571 2760 verbum,
592 2690 703 2764 quando
721 2699 749 2749 et
766 2693 838 2750 Deus
856 2696 937 2752 Pater
959 2697 1079 2756 Verbum
1134 2695 1183 2751 ria
1200 2695 1323 2750 Potestas
1337 2689 1545 2763 subjectionem,
1561 2691 1691 2762 majestas
1712 2689 1798 2764 erigit
1810 2689 1932 2746 admira-

284 2777 348 2835 iccit
360 2776 558 2836 abbreviatum.
573 2778 661 2835 Vultis
672 2795 752 2836 nosse
765 2797 848 2853 quam
860 2781 982 2859 longum,
997 2803 1079 2860 quam
1134 2784 1246 2853 tionem,
1274 2790 1374 2839 neutra
1396 2780 1589 2837 imitationem.
1619 2779 1770 2853 Appareat,
1805 2780 1930 2840 Domine.

284 2869 369 2925 breue
382 2866 1081 2950 iecitldoelam,iuquitboelerbum,etterrumepo
1135 2873 1251 2942 bouitas,
1271 2870 1314 2928 eui
1336 2868 1423 2942 possit
1446 2871 1538 2939 bomo,
1563 2870 1611 2941 qui
1625 2868 1659 2924 ad
1683 2867 1835 2942 imaginem
1864 2879 1931 2924 tuum

203 2953 207 2959 ’
284 2957 389 3031 impleo
401 2956 512 3026 (ierem.
524 2972 609 3026 narrt,
620 2958 678 3029 at).
693 2956 772 3015 Nune
785 2973 849 3016 caro
868 2960 978 3032 iactum,
989 2964 1016 3019 in
1035 2979 1082 3022 au·
1135 2966 1307 3030 creatusest,
1338 2956 1521 3014 conformari:
1551 2973 1614 3012 nam
1641 2957 1816 3027 majestatem
1844 2967 1932 3029 polea

285 3052 366 3120 gusto
384 3044 502 3104 locatum
517 3045 652 3117 praesepio
670 3047 753 3104 estd
769 3051 921 3122 saeculo,ait
937 3050 1079 3124 Propheta,
1136 3057 1230 3120 tatem,
1246 3047 1409 3122 sapientiam
1424 3061 1475 3103 nec
1489 3045 1591 3102 imitari
1610 3061 1763 3118 possumus,
1779 3061 1834 3102 nec
1848 3061 1932 3118 erpe-

286 3136 357 3194 ctio
375 3137 555 3196 soeculumtu
568 3137 777 3210 erbeusffsol.
793 3143 949 3209 exanimi,
964 3149 1082 3198 :etecoe
1136 3140 1176 3197 dit
1203 3136 1334 3196 aemulari.
1365 3135 1513 3207 Quousque
1532 3143 1649 3209 anguem
1672 3141 1714 3191 ast
1747 3134 1933 3192 misericordia

289 3223 376 3280 iactus
391 3229 434 3280 est
447 3222 537 3278 inians
552 3223 607 3280 diei
626 3223 717 3280 unius.
739 3226 780 3281 Ad
795 3225 860 3299 quid
880 3228 940 3297 boc,
970 3228 1081 3299 fratres,
1137 3237 1182 3286 tua
1199 3228 1228 3284 in
1243 3227 1300 3284 sola
1314 3224 1475 3300 angelorum
1490 3232 1577 3297 parte,
1597 3224 1730 3298 reliquam
1751 3231 1870 3297 occupat
1889 3226 1932 3294 iu-

289 3319 335 3368 aut
348 3329 410 3384 quae
424 3311 572 3370 necessitas
587 3313 637 3369 luit
656 3322 684 3370 ut
702 3313 742 3370 sio
758 3313 919 3387 exinaniret,
935 3317 974 3374 sic
993 3317 1082 3374 bumi-
1137 3319 1237 3378 dicium
1250 3333 1313 3376 cum
1323 3325 1379 3374 toto
1395 3315 1496 3388 pariter
1509 3317 1629 3372 humano
1649 3311 1779 3388 general
1804 3317 1932 3378 boariae.

288 3401 376 3472 lieret,
387 3402 608 3461 sicabbreuiaret
622 3420 652 3460 se
668 3404 801 3461 Dominus
815 3407 976 3476 majestatis,
994 3407 1046 3465 nisi
1055 3416 1084 3465 ut
1138 3411 1169 3466 in
1182 3410 1249 3466 coelo
1259 3403 1458 3464 'misericordia
1474 3409 1537 3475 tau,
1560 3409 1588 3462 et
1603 3406 1708 3462 veritus
1723 3407 1776 3460 tuo
1794 3404 1933 3477 usquead

288 3477 338 3547 nos
351 3491 475 3548 similiter
498 3491 625 3549 iacietis?
644 3493 703 3548 laur
730 3493 828 3550 obmat
841 3494 977 3568 exemplo,
1010 3499 1083 3570 quod
1100 3527 1122 3605 Β
1138 3499 1223 3556 nubea
1245 3497 1334 3570 (Paul.
1356 3509 1449 3564 xxxv,
1481 3495 1520 3566 b),
1546 3491 1626 3550 111
1653 3500 1755 3550 terram
1778 3492 1932 3548 uniuersam

290 3579 1085 3662 postmodnmpraedioaturusestverbo.liisca'tcumepoiu
1137 3587 1337 3656 condemnans,
1360 3593 1389 3640 et
1411 3597 1507 3641 aereas
1526 3589 1685 3655 potestates.
1701 3581 1803 3637 Dilatet
1830 3580 1933 3636 miseri·

290 3669 372 3726 mita‘s
390 3670 874 3745 rumellumiliscordellluttls.xr,
894 3675 1084 3748 aemularer
1137 3675 1230 3734 cordia
1252 3674 1383 3734 terminos
1405 3688 1480 3744 suos,
1514 3671 1644 3730 extendat
1672 3669 1764 3738 lunas,
1799 3670 1933 3742 expandat

290 3756 442 3813 inveniatur
463 3758 511 3832 qui
529 3757 612 3816 dicit:
630 3762 719 3834 capet
737 3762 817 3818 lesos
828 3767 934 3834 (acere,
949 3769 977 3822 et
987 3765 1084 3822 docere
1137 3765 1223 3835 sinus,
1237 3765 1351 3839 attingat
1365 3777 1381 3818 a
1397 3761 1450 3820 fine
1465 3777 1552 3834 usque
1568 3760 1603 3817 ad
1617 3757 1700 3816 finem
1710 3757 1827 3827 fortiter,
1838 3758 1932 3831 dispo-

290 3845 364 3918 (Act.
383 3860 402 3918 ι,
423 3848 462 3921 t).
484 3848 606 3906 Obsecro
632 3849 748 3923 proinde
776 3857 805 3906 et
830 3850 977 3923 plurimum
1005 3869 1083 3930 rogo,
1137 3853 1308 3912 uansomnia
1321 3849 1449 3909 suaviter.
1465 3850 1617 3908 llestrietus
1631 3855 1684 3916 est,
1713 3846 1842 3916 Domine,
1865 3845 1933 3918 judi·

241 3957 244 3964 ·
289 3935 396 4007 tratres,
419 3952 475 3994 uon
501 3938 640 4010 patiamini
667 3937 728 3996 sine
752 3949 912 3998 causatum
934 3943 1084 4015 pretiosum
1137 3943 1268 4001 eiosiuus
1286 3948 1363 4007 tuus;
1378 3941 1452 3998 solve
1467 3939 1606 4011 cingulum
1626 3946 1712 4008 tuum,
1726 3935 1830 3995 etveni
1854 3935 1934 3992 mise·

288 4025 426 4097 exemplar
439 4027 517 4085 vobis
532 4028 683 4086 exhibitum
698 4044 771 4100 esse,
801 4031 850 4086 sed
874 4029 1084 4089 conformamini
1137 4031 1289 4090 rationibus
1302 4029 1427 4099 affluens,
1443 4027 1683 4102 etsupereillueus
1696 4026 1840 4083 charitate.

287 4115 336 4187 illi,
353 4123 380 4172 et
393 4117 562 4172 renovamini
587 4115 683 4189 spiritu
712 4117 811 4173 mentis
835 4126 942 4176 vestrae.
971 4120 1084 4179 Studete
1173 4127 1202 4180 3.
1216 4120 1269 4192 Qui
1282 4127 1311 4177 tu
1325 4118 1415 4190 times,
1443 4117 1579 4175 obumoi
1604 4115 1668 4190 quid
1684 4115 1805 4186 trepidas
1828 4130 1846 4170 a
1867 4113 1932 4170 faeie

290 4202 444 4273 humilitati,
468 4221 529 4276 quae
546 4204 756 4262 tundamentum
775 4213 817 4261 est
832 4213 978 4281 custosque
1001 4209 1086 4267 viuu-
1137 4209 1256 4282 Domini,
1270 4206 1440 4282 quiareniti
1455 4206 1535 4264 Venit
1548 4222 1605 4263 nou
1626 4204 1759 4277 iudicare,
1774 4204 1816 4260 sel
1830 4203 1933 4260 salvare

289 4297 364 4347 tum:
381 4291 523 4349 sectamini
537 4293 621 4364 illam,
630 4303 693 4367 quae
707 4294 764 4350 sola
789 4300 879 4366 potest
907 4295 1012 4355 aurare
1027 4299 1086 4355 ani·
1138 4308 1250 4356 terram.
1265 4297 1338 4356 Olim
1353 4295 1402 4353 tibi
1416 4311 1578 4367 persuasum
1597 4300 1640 4350 εει
1653 4293 1688 4349 ab
1702 4290 1808 4349 infideli
1817 4293 1932 4364 quodam

289 4395 349 4436 mas
363 4387 476 4439 uestras.
486 4381 557 4452 Quid
573 4382 648 4439 enim
662 4383 750 4456 magis
765 4381 917 4458 iudignum,
946 4385 1012 4458 quid
1037 4387 1086 4445 de·
1138 4403 1228 4460 seruo,
1242 4396 1272 4445 ut
1286 4386 1380 4444 lurtim
1394 4385 1504 4442 tolleres
1520 4392 1548 4441 et
1569 4383 1725 4456 imponeres
1748 4381 1857 4455 regium
1875 4381 1932 4437 dia-

289 4469 446 4526 testandum
463 4470 589 4543 amplius,
606 4471 671 4543 quid
678 4472 787 4547 gnatus
800 4472 978 4546 puniendum,
1002 4493 1085 4550 quam
1138 4477 1219 4536 deuna
1232 4475 1315 4548 capiti
1330 4481 1386 4532 tuo.
1406 4474 1603 4547 Deprelrensus
1621 4471 1650 4528 in
1670 4470 1753 4541 furto,
1779 4469 1876 4542 quidni
1904 4471 1933 4524 ti·

288 4567 326 4630 ut,
341 4559 439 4617 uidens
451 4560 540 4616 Deum
554 4559 615 4616 coeli
626 4560 767 4634 parvulum
781 4561 892 4632 iactum,
916 4563 986 4620 ultra
999 4579 1086 4638 appo·
1138 4563 1247 4622 meres?
1261 4564 1355 4638 quidni
1371 4563 1482 4639 lugeres
1497 4579 1513 4617 a
1529 4560 1683 4632 iacieeJuai
1697 4559 1778 4616 Forte
1793 4557 1869 4614 enirn
1880 4561 1932 4631 jam

287 4650 424 4707 natbomo
443 4648 618 4725 magnificare
641 4665 671 4707 so
697 4665 779 4722 super
805 4653 931 4712 terram?
953 4654 1085 4712 Intolera-
1138 4654 1260 4731 gladium
1273 4653 1399 4712 uibrabat
1413 4650 1539 4725 ignitum.
1557 4651 1637 4708 Nuuc
1664 4648 1692 4705 in
1706 4647 1803 4705 exsilio
1822 4648 1933 4720 positus,

287 4738 347 4795 bilis
361 4737 537 4812 impudendae
551 4745 592 4796 est
607 4746 646 4808 ut,
654 4738 700 4795 ubi
709 4754 771 4796 sese
781 4738 930 4798 exinaniuit
943 4744 1083 4815 majestas,
1139 4743 1166 4799 in
1185 4745 1285 4801 sudore
1299 4741 1391 4801 uultus
1404 4740 1443 4797 tui
1465 4739 1586 4797 vesceris
1598 4753 1669 4812 pune
1685 4745 1731 4794 tuo
1743 4755 1750 4792 ι
1767 4743 1795 4794 et
1812 4751 1935 4795 eccenux

286 4829 449 4886 vermiculus
457 4829 569 4887 inlletur
583 4836 612 4886 et
629 4829 799 4886 intumescat.
1141 4833 1230 4889 audita
1243 4839 1286 4890 est
1299 4832 1326 4888 in
1340 4838 1424 4901 terra,
1433 4828 1662 4902 quiaDomiuator
1676 4825 1796 4884 aduenit.
1808 4825 1871 4897 Quo
1888 4827 1936 4884 ibis

324 4921 350 4973 2.
361 4918 419 4974 lloc
431 4917 514 4991 igitur
531 4926 573 4974 est
587 4924 701 4990 propter
715 4918 787 4990 quod
813 4918 962 4978 exinanivit
976 4935 1005 4976 se
1025 4920 1084 4979 ior·
1100 4877 1123 4954 ss
1141 4935 1157 4975 ι
1171 4920 1266 4992 spiritu
1279 4919 1397 4990 ejustet
1412 4932 1466 4991 quo
1480 4933 1496 4972 a
1510 4917 1580 4974 iacie
1599 4918 1659 4988 ejus
1680 4905 1795 4990 iug'iesi
1809 4915 1873 4971 Noli
1895 4915 1935 4971 iu·

288 5019 361 5060 mam
376 5007 447 5062 servi
462 5006 609 5080 accipiens,
625 5005 713 5079 quiin
730 5007 815 5064 torma
830 5007 879 5064 Dei
893 5007 965 5065 Patri
973 5011 1085 5084 aequalis
1140 5021 1217 5079 gere,
1233 5004 1288 5064 noli
1303 5006 1411 5062 timere.
1425 5005 1487 5062 Non
1501 5005 1574 5062 venit
1595 5021 1659 5063 cum
1681 5004 1765 5060 annis
1781 5023 1789 5074 ς
1804 5019 1861 5060 non
1885 5021 1935 5076 pu·

290 5101 367 5162 erat;
384 5096 433 5150 sed
448 5095 595 5152 exinanivit
608 5097 750 5167 maiestate
765 5104 793 5152 et
815 5098 946 5169 potentia,
962 5113 1017 5158 non
1036 5101 1085 5157 bo-
1140 5097 1281 5167 niendum,
1296 5097 1346 5154 sed
1361 5095 1522 5154 salvandum
1536 5095 1666 5170 requirit.
1680 5094 1716 5150 Et
1730 5109 1766 5151 ne
1783 5093 1854 5151 torte
1865 5094 1937 5150 dicus

289 5183 373 5239 nitate
397 5191 425 5238 et
449 5183 644 5242 misericordia.
669 5183 739 5255 Quid
765 5185 840 5242 enim
863 5187 901 5242 sit
923 5191 1086 5262 dpostoluei
1139 5177 1328 5244 etiam'nuuo:
1348 5187 1441 5244 Vocem
1460 5191 1542 5243 tuum
1567 5185 1674 5250 audiui,
1690 5188 1721 5240 et
1735 5183 1869 5241 marandi
1895 5201 1936 5242 ote

289 5278 441 5349 Apparuit,
454 5274 919 5348 inquitdenipoitusetltumunitus
931 5277 1086 5335 Saloutaria
1140 5276 1220 5346 (deo.
1242 5291 1285 5344 ιιι,
1311 5274 1374 5347 ιθ);
1391 5290 1455 5333 εειε
1483 5275 1572 5330 inians
1588 5280 1640 5341 est,
1657 5281 1686 5328 et
1698 5270 1759 5327 siue
1774 5284 1853 5326 voca.
1870 5271 1936 5326 Nam

289 5367 383 5422 nostri
398 5365 447 5422 Dei
461 5367 527 5436 (lit.
545 5379 585 5433 ιιι,
603 5363 627 5432 tl
644 5365 815 5436 apparuerat
837 5371 900 5422 ante
925 5366 1047 5437 potentia
1058 5365 1085 5420 in
1139 5363 1272 5438 vagientis
1284 5379 1338 5423 uox
1352 5364 1439 5439 magis
1452 5363 1607 5421 miseranda
1620 5369 1672 5427 cst,
1684 5359 1915 5434 quamtremenda
1931 5378 1938 5414 ι

289 5471 380 5510 rerum
399 5453 545 5522 creatione,
561 5454 709 5526 apparebat
731 5453 866 5525 sapientia
885 5454 912 5509 in
926 5469 1021 5510 earum
1035 5470 1085 5526 gu-
1138 5463 1184 5510 aut
1203 5453 1226 5509 si
1239 5453 1284 5514 cui
1307 5454 1377 5512 iorte
1399 5453 1538 5525 terribilis,
1568 5453 1618 5508 aad
1641 5466 1698 5509 nou
1727 5448 1787 5506 tibi.
1809 5449 1937 5505 Paruulus

288 5541 469 5613 beruatione;
498 5541 548 5598 sed
585 5541 740 5615 benignitas
776 5540 970 5597 misericordiae
1012 5555 1084 5597 nunc
1138 5539 1224 5598 lactus
1237 5551 1290 5614 eat,
1306 5551 1400 5602 tenera
1414 5545 1540 5602 membra
1553 5543 1637 5618 Virgo
1652 5548 1742 5598 mater
1755 5537 1853 5611 pannis
1873 5537 1935 5594 alli-

287 5629 404 5688 maxime
418 5629 543 5702 apparuit
559 5629 780 5687 inhumanitate.
797 5629 955 5686 innotuerat
981 5628 1084 5685 Judaeia
1136 5639 1184 5704 gat
1195 5649 1202 5699 ς
1213 5640 1241 5688 et
1250 5633 1339 5689 adbuc
1355 5633 1451 5691 timore
1462 5630 1606 5704 trepidas?
1623 5627 1671 5689 Vel
1682 5629 1775 5685 inboo
1789 5627 1858 5685 scies
1873 5627 1935 5700 quia

283 5727 405 5794 potestas
418 5719 446 5776 in
460 5719 547 5793 signis
561 5727 642 5791 atque
653 5716 799 5789 portentis,
811 5717 883 5774 unde
898 5717 963 5773 etin
977 5717 1081 5792 calago
1136 5735 1192 5779 non
1206 5721 1280 5780 uenit
1297 5721 1414 5796 perdere
1429 5728 1466 5794 to,
1483 5719 1534 5780 sed
1552 5719 1674 5790 saluare;
1694 5717 1813 5792 eripere,
1839 5723 1866 5774 ct
1880 5731 1935 5774 non
