3996 6350
90 412 121 472 13
817 403 998 466 ΡΒΕΕΛΤΙΟ.
1691 401 1727 464 ld

85 529 237 602 spirituales
248 530 461 588 obversarentur
475 525 668 599 cogitationes,
685 541 737 583 nec
755 543 802 583 eas
817 527 908 585 statim
937 525 1018 600 plena
1043 523 1165 582 oratione
1190 523 1326 597 explicare
1346 533 1455 598 posset,
1475 541 1568 585 sacros
1591 525 1725 597 eiusmodi

82 626 177 688 partus
193 619 292 675 tabulis
305 618 391 676 cereis
404 615 614 674 commendabat
629 631 697 688 quos
712 631 761 688 pro
782 624 904 687 tempore
920 623 948 674 et
961 615 1015 671 otio
1030 613 1181 687 perliceret
1201 615 1240 670 lta
1264 614 1366 687 quippe
1388 613 1424 669 de
1448 628 1482 670 eo
1500 615 1580 671 nobis
1593 616 1722 688 sculptum

85 706 193 780 rehquit
204 708 340 763 Ernaldus
350 707 376 762 in
389 706 458 762 libro
474 721 495 761 ιι
509 705 543 760 de
558 705 619 774 eius
633 705 703 772 Vita,
721 721 748 760 n.
771 709 823 760 51:
843 725 856 758 ι
877 705 1001 762 Dictabat
1014 704 1055 760 vir
1070 703 1129 770 Dei,
1147 711 1174 759 et
1193 717 1389 776 nonnunquam
1412 702 1550 758 scribebat
1572 703 1601 760 in
1624 703 1723 760 tabulis

81 796 179 866 cereis,
196 802 224 853 et
237 810 291 852 non
306 795 459 866 patiebatur
472 793 563 866 perire
578 794 709 865 inspirata
723 794 773 849 sibi
788 793 926 851 divinitus.
948 815 959 843 a

118 883 177 937 VII.
194 884 279 939 Horas
294 881 477 939 declamandis
491 881 664 938 sermonibus
679 883 832 939 insumebat
846 882 991 954 aliquando
1005 880 1149 937 Matutinas
1166 889 1228 954 post
1246 879 1360 950 primam
1380 886 1444 934 ante
1462 876 1584 934 laborem
1603 893 1723 936 commu-

82 988 157 1038 nem,
173 987 222 1028 seu
235 981 299 1027 ante
314 971 440 1030 Missam:
459 969 606 1043 aliquando
620 972 800 1042 vespertinas.
816 971 934 1027 Primum
950 977 1058 1041 tempus
1079 969 1182 1026 indicat
1199 984 1326 1025 sermone
1339 970 1372 1023 tlt
1387 966 1416 1022 in
1430 965 1563 1039 psalmum
1578 981 1626 1038 xc,
1642 983 1670 1022 n.
1687 973 1723 1024 6:

85 1083 98 1108 a
116 1059 220 1116 Vereor
236 1058 417 1130 deprehendi.
441 1060 546 1130 Nempe
562 1059 656 1115 horam
681 1061 750 1114 hanc
770 1075 884 1132 magnus
898 1059 944 1115 ille
958 1067 986 1115 et
1004 1057 1156 1116 communis
1171 1057 1256 1114 abbas
1270 1062 1363 1114 noster
1377 1063 1405 1112 et
1419 1064 1510 1113 vester
1523 1070 1578 1112 non
1592 1054 1727 1112 vacationi

82 1162 247 1212 sermonum,
268 1146 318 1202 sad
332 1147 410 1218 operi
424 1163 553 1202 manuum
568 1146 688 1203 noscitur
702 1147 865 1218 assignasse.
886 1147 1049 1204 »Missarum
1066 1147 1211 1202 imminens
1226 1153 1332 1217 tempus
1345 1151 1422 1201 notat
1440 1158 1567 1202 sermone
1584 1153 1597 1198 t
1614 1143 1642 1199 in
1657 1143 1727 1200 testo

82 1235 169 1291 sancti
191 1235 340 1302 Michaelis,
365 1235 392 1290 in
408 1235 481 1292 line:
505 1255 518 1287 a
538 1235 592 1291 Sed
606 1237 664 1306 jam
678 1235 803 1307 praeterit
816 1236 893 1306 hora,
916 1236 951 1292 ad
960 1237 1057 1293 Missas
1072 1234 1152 1292 nobis
1160 1227 1285 1293 'eundum
1296 1241 1348 1293 est.
1360 1255 1374 1288 o
1387 1235 1421 1289 Et
1436 1248 1562 1290 sermone
1579 1237 1589 1287 l
1612 1232 1640 1288 in
1655 1230 1726 1288 lesio

81 1321 208 1380 Omnium
223 1324 386 1381 Sanctomm
399 1340 427 1379 n.
444 1327 479 1380 3:
509 1323 732 1397 «Nuncquidem
760 1325 844 1382 cibari
860 1325 992 1382 habemus
1006 1325 1083 1382 lactis
1103 1329 1164 1395 ejus
1179 1333 1206 1382 et
1224 1323 1316 1380 verbis
1327 1341 1335 1394 ;
1346 1329 1409 1395 post
1421 1323 1480 1378 haec
1494 1322 1576 1379 etiam
1594 1321 1726 1377 illibatum

6 1399 7 1402 '
79 1411 213 1469 ItomInici
226 1412 349 1483 corporis
364 1419 564 1468 sacramentum
577 1412 605 1468 in
624 1411 716 1478 altaris
735 1429 831 1469 mensa
854 1420 1038 1479 sacrosancta,
1053 1413 1113 1483 ipso
1136 1411 1267 1484 propitio,
1287 1410 1452 1483 percepturi.
1471 1433 1482 1462 »
1499 1409 1540 1466 hd
1555 1412 1613 1466 haec
1626 1409 1654 1466 in
1672 1407 1727 1466 fine

79 1500 215 1556 sermonis
229 1500 360 1557 secundi:
381 1519 394 1551 ι
410 1497 466 1556 Sed
479 1503 536 1571 jam
552 1517 642 1558 sermo
657 1501 824 1559 claudendus
837 1509 899 1558 est:
914 1507 1013 1558 vocant
1027 1501 1157 1556 enimnos
1174 1500 1329 1558 Missarrnm
1342 1500 1430 1558 adhuc
1444 1497 1608 1558 celebranda
1622 1499 1726 1557 solem·

79 1587 135 1642 nia.
152 1607 166 1640 ι
183 1589 284 1644 Verum
297 1587 434 1643 serotinas
448 1588 638 1644 horaseisdem
648 1589 824 1646 concionibus
833 1588 968 1646 adhibitas
979 1605 1009 1644 se
1019 1586 1102 1644 inisse
1113 1588 1209 1660 probat
1222 1592 1336 1646 sermot
1351 1589 1386 1644 de
1399 1595 1495 1644 sancto
1507 1586 1644 1654 Melaenis,
1655 1603 1684 1646 n.
1695 1591 1725 1643 8:

82 1695 94 1726 a
112 1675 241 1732 inclinata
254 1680 296 1730 est
313 1677 369 1745 iam
384 1675 453 1744 dies,
469 1683 497 1732 et
510 1675 618 1749 longius
631 1693 711 1751 quam
726 1692 898 1750 speraveram
914 1693 1005 1734 sermo
1020 1675 1162 1748 processit.
1183 1697 1195 1728 s
1212 1678 1248 1732 ht
1269 1675 1422 1752 signantius
1445 1675 1474 1733 in
1495 1691 1622 1734 sermone
1641 1678 1676 1732 ³8
1691 1675 1727 1732 de

80 1763 196 1822 diversis
208 1781 237 1820 n.
254 1767 289 1820 3:
309 1785 321 1816 ι
338 1763 464 1820 Mundum
486 1764 565 1822 nobis
592 1771 652 1822 est:
667 1766 723 1836 jam
747 1766 819 1822 enim
844 1781 1003 1838 campanam
1026 1764 1188 1834 audivimus,
1209 1765 1266 1835 iam
1287 1764 1453 1838 vespertinae
1475 1771 1582 1838 tempus
1595 1763 1726 1822 orationis

81 1853 200 1909 advenit.
218 1873 231 1905 a
249 1853 324 1909 Idem
339 1852 458 1925 probant
478 1866 620 1911 sermones
634 1855 663 1910 in
678 1854 797 1924 Cantica,
814 1863 844 1912 nt
858 1871 908 1913 suo
922 1855 983 1912 loco
996 1853 1159 1913 videbimus.

122 1941 189 1998 VIII.
204 1943 283 1998 Nunc
298 1958 331 1998 ex
346 1942 442 1999 ordine
456 1943 649 2017 inquirendum
662 1952 714 2013 eat,
729 1944 883 2016 bernardus
900 1959 1041 2000 sermones
1063 1959 1128 2000 suos
1152 1943 1244 2010 latina,
1259 1959 1294 1999 an
1308 1943 1412 2016 vulgari
1430 1942 1524 2018 lingua
1538 1943 1724 2018 eloqueretur.

83 2031 142 2088 Nec
157 2030 223 2087 levis
237 2045 303 2088 sene
318 2031 462 2089 dillicutas.
478 2033 540 2090 Istis
554 2033 627 2090 enim
642 2033 818 2090 concionibus
832 2031 987 2091 lntcrluisse
1008 2032 1135 2090 videntur
1150 2031 1248 2090 tratres
1262 2030 1333 2099 laici,
1350 2031 1491 2105 illitterati,
1507 2032 1606 2105 linguae
1623 2032 1731 2090 Latime

83 2133 194 2190 prorsus
203 2118 302 2190 ignaui
314 2118 413 2191 quibus
422 2121 452 2176 in
460 2136 511 2177 usu
520 2131 580 2178 erat
589 2121 646 2178 sola
655 2120 774 2196 vulgaris
784 2120 954 2195 linguaque.
966 2139 978 2172 a
988 2121 1129 2179 Romana»
1139 2127 1266 2191 corrupte
1277 2117 1419 2186 dicebatur
1427 2118 1528 2192 passim
1538 2120 1611 2192 apud
1620 2119 1726 2178 illoram

84 2217 237 2280 temporum
249 2216 384 2280 auctores,
400 2209 561 2266 Nithardum
577 2210 606 2266 in
618 2211 745 2276 Historia,
760 2209 913 2266 Gerardum
929 2209 957 2264 in
971 2208 1040 2266 libro
1055 2209 1089 2264 de
1105 2208 1166 2265 Vita
1190 2205 1318 2264 udalardi
1333 2208 1449 2276 abbatis,
1464 2217 1492 2265 ct
1515 2209 1586 2280 apud
1600 2208 1726 2266 Chrono-

82 2298 216 2369 graphum
231 2297 323 2355 Sancti
336 2298 482 2366 Trudonis,
496 2298 541 2355 ubi
558 2321 570 2351 ι
587 2306 714 2371 corrupte
734 2299 866 2368 Montana,
888 2299 1035 2355 Teutoniee
1050 2297 1189 2354 Vallonioa
1213 2317 1226 2350 a
1251 2304 1373 2353 vocatur.
1398 2297 1466 2354 ilinc
1481 2298 1586 2369 Petrus,
1601 2298 1730 2356 Ludovici

82 2385 202 2442 Iunioris
216 2385 384 2442 Francorum
399 2388 473 2462 regis
488 2387 612 2454 clericus,
628 2389 656 2443 in
671 2387 786 2459 epistola
800 2387 834 2441 ad
848 2387 974 2442 abbatem
990 2386 1219 2442 latiniacensem:
1238 2405 1251 2438 ι
1268 2384 1382 2456 Quidam
1397 2401 1475 2457 pner,
1496 2387 1595 2459 inquit,
1610 2402 1727 2443 consan-

82 2476 199 2548 guineus
212 2489 299 2546 meus,
318 2475 418 2531 missus
433 2483 476 2532 est
489 2475 555 2530 mihi
574 2477 608 2532 de
619 2475 717 2546 anglia
731 2475 766 2530 ad
781 2473 937 2530 discendam
952 2475 1100 2530 Romanam
1114 2473 1234 2547 linguam
1251 2473 1299 2544 (2),
1312 2492 1326 2526 a
1338 2473 1365 2528 id
1381 2482 1422 2530 est
1435 2475 1564 2530 Gallicam
1579 2476 1729 2547 vulgarem.

82 2561 136 2630 Qui
148 2575 214 2616 vero
228 2561 298 2615 hanc
311 2561 456 2628 callebant,
472 2577 527 2617 non
541 2560 669 2617 contiuuo
685 2562 806 2615 Latinam
821 2560 1020 2629 intelligebant,
1042 2559 1186 2632 nequidem
1203 2557 1302 2628 saeculo
1321 2574 1401 2627 nono,
1419 2561 1519 2615 nedum
1533 2561 1686 2632 undecimo,
1702 2569 1732 2618 ut

84 2659 160 2720 patet
174 2667 207 2706 ex
225 2649 318 2706 libello
333 2651 368 2706 de
381 2651 485 2706 visione
499 2649 620 2705 Florildae
633 2663 683 2704 seu
698 2647 849 2712 chlotilde,
865 2648 893 2702 in
909 2663 962 2720 quo
977 2653 1127 2720 arguuntur
1141 2647 1250 2718 quidam
1265 2648 1429 2718 presbyteri,
1442 2669 1454 2700 ι
1471 2647 1517 2720 qui
1532 2649 1606 2720 ipsas
1621 2666 1731 2722 quoque

84 2737 189 2796 litteras
208 2739 369 2813 ignorarent
383 2755 451 2810 quas
466 2739 594 2811 legebant
608 2739 656 2810 (3).
675 2759 686 2788 a
705 2738 733 2794 Si
748 2753 815 2810 ergo
830 2737 961 2792 bernardi
973 2737 1146 2792 sermonibus
1159 2736 1256 2792 tratres
1271 2737 1402 2794 illitterati
1416 2739 1578 2804 intererant,
1591 2741 1731 2813 haudqua-

84 2844 166 2900 quam
181 2827 325 2886 verisimile
345 2833 398 2894 est,
414 2829 463 2883 hos
477 2841 619 2884 sermones
632 2826 725 2880 Latine
751 2824 941 2896 pronuntiatos
963 2823 1058 2882 fuisse.
1082 2825 1155 2881 Sane
1173 2825 1304 2882 Bernardi
1325 2841 1468 2882 sermones
1489 2826 1525 2882 de
1546 2828 1681 2899 Tempore
1702 2829 1730 2884 in

83 2925 220 2974 conventu
234 2915 346 2971 Patrhm
359 2913 525 2972 Fuliensium
539 2913 612 2987 apud
625 2913 743 2971 Parisios
757 2913 890 2970 habentur
915 2912 1018 2970 Gallice
1039 2913 1132 2985 scrIpti
1150 2913 1185 2968 ab
1207 2913 1277 2986 ipso,
1300 2921 1331 2969 ut
1352 2912 1470 2980 videtur,
1494 2915 1582 2970 sancti
1596 2916 1727 2974 Bernardi

85 3013 226 3076 tempore:
244 3003 316 3078 qnod
334 3009 361 3060 et
375 3002 476 3060 codicis
491 3001 637 3071 elementa,
653 3010 681 3059 et
693 3002 830 3059 idiomatis
845 3002 934 3077 arguit
947 3001 1105 3074 antiquitas.
1120 3001 1232 3058 Accedit
1250 3002 1323 3074 quod
1346 3002 1502 3059 Bernardus
1525 3003 1554 3059 in
1578 3003 1654 3060 initIo
1669 3005 1731 3079 epi-

84 3094 164 3150 stolae
179 3097 223 3161 ll,
238 3093 273 3148 ad
286 3095 396 3149 Petrum
411 3092 555 3148 diaconum
569 3091 745 3158 cardinalem,
765 3105 905 3148 sennones
919 3105 982 3146 suos
997 3111 1009 3143 ι
1027 3091 1099 3162 stylo
1115 3111 1128 3144 a
1145 3087 1336 3163 discipulorum
1355 3099 1486 3164 exceptos
1501 3099 1637 3149 testatur:
1653 3093 1731 3166 qnod

86 3183 202 3251 diceret,
218 3197 275 3238 non
298 3195 333 3236 eo
354 3181 437 3240 modo
458 3196 511 3254 quo
533 3179 699 3254 pronuntiati
722 3179 838 3248 luerent,
853 3178 902 3236 sed
917 3178 1007 3235 alieno
1027 3179 1098 3251 stylo
1117 3178 1201 3236 sulsse
1216 3178 1341 3236 donatos.
1357 3179 1424 3250 Ejus
1438 3180 1560 3252 epIstole
1574 3181 1633 3238 hac
1647 3183 1733 3240 rerba

85 3275 168 3328 sunt:
184 3292 195 3322 ι
211 3269 301 3342 Aliqui
316 3269 415 3328 tratres
425 3269 556 3326 nonnulla
570 3285 603 3325 ex
617 3270 660 3325 his
675 3285 736 3342 qua
749 3285 794 3326 me
809 3284 901 3326 coram
915 3269 1026 3325 audiere
1040 3269 1209 3342 loquentem,
1219 3285 1268 3326 suo
1279 3269 1349 3342 stylo
1360 3285 1505 3344 excepere.
1522 3290 1535 3325 ι
1553 3268 1657 3328 Eadem
1675 3272 1732 3331 iere

84 3361 172 3416 verba
185 3357 289 3415 suntin
304 3357 359 3415 fine
375 3358 497 3430 epistolae
511 3363 553 3426 ta,
570 3358 616 3415 nbi
628 3345 724 3415 addit:
740 3379 751 3410 ι
768 3359 805 3416 Et
827 3375 914 3428 penes
936 3374 966 3414 se
990 3357 1120 3414 retinent.
1138 3379 1151 3412 ι
1168 3360 1209 3416 Ex
1221 3358 1320 3430 quibus
1333 3359 1449 3417 fortasse
1462 3359 1523 3432 quis
1537 3359 1646 3420 inierat.
1661 3360 1732 3419 Ber-

84 3449 201 3504 nardum
215 3447 308 3505 nativa
322 3463 371 3504 seu
389 3447 477 3519 patria
491 3447 622 3517 dictione,
639 3453 668 3504 ut
683 3445 812 3504 tratribus
826 3447 903 3504 laicis
918 3463 979 3506 sese
995 3448 1223 3515 accommodaret,
1237 3449 1322 3506 verba
1336 3447 1445 3519 fecisse,
1460 3466 1522 3523 que
1535 3448 1659 3523 discipuli
1672 3451 1733 3521 ejus

84 3538 118 3592 in
134 3536 259 3594 Latinum
273 3535 468 3594 converterint.

122 3625 172 3682 IX.
188 3625 297 3682 Fratres
315 3632 407 3682 autem
421 3623 504 3682 laicos
517 3623 626 3696 penitus
640 3622 783 3681 illiteratos
797 3630 825 3680 et
843 3622 942 3697 inguae
961 3624 1052 3683 latine
1075 3625 1186 3697 ignaros
1209 3625 1293 3682 luisse
1318 3625 1404 3683 multa
1428 3626 1628 3688 demonstrant.
1648 3627 1735 3684 Erant

83 3715 131 3770 isti
160 3713 260 3770 tratres
275 3713 358 3770 cham
373 3711 478 3783 sociati,
494 3711 542 3768 sed
557 3717 676 3769 tonsurae
691 3711 823 3768 clericalis
846 3721 985 3785 expertes,
1008 3729 1024 3770 a
1041 3711 1181 3770 conversis
1198 3715 1311 3770 omnino
1333 3715 1465 3771 distincti.
1485 3715 1524 3771 Ite
1546 3717 1590 3772 his
1603 3716 1693 3789 agitur
1705 3715 1733 3771 in

83 3803 156 3859 libro
170 3817 210 3858 ιιιι
225 3801 262 3858 de
273 3801 335 3857 Vita
348 3799 434 3857 sancti
447 3799 590 3868 Bernardi,
605 3800 694 3872 capite
708 3798 759 3858 td:
780 3822 790 3851 ι
814 3800 890 3856 IIenc
913 3800 1008 3860 diune
1023 3800 1143 3857 scientiae
1169 3800 1326 3873 lorrnulam,
1346 3825 1358 3850 ι
1376 3818 1488 3873 nempe,
1518 3806 1578 3862 lton
1595 3806 1734 3876 glorietur

83 3894 119 3948 ira
130 3892 274 3964 rapientia
284 3905 337 3946 suo
346 3891 412 3960 (lor.
428 3905 468 3956 rx,
484 3887 541 3962 2³),
557 3895 623 3956 ete,
638 3886 787 3960 perfectius
802 3888 896 3944 imitati
909 3897 973 3946 sunt
987 3889 1025 3960 hi,
1040 3889 1146 3962 qnisub
1157 3889 1237 3946 heato
1253 3891 1333 3945 Patre
1349 3899 1441 3947 nostro
1455 3889 1594 3948 Bemardo
1607 3891 1636 3948 in
1646 3891 1734 3948 Clara-

85 3979 166 4037 Valle
186 3977 307 4036 coelestis
320 3976 500 4050 philosophie
514 3976 664 4048 disciplinis
686 3975 890 4044 imbuebantur,
905 3993 961 4035 non
985 3978 1072 4036 solum
1086 3977 1197 4034 litterati
1212 3986 1241 4033 et
1252 3977 1281 4033 iu
1295 3978 1431 4050 mysteriis
1455 3995 1539 4035 sacrae
1552 3977 1622 4052 legis
1635 3981 1734 4037 eruditi

84 4067 138 4125 viri
153 4065 240 4139 multi,
255 4081 350 4124 aarum
365 4066 446 4122 etiam
460 4065 520 4122 laici
534 4073 562 4122 et
575 4063 706 4122 illitterati
720 4081 801 4138 quam
817 4065 924 4137 plures:
945 4065 992 4138 qui
1006 4067 1057 4122 etsi
1086 4067 1210 4122 humane
1230 4065 1352 4123 scientiae
1375 4065 1514 4133 fabricam,
1530 4083 1582 4138 per
1603 4083 1683 4140 quam
1699 4067 1733 4123 ad

19 4213 23 4222 ,
84 4155 266 4230 perfectionis
279 4155 388 4212 culmen
402 4153 566 4222 niterentur,
587 4153 699 4211 minime
721 4153 860 4212 consecuti
874 4161 947 4223 sunt,
972 4154 1110 4212 habebant
1130 4162 1222 4210 tamen
1245 4153 1361 4226 gratiam
1384 4154 1578 4211 illuminantem
1601 4163 1629 4212 ot
1647 4155 1733 4227 Spiri-

86 4255 147 4303 tum
162 4243 353 4334 vivificantem,
369 4242 464 4317 quide
480 4243 615 4309 omnibns,
631 4259 691 4316 quae
706 4243 862 4316 oportebat,
876 4242 998 4301 seculari
1016 4241 1131 4300 scientia
1154 4243 1402 4314 incomparabiliter
1425 4242 1562 4300 ellioaoins
1582 4259 1631 4302 eos
1653 4236 1734 4302 doca-

84 4333 146 4388 bat.
161 4329 265 4386 Talium
282 4329 393 4403 quidam
407 4328 557 4386 monachus
570 4329 663 4401 laicus,
679 4344 734 4387 non
749 4329 837 4386 littera
866 4330 971 4396 doctus,
987 4329 1038 4386 sed
1052 4329 1159 4402 spiritu,
1174 4348 1189 4380 a
1206 4336 1260 4386 etc.
1276 4331 1315 4386 En
1325 4328 1413 4403 qualis
1426 4338 1485 4387 erat
1499 4336 1586 4386 statua
1599 4331 1733 4401 ejusmodi

84 4419 292 4492 laicorumque
310 4417 419 4490 penitus
442 4417 615 4491 analphabeti
644 4425 672 4475 et
698 4417 800 4492 linguae
826 4418 917 4475 latinae
940 4418 1017 4474 Inscii
1035 4425 1124 4485 erant,
1148 4424 1217 4475 toste
1242 4420 1347 4476 Ioanne
1371 4419 1490 4476 Eremita
1512 4419 1540 4474 in
1563 4419 1680 4490 epistola
1698 4420 1733 4475 ad

86 4511 202 4566 Petrum
216 4509 397 4566 Tusculanum
412 4509 446 4566 de
462 4507 522 4565 Vita
536 4507 622 4564 sancti
635 4507 777 4575 Bernardi,
787 4524 816 4564 n.
828 4510 863 4564 2:
880 4529 892 4560 ι
910 4506 1057 4563 Monachus
1070 4506 1191 4580 quidam,
1205 4529 1218 4557 a
1235 4507 1333 4580 inquit,
1350 4507 1525 4566 «venerandi
1536 4507 1641 4564 abbatis
1651 4524 1733 4566 verax

88 4598 209 4656 dilector
223 4605 251 4654 et
270 4597 401 4665 sincerus,
418 4597 488 4653 torte
501 4611 562 4652 cum
573 4595 691 4669 quodam
705 4595 775 4652 laico
790 4595 883 4666 tratre,
900 4596 1049 4653 llumberto
1063 4595 1183 4674 nomine,
1199 4612 1247 4667 per
1260 4594 1410 4668 virgultum
1424 4595 1555 4667 adjacens
1568 4596 1733 4654 monasterio

90 4685 331 4744 Clarae-vallensis
345 4684 550 4750 deambulabat,
565 4683 663 4740 librum
677 4683 867 4740 micaculorum
882 4683 969 4740 sancti
981 4684 1067 4740 Patris
1082 4689 1180 4739 tenens
1194 4682 1222 4735 in
1236 4681 1371 4748 manibus,
1386 4697 1528 4753 exponens
1542 4683 1732 4738 easecundnm

93 4773 199 4832 idioma
213 4775 341 4830 Romana
359 4774 469 4850 baguae,
489 4781 544 4829 tam
567 4788 634 4839 suae,
650 4788 731 4845 quam
745 4771 816 4829 illius
834 4771 1019 4830 aedificationis
1031 4786 1147 4828 causa.»
1165 4770 1218 4826 Cur
1231 4769 1304 4826 enim
1319 4785 1351 4825 ea
1374 4769 1528 4842 exponebat
1541 4769 1662 4826 Romana
1679 4771 1733 4828 liu·

87 4880 146 4942 gna
164 4881 213 4922 seu
233 4862 347 4934 Gallica,
364 4861 415 4918 nisi
429 4863 492 4936 quia
511 4862 596 4920 trater
609 4863 663 4920 iste
676 4861 762 4919 laicus
779 4862 901 4920 Latinam
916 4861 1078 4934 ignorabat?
1087 4861 1224 4917 Taliserat
1237 4859 1323 4916 laicus
1336 4858 1414 4927 alter,
1429 4875 1492 4918 mox
1506 4860 1540 4915 ab
1555 4860 1615 4933 ipso
1628 4863 1733 4920 Ioanne

88 4953 229 5024 laudatus,
244 4969 274 5009 n.
288 4955 316 5024 3,
331 4953 378 5025 qui
396 4967 456 5010 cum
471 4968 522 5010 nec
538 4975 549 5006 ι
566 4951 750 5026 alphabetum,
767 4972 781 5006 t>
797 4959 878 5010 autea
888 4960 991 5020 nosset,
1010 4951 1093 5007 «Deo
1108 4955 1198 5006 tamen
1213 4948 1383 5006 illuminante
1399 4950 1459 5018 ejus
1473 4949 1689 5023 intelligentiam,
1706 4960 1734 5008 et

87 5043 255 5118 quibusdam
274 5039 387 5096 fratrum
411 5039 635 5112 sullragantibus,
649 5042 678 5097 in
701 5040 778 5098 brevi
802 5041 835 5096 ad
858 5041 910 5098 hoc
933 5038 1057 5113 proiecit,
1072 5046 1102 5094 ut
1116 5054 1170 5096 non
1184 5037 1270 5096 solnm
1294 5038 1398 5114 legere,
1414 5054 1509 5095 verum
1528 5039 1610 5096 etiam
1624 5049 1734 5098 cantare

88 5134 158 5192 satis
176 5133 308 5201 decenter
330 5135 358 5186 et
381 5130 576 5188 convenienter
599 5131 690 5188 sciret.
712 5129 816 5186 Exinde
833 5137 887 5185 tam
905 5147 955 5186 usu
970 5145 1050 5203 quam
1063 5127 1149 5203 gratia
1163 5135 1338 5200 cooperante,
1354 5127 1501 5185 dictionum
1520 5128 1735 5202 significationes

86 5223 260 5295 aliquantum
273 5218 431 5292 inteMigere
443 5219 535 5290 caepit,
551 5225 579 5274 et
596 5220 624 5276 in
639 5219 794 5292 hujusmodi
807 5218 921 5277 selentia
936 5219 1061 5290 paulatim
1079 5219 1231 5290 prolicere:
1250 5237 1263 5270 a
1280 5216 1353 5291 qnod
1366 5217 1401 5273 de
1415 5217 1507 5290 lingua
1525 5218 1619 5274 Latina
1633 5217 1735 5274 dictum

94 5329 158 5371 esse
174 5325 256 5370 nemo
270 5327 325 5368 non
339 5310 423 5368 videt.
439 5309 535 5382 Neque
549 5309 634 5366 solnm
657 5310 730 5382 apud
753 5307 958 5380 CIstercienses,
973 5308 1022 5364 sed
1042 5307 1121 5362 ctiam
1141 5306 1212 5377 apud
1236 5306 1302 5364 alios
1323 5307 1470 5362 monachos
1489 5306 1518 5360 id
1533 5322 1620 5377 genus
1639 5305 1736 5363 iratres

87 5401 164 5458 laici
177 5399 389 5458 admittebantur
406 5415 413 5454 ι
429 5396 544 5471 qualiter
556 5405 615 5454 erat
627 5396 671 5453 ille
686 5398 757 5469 apud
767 5396 918 5455 Gollridnm
933 5397 1057 5453 abbatem
1073 5388 1310 5464 lliudocinensem,
1324 5395 1353 5450 in
1369 5395 1415 5450 lib.
1431 5410 1471 5461 ιιι,
1491 5393 1610 5466 epistola
1624 5400 1657 5464 8;
1678 5397 1735 5469 qui,

132 5563 172 5636 (2)
187 5558 294 5616 Chesnii
307 5565 382 5615 tomo
391 5557 437 5628 tv,
451 5573 515 5628 pag.
530 5559 593 5612 Ili.

134 5633 175 5705 (3)
190 5629 317 5702 Eiusdem
331 5637 396 5686 tom.
412 5629 445 5695 11,
461 5644 524 5703 pag.
540 5632 602 5686 625.
