4052 6340
293 429 363 490 1167
772 419 799 478 S.
820 415 991 478 BERNARDI
1009 413 1147 478 mutus
1161 419 1474 482 utuuut'ttturtsts
1869 423 1940 483 ttos

292 557 358 622 titia,
384 550 514 626 sapientia
543 547 577 604 de
600 544 741 618 sapientia,
766 545 865 603 veritas
887 545 923 598 de
961 544 1085 614 veritate,
1102 547 1125 625 st
1141 561 1267 618 amaguo
1283 561 1389 604 rectove
1404 547 1521 602 Verbum
1544 547 1633 612 cadat,
1655 547 1728 619 quod
1743 546 1782 604 aie
1797 565 1829 604 ea
1844 549 1939 620 utique

293 642 370 716 quasi
383 643 417 698 de
431 639 532 697 lumine
543 638 644 702 lumen,
661 635 695 690 de
709 636 768 691 ileo
781 633 863 688 Deus.
879 634 980 688 Harum
996 647 1086 688 rerum
1141 635 1231 704 habet,
1249 645 1277 691 ut
1291 635 1325 690 sit
1351 651 1412 706 quar
1440 637 1539 690 habeti
1557 637 1601 692 Vol
1619 635 1680 692 ideo
1699 653 1731 692 ex
1748 649 1835 708 parte,
1866 655 1900 694 ne
1916 641 1939 694 si

294 732 362 790 nihil
376 739 417 787 est
431 727 532 793 anima,
547 727 675 798 qnoniam
691 737 744 780 non
759 729 802 778 est
819 721 920 794 imago.
936 721 983 776 Est
998 731 1086 776 umen
1141 731 1196 780 toto
1210 723 1369 793 privaretur,
1385 733 1605 796 nouauperesset
1627 741 1690 796 spes
1705 725 1807 782 salutis.
1836 727 1939 782 Namsi

292 820 451 878 earumdem
474 832 568 888 capax,
593 821 776 886 appetensque
790 817 817 866 et
831 809 894 867 inde
917 808 1039 865 fortassis
1054 809 1087 864 ad
1140 811 1247 868 desinat
1259 826 1356 884 magna
1371 826 1440 882 esse,
1456 817 1482 867 et
1496 825 1591 883 capax.
1607 809 1715 884 Quippe
1730 813 1938 886 ἀεεεριείιειε,

292 909 449 984 imaginem.
480 903 559 963 Celsa
591 911 725 966 ereatura,
750 898 946 968 incapacitate
976 895 1084 968 quidem
1140 908 1171 956 ut
1184 899 1249 970 dixi,
1263 900 1520 957 estimaturanimae
1534 900 1783 976 magnitudo.Quid
1797 917 1863 960 vero
1878 919 1940 974 spe-

293 997 450 1070 majeatatis,
469 995 496 1051 in
510 991 663 1067 appetentia
682 996 772 1046 autern
797 986 964 1043 rectitudinis
982 985 1089 1058 insigne
1140 1004 1201 1044 rare
1211 999 1314 1059 posset,
1330 990 1409 1060 cujus
1422 1005 1505 1061 capu
1519 1005 1574 1047 non
1589 989 1669 1050 loret.

292 1087 451 1162 praeterens.
476 1083 605 1156 Legimus
628 1079 690 1152 quia
715 1078 788 1133 Deus
807 1075 946 1134 homiuum
982 1082 1088 1132 rectum
1176 1081 1369 1151 i.1trrqueper
1382 1078 1605 1151 magnitudinem,
1622 1095 1703 1154 quatu
1719 1087 1838 1138 retentat
1861 1081 1942 1138 etiarn

292 1176 357 1232 lecit
371 1175 473 1247 (Eccle.
496 1187 546 1240 vu,
562 1169 618 1242 ³0),
644 1168 719 1239 quod
742 1174 770 1221 et
791 1181 918 1239 maguum
942 1164 1085 1236 capacitas,
1141 1167 1246 1240 perdita
1274 1167 1444 1236 rectitudine,
1473 1168 1500 1224 iu
1524 1167 1642 1244 imagine
1670 1169 1817 1242 pertransit
1845 1170 1941 1234 homo,

297 1264 439 1320 ntdictum
454 1266 506 1328 est,
522 1259 628 1331 prohat.
654 1255 768 1327 Oportet
788 1269 904 1325 namque
918 1252 945 1307 id
959 1250 1031 1324 quod
1055 1253 1088 1306 ad
1141 1255 1284 1328 unoqunsi
1302 1254 1456 1312 claudicans
1478 1255 1559 1326 pede,
1592 1265 1619 1312 er
1635 1255 1810 1314 iacrunfiliug
1825 1257 1941 1312 alienus,

295 1353 441 1426 imaginem
465 1359 516 1416 est,
540 1364 601 1404 cum
626 1344 744 1418 imagine
767 1343 919 1410 convenire,
935 1351 961 1398 et
985 1357 1038 1398 non
1063 1343 1088 1395 in
1143 1343 1181 1399 De
1201 1343 1299 1401 talibus
1319 1344 1391 1401 euim
1410 1343 1602 1402 reordictum:
1629 1345 1698 1402 Filii
1721 1347 1810 1404 alieni
1825 1347 1943 1402 mentiti

294 1457 407 1500 vacuum
423 1438 583 1511 participare
597 1451 698 1492 nomeu
717 1432 853 1508 imaginis,
864 1430 1089 1501 quemadmodum
1143 1436 1214 1490 sunt
1227 1432 1309 1502 milti,
1325 1433 1381 1503 fitia·
1393 1433 1482 1491 alieni
1490 1434 1643 1491 inveterati
1655 1438 1737 1502 aaut,
1749 1439 1779 1492 cl
1792 1433 1944 1492 duodico-

293 1547 344 1588 nee
368 1529 460 1602 imago
483 1528 541 1599 ipsa
567 1527 627 1583 eolo
652 1524 694 1579 vel
720 1537 804 1579 vacuo
828 1521 935 1576 nomine
960 1519 1091 1578 vocitatur
1144 1525 1246 1578 uerum
1261 1521 1468 1578 oaendtiaauis
1496 1521 1670 1591 (Panlrwu,
1685 1521 1742 1592 ts).
1768 1521 1884 1578 Pulchre
1899 1538 1944 1592 ap

294 1623 396 1696 imago.
413 1618 501 1676 Habes
515 1630 581 1672 vero
605 1612 749 1684 decoqui
765 1612 855 1684 imago
877 1619 927 1677 est,
944 1609 1007 1681 quia
1026 1625 1090 1664 eum
1143 1605 1235 1676 peilati
1249 1611 1313 1660 sunt
1327 1605 1384 1674 fitis·
1396 1605 1487 1660 alieni
1496 1623 1505 1660 :
1519 1620 1581 1660 nam
1599 1605 1665 1675 pilii,
1681 1611 1794 1676 propter
1809 1614 1942 1660 retentam

295 1712 338 1778 in,
349 1712 441 1780 sumtu
449 1708 499 1762 Dei
514 1709 585 1761 esset
597 1699 967 1774 nonrupinamorlritrutua
980 1702 1021 1754 eal
1033 1711 1090 1755 erse
1144 1692 1369 1766 magnitudinem
1393 1693 1493 1758 alieni,
1514 1701 1631 1763 propter
1651 1693 1776 1749 amissam
1802 1693 1944 1752 rectitudi-

296 1814 325 1854 se
336 1797 477 1870 aequalem
487 1797 541 1852 Deo
556 1791 690 1864 (Philipp.
703 1805 734 1858 tr,
749 1789 787 1861 6).
804 1787 854 1843 Ubi
869 1787 917 1842 tibi
927 1787 1018 1858 utique
1031 1787 1091 1856 ejus
1144 1797 1217 1836 nem.
1233 1781 1289 1837 Nec
1299 1781 1419 1851 dixisset,
1430 1781 1675 1852 claudicaverunt,
1684 1781 1750 1839 aed:
1768 1781 1943 1846 Corruernut,

295 1895 321 1942 et
335 1886 363 1942 iu
385 1885 472 1940 lomna
488 1882 537 1940 Dei
552 1879 671 1936 innuitur
694 1878 835 1942 rectitudo,
856 1884 883 1931 et
898 1876 926 1929 in
941 1873 1091 1946 aequaiitate
1108 1883 1129 1959 g
1145 1881 1190 1928 ant
1200 1869 1339 1942 quidpiam
1353 1869 1452 1938 simile,
1465 1871 1487 1925 si
1501 1877 1602 1926 extoto
1617 1868 1744 1944 honines
1760 1869 1846 1942 [olins
1856 1871 1943 1926 homi·

295 1977 424 2045 majestas
439 1995 445 2032 :
464 1979 493 2026 ut
516 1973 581 2028 dum
595 1967 749 2025 rectitudini
774 1965 918 2030 rectitnd0,
943 1971 970 2020 ct
984 1961 1090 2033 magni·
1146 1957 1198 2031 uis]
1213 1957 1357 2029 imaginem
1373 1956 1521 2014 exuissent.
1548 1957 1627 2015 Nunc
1639 1973 1704 2014 vero
1719 1958 1874 2014 ¹secundnm
1889 1974 1944 2014 tua·

296 2066 361 2120 tudo
385 2059 561 2134 magnitudini
587 2067 767 2130 comparatur,
791 2062 969 2110 consonanter
984 2051 1035 2106 sibi
1050 2050 1091 2104 al·
1146 2047 1314 2121 gnitudinem
1341 2046 1451 2120 quidem
1471 2045 1498 2101 in
1525 2046 1643 2120 imagine
1673 2048 1818 2119 pertransit
1844 2047 1943 2116 homo;

297 2152 432 2208 trinsecus
456 2148 620 2221 respondere
644 2155 769 2218 appareat
793 2144 865 2213 quod
889 2140 923 2196 ad
948 2139 1092 2212 imaginem
1144 2145 1272 2209 quantum
1300 2151 1365 2193 vero
1384 2135 1419 2190 ad
1445 2135 1646 2206 rectitudinem,
1673 2135 1755 2193 veluti
1778 2136 1944 2198 mandimus,

297 2248 349 2304 est,
365 2252 392 2294 et
406 2237 567 2311 imaginem
585 2233 655 2291 sicut
670 2233 758 2303 imago
783 2245 893 2303 quoque
917 2227 1093 2285 nihilominus
1147 2225 1322 2281 conturbatur
1336 2233 1364 2281 et
1380 2226 1537 2282 deturbatur
1551 2225 1585 2281 ab
1604 2225 1731 2300 imagine,
1756 2227 1898 2298 Scriptura
1911 2227 1945 2282 ita

298 2329 452 2400 inutraque
469 2322 617 2396 respondet
639 2319 679 2376 ilii
701 2320 781 2390 cnjus
807 2319 897 2392 imago
921 2325 970 2374 est.
989 2315 1092 2389 Nempe
1148 2315 1269 2371 dicente:
1287 2316 1485 2372 Verumtamen
1499 2315 1832 2388 inimaginepertronait
1846 2313 1945 2384 homo,-

299 2417 357 2488 ipse
371 2423 422 2480 est,
437 2415 471 2470 tle
485 2427 539 2485 quo
564 2418 687 2468 sanetum
701 2409 788 2465 Dauid
804 2407 919 2464 audistis
934 2407 962 2462 in
982 2405 1094 2475 psalmis
1148 2405 1196 2462 red
1205 2408 1234 2461 ei
1247 2407 1358 2475 frustm
1381 2403 1583 2462 conturbatur.
1597 2403 1709 2462 Frustra
1722 2405 1852 2462 omnino:
1887 2421 1945 2460 nam

295 2510 445 2566 canentem,
462 2515 535 2556 nuuc
558 2498 665 2572 quidam
684 2515 690 2550 ι
710 2497 825 2568 lingitur
835 2496 971 2552 Dominus
986 2496 1092 2560 noster,
1149 2493 1284 2566 sequitur:
1306 2495 1498 2560 thesaurizet,
1516 2497 1544 2550 et
1558 2495 1673 2568 querat
1694 2497 1744 2552 cui
1770 2495 1946 2567 congregabit

296 2595 325 2648 ei
335 2606 439 2662 anagnu
453 2588 615 2658 virtusejus
639 2585 728 2656 (Paul.
750 2599 844 2648 cxuvr,
861 2583 903 2654 5);
921 2599 992 2638 nunc
1005 2597 1069 2638 vero
1086 2599 1092 2634 :
1149 2584 1275 2652 ea(Psol.
1287 2597 1402 2651 rxxvru,
1416 2583 1457 2654 t).
1474 2582 1653 2656 Curignorat,
1668 2583 1719 2638 nisi
1733 2583 1798 2655 quia
1811 2581 1945 2640 inclinans

296 2682 397 2738 lleelus
412 2678 547 2734 Dominus
563 2677 636 2733 Deus
645 2676 742 2729 noster
752 2676 901 2728 etnoneai
916 2673 1053 2746 iniquitas
1063 2671 1094 2724 in
1149 2689 1178 2728 se
1189 2672 1223 2726 ad
1239 2673 1297 2727 hac
1324 2670 1415 2728 infima
1429 2681 1455 2726 et
1481 2679 1596 2740 terrena,
1626 2671 1787 2728 ιιιεεειιείειι
1810 2671 1862 2728 sibi
1888 2681 1945 2728 ter·

296 2782 327 2824 eo
348 2767 435 2838 (Psoi.
451 2779 511 2830 xer,
529 2765 584 2835 tu).
601 2764 641 2818 tn
655 2762 707 2816 isto
732 2768 805 2818 recto
819 2769 845 2816 et
860 2776 958 2833 magno
972 2761 1029 2817 Deo
1044 2762 1092 2816 lra-
1149 2761 1356 2818 ramlProraus
1378 2760 1534 2834 ignoratde
1553 2759 1671 2832 hisquae
1694 2769 1774 2818 terra
1792 2761 1946 2826 committit,

297 2855 534 2926 batimagoejus,
550 2858 621 2908 utet
639 2850 800 2923 ipsareeta,
821 2850 1008 2920 etmagnasit
1023 2867 1031 2904 :
1047 2849 1094 2904 lra·
1148 2851 1194 2908 eui
1222 2851 1398 2926 congregabit
1426 2865 1469 2918 ea,
1491 2849 1605 2906 tineaene
1633 2849 1798 2918 demolienti,
1828 2867 1863 2906 an
1898 2849 1946 2906 iuri

298 2944 342 3000 iret
361 2942 461 3009 anima,
481 2955 542 3014 quae
555 2939 590 2995 ad
605 2937 754 3011 imaginem
776 2945 828 2994 est.
1148 2937 1305 3006 ellodienti;
1334 2938 1405 2994 hosti
1429 2936 1581 3010 deripienti,
1598 2953 1633 2994 au
1657 2939 1713 3014 igni
1738 2937 1889 2996 devoranti.
1919 2939 1947 2994 Et

334 3031 425 3086 3.Sed
439 3030 502 3084 dioo
519 3026 649 3084 :Nihilne
674 3042 742 3098 ergo
766 3025 885 3098 amplius
904 3026 986 3082 habet
1004 3027 1094 3099 imago
1148 3029 1211 3084 inde
1225 3027 1325 3084 misero
1349 3025 1454 3084 homini
1479 3025 1631 3082 incurvanti
1644 3036 1724 3099 se,et
1751 3027 1890 3084 incubanti
1911 3027 1949 3080 iris

295 3121 332 3175 air
346 3117 438 3173 auiuta
449 3131 513 3192 quta
529 3117 564 3170 ad
586 3114 733 3187 imaginem
753 3121 804 3182 est,
825 3113 890 3183 quia
909 3121 935 3170 et
949 3113 1012 3171 huic
1036 3130 1094 3170 ma·
1148 3132 1208 3189 quae
1222 3116 1250 3173 iu
1265 3124 1336 3172 terra
1349 3121 1421 3182 suut,
1437 3113 1537 3170 flebilis
1550 3131 1600 3172 roa
1615 3115 1661 3173 iila
1675 3117 1708 3171 de
1719 3117 1842 3188 psalmo:
1865 3115 1949 3170 Nicer

296 3222 381 3280 gnum
404 3211 564 3276 reatumque
583 3202 783 3275 assignamus?
803 3202 836 3256 lit
849 3203 1006 3273 plurimum.
1031 3204 1094 3259 llaec
1148 3207 1243 3276 sacten
1256 3223 1331 3272 cum,
1352 3208 1380 3262 el
1401 3209 1536 3262 carnatus
1549 3221 1615 3261 cum
1625 3221 1710 3276 usque
1726 3205 1756 3261 in
1766 3205 1874 3274 ῥηεπις
1891 3209 1946 3260 teta

296 3297 331 3353 ad
349 3307 506 3350 mensuram
520 3291 636 3362 accepit,
652 3290 699 3346 iila
722 3291 757 3345 ad
772 3290 966 3362 equalitatem.
981 3294 1024 3348 An
1039 3307 1094 3346 non
1147 3293 1192 3349 die
1220 3294 1408 3350 contristatus
1439 3292 1618 3365 ingrediebar
1631 3292 1715 3362 (Paul.
1730 3308 1843 3358 axxvrr,
1861 3293 1900 3353 'tn
1919 3291 1945 3344 lu

296 3384 359 3458 plns
372 3382 449 3440 irocl
463 3381 583 3438 Advorte
598 3386 625 3436 et
635 3378 718 3434 aliud.
729 3379 797 3435 lluio
806 3386 952 3451 utrumque
962 3387 1007 3436 aut
1018 3395 1095 3436 crea·
1148 3382 1294 3452 semetipso
1308 3380 1442 3452 siquidem
1456 3380 1595 3452 experitur
1603 3379 1740 3438 veritatem
1753 3379 1830 3434 itlius
1843 3389 1946 3434 senten

296 3474 344 3541 tio,
360 3478 408 3527 aut
426 3469 550 3543 dignatio
573 3467 704 3534 eontulit;
724 3466 764 3523 ilii
790 3468 941 3540 generatio.
963 3469 1053 3536 Atque
1066 3469 1094 3524 id
1150 3470 1194 3524 tiae
1208 3467 1347 3541 Sapientis
1364 3472 1455 3526 :near
1469 3474 1581 3526 rectum
1589 3469 1823 3539 ltemiuemscer't,
1834 3470 1947 3540 ipsequ-

295 3559 513 3634 maguiflcentius
538 3573 599 3614 esse
624 3571 680 3612 non
704 3555 818 3611 dubium
841 3565 893 3615 est.
915 3556 967 3612 Sed
984 3573 1019 3612 ne
1042 3557 1096 3614 hoc
1152 3561 1208 3612 tem
1218 3572 1246 3616 se
1256 3557 1403 3629 implicuit
1431 3556 1573 3614 doloribus
1596 3558 1696 3614 multia
1710 3557 1873 3628 (decenn,
1892 3559 1945 3617 30).

296 3649 407 3720 quidam
421 3647 585 3703 eminentius
598 3660 662 3700 essa
686 3644 749 3715 quis
772 3646 881 3710 abnuat,
906 3646 1055 3715 quodcum
1080 3661 1096 3700 a
1150 3645 1186 3701 Et
1206 3646 1334 3702 contiuuo
1361 3659 1414 3702 voa
1442 3645 1551 3702 ineunti
1574 3645 1608 3702 ad
1637 3662 1719 3703 eum:
1745 3646 1945 3703 incursarent

190 3801 191 3804 Ἴ
296 3737 357 3792 Deo
371 3734 446 3802 huie,
463 3734 501 3790 illi
516 3741 543 3790 et
557 3735 591 3790 dc
603 3733 662 3788 Deo
676 3739 824 3802 utrumque
838 3733 883 3800 sit,
900 3731 926 3786 id
945 3741 986 3788 est
999 3733 1033 3788 dc
1046 3733 1097 3788 Dei
1154 3740 1338 3793 transeamus
1354 3737 1419 3806 (iro.
1436 3751 1472 3800 ut,
1487 3738 1545 3807 23).

299 3823 463 3879 substantia.
474 3821 524 3876 Est
533 3821 607 3876 enim
617 3819 856 3876 consubstantialis
867 3820 925 3876 Deo
935 3821 1027 3894 imago
1038 3838 1096 3889 sua,
1189 3827 1218 3880 5.
1237 3823 1290 3878 Sed
1305 3824 1378 3879 unde
1392 3823 1516 3881 venimus
1529 3824 1604 3880 huc‘l
1620 3823 1724 3895 Nempe
1737 3821 1813 3890 iude,
1828 3821 1946 3878 cumdo-

259 3943 269 3961 ·
298 3920 324 3970 et
339 3910 504 3983 omnequod
521 3910 609 3966 eidem
628 3906 738 3966 1541
760 3925 817 3965 sna
836 3909 948 3982 imagini
965 3910 1098 3980 impertiri
1153 3928 1214 3968 cere
1245 3913 1388 3980 vellemus,
1417 3921 1519 3970 rectum
1542 3927 1727 3985 magnumque
1752 3917 1818 3984 (quo
1838 3909 1947 3984 guatino

298 4001 415 4069 videtur,
432 3999 564 4056 mbobus
584 4007 628 4056 εει
649 3997 837 4067 substantiale,
854 4015 908 4054 non
923 3999 1098 4056 accidentale.
1153 4001 1227 4057 bono
1264 4000 1453 4056 definieramus
1481 4001 1638 4072 imaginem)
1664 4015 1714 4057 nec
1736 4001 1764 4056 in
1784 3999 1876 4055 anima
1892 4014 1948 4054 ease

299 4090 399 4147 Adhuc
421 4103 503 4145 unum
528 4089 645 4154 attendo,
672 4087 701 4143 in
724 4103 779 4160 quo
808 4087 900 4162 imago
923 4103 979 4143 uon
1001 4103 1099 4161 parum
1154 4104 1247 4160 uuum,
1262 4105 1313 4146 nec
1340 4105 1401 4146 eum
1416 4089 1515 4159 anima,
1533 4087 1757 4163 quemadmodum
1773 4088 1802 4144 in
1822 4087 1949 4145 Verboct

299 4179 410 4236 eminet.
428 4178 553 4250 Magnum
569 4185 596 4232 et
610 4185 718 4233 rectum
732 4177 797 4247 (ista
819 4176 874 4232 duo
899 4185 997 4232 natura
1010 4193 1026 4230 a
1038 4191 1100 4235 sese
1153 4195 1215 4233 cum
1223 4177 1314 4235 Verbo
1328 4195 1361 4236 ea
1375 4195 1458 4234 unum
1472 4193 1533 4234 ease
1545 4177 1618 4234 fideli
1635 4193 1714 4250 aeque
1727 4175 1880 4233 assertiorm
1900 4175 1946 4232 do·

300 4269 458 4339 discrepare
473 4267 535 4338 quis
553 4265 660 4322 neseiat
678 4266 704 4336 l)
724 4265 752 4320 in
775 4265 895 4339 imagine
918 4282 1003 4322 uuum
1026 4275 1099 4327 sunt.
1154 4265 1269 4322 enimus.
1287 4268 1322 4323 Et
1334 4265 1369 4324 de
1383 4265 1551 4324 rectitudine
1566 4265 1674 4340 quidem
1687 4282 1721 4322 ex
1740 4265 1785 4322 lris
1805 4281 1869 4338 quae
1881 4264 1949 4321 dicta

299 4358 395 4428 Neque
422 4355 475 4411 hoe
496 4354 605 4409 solum:
632 4369 717 4408 unum
740 4363 803 4408 suut
822 4362 847 4409 ct
877 4369 938 4410 enm
970 4355 1099 4428 imagine.
1154 4362 1227 4420 sunt,
1247 4354 1419 4428 liquctquod
1442 4355 1589 4414 diversaet
1615 4355 1650 4411 ab
1673 4355 1765 4412 anima
1791 4355 1836 4422 sit,
1856 4363 1882 4412 et
1916 4353 1949 4408 ab

301 4444 415 4517 imagini
437 4443 509 4500 enim
529 4458 585 4499 nou
598 4443 682 4498 modo
697 4443 726 4496 id
744 4449 852 4498 rectum
876 4451 1003 4513 estesse,
1027 4445 1098 4517 quod
1155 4443 1251 4500 anima
1265 4442 1462 4518 magnitudine:
1488 4443 1707 4518 qnandoquidem
1735 4459 1769 4500 ea
1794 4453 1876 4499 ettam
1899 4457 1948 4496 uon

301 4547 430 4606 magnum
457 4547 528 4599 esse,
557 4529 700 4588 sedetiam
724 4531 752 4586 id
785 4547 912 4604 magnum
941 4540 1100 4606 rectumque
1115 4541 1139 4617 ῃ
1156 4535 1298 4604 existente,
1320 4541 1346 4588 ct
1374 4533 1465 4589 auirna
1491 4543 1590 4604 manet,
1606 4541 1633 4591 et
1648 4548 1754 4608 magna.
1773 4531 1875 4590 Verum
1893 4547 1948 4586 ma·

299 4639 370 4691 esse,
396 4621 467 4694 quod
494 4636 566 4678 esse.
590 4619 697 4676 ,inimus
720 4634 777 4676 non
804 4621 851 4676 ita.
879 4621 913 4679 Et
940 4622 1099 4694 magnitudo
1154 4622 1300 4696 gnitudinis
1339 4621 1489 4696 animaeque
1517 4623 1660 4680 diversitas
1684 4621 1755 4678 unde
1782 4619 1948 4677 docebitur?

301 4712 372 4781 ejus,
387 4719 414 4766 et
428 4709 561 4766 rectitudo
584 4708 669 4780 ipsius
692 4708 806 4765 diversae
820 4709 855 4763 alr
874 4725 916 4777 ea,
931 4710 1047 4768 diversa
1066 4713 1100 4768 ab
1156 4713 1220 4768 Nou
1236 4711 1308 4768 enim
1324 4711 1389 4769 iude
1407 4720 1509 4782 potest,
1526 4712 1597 4768 unde
1621 4709 1789 4768 rectitudinis
1802 4710 1949 4780 animam

303 4799 418 4854 invicem
433 4804 506 4854 sunt.
528 4797 557 4854 Si
582 4797 665 4866 enim,
690 4805 720 4852 ut
740 4811 824 4868 supra
847 4799 940 4865 docui,
962 4815 996 4856 eo
1010 4801 1101 4856 anima
1155 4807 1368 4869 monstratust,
1385 4815 1513 4856 cumnon
1528 4800 1598 4856 sicut
1613 4799 1782 4865 reatitudine,
1797 4798 1836 4854 ita
1854 4805 1947 4853 etma-

303 4901 402 4962 magna
425 4897 476 4955 est,
493 4901 547 4959 quo
573 4901 659 4958 capax
683 4894 912 4960 eternorum3eo
932 4897 1016 4957 reeta,
1046 4903 1101 4960 quo
1155 4887 1298 4961 gnitudiue
1308 4903 1356 4944 sua
1373 4887 1470 4958 privari
1485 4888 1575 4942 anima
1598 4885 1693 4957 possit.
1709 4885 1771 4942 Non
1789 4894 1831 4941 est
1862 4889 1948 4942 tamen

304 4982 437 5048 appetens
452 4991 657 5048 supernorum:
682 4991 743 5047 qua
757 4991 812 5032 nou
836 4976 934 5048 quaerit
955 4991 1007 5034 nee
1030 4975 1102 5048 sapit
1155 4992 1206 5032 sua
1221 4976 1377 5047 magnitudo
1395 4976 1496 5031 anima.
1516 4975 1584 5030 Nam
1598 4975 1651 5030 etsi
1663 4973 1751 5029 anima
1765 4988 1820 5029 non
1843 4973 1947 5028 inveni·

301 5079 365 5134 qnae
379 5079 489 5120 sursum
505 5072 577 5133 sunt,
594 5065 642 5120 sed
654 5079 715 5136 qua
726 5080 809 5132 super
821 5071 934 5134 terram,
951 5081 1005 5122 nnn
1019 5065 1101 5137 plane
1156 5075 1199 5120 tur
1227 5067 1327 5136 absque
1355 5063 1539 5136 magnitudine
1563 5079 1623 5131 sua,
1639 5061 1699 5134 ipsa
1717 5069 1808 5118 umen
1822 5070 1849 5117 et
1877 5069 1950 5116 extra

301 5161 343 5210 est
367 5160 451 5222 mota,
471 5151 526 5210 sed
549 5168 642 5219 cuma,
667 5166 729 5208 oum
753 5160 845 5211 tamen
866 5170 917 5226 pro
942 5154 1101 5224 huiusmodi
1155 5151 1269 5208 animam
1301 5153 1441 5223 reperitur.
1469 5150 1574 5220 Quaeris
1601 5151 1665 5206 ubil
1698 5150 1728 5205 ln
1754 5149 1872 5223 angelis.
1888 5149 1950 5202 lom

301 5259 404 5321 magua
417 5259 481 5300 esse
494 5258 550 5300 nou
563 5241 677 5311 desinat,
704 5257 816 5299 manans
840 5241 933 5315 utique
957 5243 1040 5300 etiam
1062 5245 1102 5301 sic
1154 5241 1254 5312 quippe
1271 5239 1360 5312 magni
1375 5248 1437 5295 sunt
1451 5239 1549 5314 angeli,
1576 5240 1647 5296 unde
1673 5238 1771 5294 animae
1795 5237 1950 5314 magnitudo

302 5333 460 5392 aternitatis
475 5347 571 5405 capax.
588 5331 682 5405 Neque
701 5331 772 5388 eninr
791 5329 864 5387 illius
884 5331 1031 5402 aliquando
1044 5347 1101 5390 nou
1155 5329 1355 5402 compmbatur‚
1371 5345 1403 5384 ex
1418 5337 1499 5402 captu
1512 5328 1640 5386 videlicet
1655 5327 1822 5385 aternitatis
1838 5325 1913 5396 Quod
1929 5325 1950 5378 si

301 5439 393 5497 capax
407 5423 469 5494 erit,
492 5421 600 5480 etiamsi
622 5437 763 5494 nunquam
777 5419 889 5493 capiens
911 5420 1002 5487 luerit,
1027 5429 1057 5476 ut
1066 5421 1101 5492 si,
1156 5436 1189 5477 eo
1203 5419 1325 5478 constitit
1351 5423 1468 5476 animam
1483 5421 1637 5492 discrepare
1660 5417 1856 5477 arectitnriue
1892 5431 1948 5477 sua.

300 5511 577 5587 quomodoscriptnm
588 5519 649 5569 est:
667 5513 863 5571 immtamen
873 5513 905 5568 in
914 5511 1103 5584 inopinepcr·
1156 5509 1228 5582 quod
1251 5525 1283 5564 ea
1302 5525 1395 5565 carere
1414 5509 1512 5581 possit:
1530 5507 1626 5580 quidni
1657 5523 1736 5579 aeqne
1762 5507 1864 5578 liqueat
1890 5519 1949 5559 esse

302 5604 408 5658 manui
420 5602 598 5674 inmoll’sal.
619 5615 744 5668 xxxvtu,
759 5600 807 5674 t);
819 5617 852 5657 ea
866 5607 944 5673 parte
957 5607 1057 5668 umen,
1073 5607 1103 5657 nt
1157 5599 1292 5655 diversam
1308 5604 1335 5654 et
1349 5614 1363 5652 a
1379 5613 1428 5652 sua
1439 5595 1633 5670 magnitudine,
1650 5611 1732 5667 quam
1746 5593 1799 5650 sibi
1816 5591 1949 5667 propriam

299 5689 1101 5764 eminentiaverbiappareatdeipsaintegritate.Quoenlm
1157 5688 1296 5747 vindicare
1310 5703 1362 5746 nou
1380 5687 1491 5760 possiti
1512 5688 1580 5744 Cum
1594 5690 1745 5760 itaqncaec
1760 5683 1805 5742 illa
1826 5685 1855 5740 ia
1867 5680 1951 5747 omi·
