4118 6346
114 395 166 450 aas
627 391 788 450 rnrssro
801 389 1054 464 rsuracosrna,
1075 391 1244 451 suasor.
1708 397 1761 451 aaa

112 514 220 585 quidem
235 514 264 569 iu
277 513 474 572 cordenustru.
490 514 560 583 Quid
572 525 664 570 antem
676 533 702 570 ru
712 521 794 572 eorde
805 517 908 572 Patris‘l
927 534 950 611 Α
966 517 1099 584 ctionem3
1125 515 1189 570 illud
1203 516 1231 570 iu
1246 515 1454 584 compunctione
1482 516 1572 573 cordis
1595 523 1623 572 et
1636 514 1763 570 lamentis

111 602 227 660 Sicutin
250 603 328 658 nobis
356 603 510 675 interpellat
534 620 583 674 pro
612 604 707 671 uobis;
737 605 774 658 ita
789 605 816 658 iu
832 605 910 660 Patre
967 605 1141 677 poeuitentiae,
1166 603 1238 659 istud
1261 602 1448 658 indevotione
1474 605 1584 676 spiritus
1605 613 1633 660 et
1647 603 1762 660 Alleluia

112 693 212 748 delicta
239 691 322 748 donat
335 709 397 749 cum
420 693 478 764 ipso
502 693 590 760 Patre,
611 695 756 748 advocatus
771 703 863 750 noster
876 691 912 747 ad
967 694 1090 750 solemni.
1103 693 1179 748 Prius
1189 691 1298 764 quidam
1314 697 1420 760 tempus
1435 692 1493 762 ipsa
1507 700 1550 747 est
1562 693 1616 748 rita
1631 707 1762 764 presens,

115 782 261 838 Patremiu
275 781 404 838 cordibus
417 783 527 848 nostris,
546 782 678 838 Dominus
694 790 788 838 noster
806 785 834 837 in
849 799 911 840 cor-
968 783 1103 855 posteriue
1130 797 1195 838 vcro
1219 781 1338 853 quietem
1362 787 1517 836 sanctorum
1545 779 1687 852 significat,
1703 795 1764 854 quae

115 870 257 926 dePatris.
276 871 369 942 ltaque
384 870 644 942 quodpostulemus,
661 871 732 927 idem
746 871 912 944 ipsedouat‚
968 879 1011 927 est
1036 878 1099 944 post
1118 876 1242 926 mortem.
1272 869 1339 926 Cum
1368 871 1459 924 autem
1473 867 1580 924 venerit
1603 867 1674 923 illius
1687 869 1765 940 quiu-

116 959 162 1030 qui
173 958 294 1014 donatur
308 959 497 1030 postulemus:
516 966 545 1014 et
558 959 687 1016 sioutms
697 958 777 1034 erigit
787 959 831 1030 pia
842 972 912 1029 qua·
969 960 1135 1033 quagesimae
1149 959 1220 1027 finis,
1231 957 1369 1030 injudicio
1379 956 1481 1013 scilicet
1500 964 1526 1012 et
1549 956 1762 1028 resurrectione,

117 1045 180 1100 dam
196 1043 302 1112 fiducia,
320 1045 356 1100 ita
372 1047 457 1102 Deum
467 1045 578 1102 inclinat
592 1047 627 1101 ad
642 1062 692 1103 nos
706 1046 793 1117 magis
807 1045 851 1118 pia
866 1045 917 1098 rni-
970 1049 1113 1122 completis
1154 1048 1251 1104 diebus
1290 1049 1474 1114 Pentecostes‚
1511 1042 1600 1100 aderit
1626 1042 1766 1116 plenitudo

117 1133 267 1190 sericordia
293 1148 352 1192 sua.
370 1135 464 1205 ltaque
479 1141 508 1188 ut
524 1134 634 1190 omniuo
649 1133 720 1190 scias
735 1135 798 1206 qula
817 1134 916 1189 remis·
971 1137 1097 1209 Spiritus,
1112 1145 1239 1194 ettotam
1254 1134 1372 1207 replebit
1392 1133 1513 1190 domum.
1535 1131 1618 1188 Plena
1633 1131 1766 1203 siquidem

117 1223 222 1277 sionem
247 1229 421 1292 peccatorum
444 1221 560 1293 Spiritus
574 1231 683 1279 sauctus
697 1230 835 1294 operetur,
854 1220 918 1276 audi
973 1227 1024 1282 erit
1037 1227 1128 1283 omnis
1143 1233 1216 1283 terra
1239 1226 1381 1295 majestate
1405 1224 1473 1292 ejus,
1487 1220 1596 1294 quando
1610 1233 1666 1277 nou
1681 1219 1768 1276 solum

116 1309 189 1382 quod
209 1310 358 1382 aliqnando
373 1309 517 1366 audierunt
541 1311 671 1382 apostoli:
688 1314 810 1384 Accipite
824 1311 918 1383 Spiri-
973 1313 1073 1380 auima,
1101 1315 1150 1370 sed
1164 1322 1192 1371 et
1206 1313 1295 1385 ipsum
1309 1327 1408 1383 corpus
1429 1308 1568 1382 spirituale
1594 1314 1729 1381 resurget,
1745 1306 1769 1361 si

113 1399 921 1472 tumsorcctum5qcorumremiseritiapcccotcrcucittuu»
974 1411 1076 1468 amau,
1104 1404 1180 1473 juxta
1210 1400 1334 1472 Apostoli
1361 1399 1503 1466 munitum,
1532 1397 1596 1454 dum
1624 1397 1712 1454 adbuc
1726 1401 1770 1452 est

116 1494 166 1544 tur
176 1488 323 1556 abaciaco.
334 1503 386 1553 xx,
396 1486 453 1558 22).
464 1487 500 1541 Et
510 1485 545 1542 de
556 1487 628 1544 malo
639 1486 747 1559 quidem
758 1485 919 1546 declinando
973 1491 1100 1554 animale,
1116 1489 1196 1545 inerit
1208 1489 1366 1544 seminatum
1387 1489 1412 1559 (l
1427 1489 1487 1545 Cor.
1503 1503 1553 1554 xv,
1568 1488 1624 1558 ti).

117 1575 167 1628 sic.
1285 1577 1401 1632 SERlll)
1425 1576 1455 1630 ll.

155 1663 181 1716 5.
197 1659 282 1714 Porro
297 1657 332 1712 ad
346 1639 500 1714 laciendum
522 1661 623 1716 bonum
639 1660 705 1733 quid
720 1661 748 1716 iu
762 1662 841 1718 nobis
856 1661 919 1733 Spi-
975 1665 1149 1740 Deoperibus
1164 1665 1313 1722 Trinitatis
1321 1681 1406 1738 super
1416 1663 1667 1735 cos,etdetriplici
1675 1663 1771 1734 paee

120 1748 190 1804 ritus
203 1747 293 1804 bouus
311 1749 457 1820 operaturi
472 1747 599 1805 Proiecto
613 1756 715 1818 mouet,
733 1757 760 1806 ει
775 1758 876 1818 moret,
893 1757 920 1806 et
1249 1754 1376 1826 Spiritus
1390 1752 1493 1808 sancti.

119 1837 211 1892 docet.
232 1838 325 1892 blonet
352 1838 520 1906 memoriam,
551 1838 685 1894 rationem
712 1840 803 1908 docet,
827 1839 960 1916 moretfl
1012 1849 1038 1900 ι.
1053 1841 1151 1909 Hodie,
1178 1840 1354 1912 dilectissimi,
1380 1839 1441 1895 oceli
1463 1837 1658 1895 distillaverunt
1671 1853 1688 1894 a
1702 1838 1771 1895 facie

118 1926 301 1984 voluntatem.
318 1924 405 1980 lubia
420 1927 492 1982 euim
519 1927 604 1983 tribus
623 1933 679 1983 tota
693 1928 817 1984 consistit
832 1928 922 1984 anima
976 1932 1026 1990 Dei
1049 1930 1134 2002 Sinai,
1158 1928 1259 1986 aiecio
1283 1927 1333 1984 Dei
1352 1927 1445 1994 lsrael,
1461 1933 1490 1981 ει
1505 1925 1594 1998 pluvia
1620 1925 1773 1982 voluntaria

119 2023 227 2070 nostra.
256 2014 394 2070 Memoriae
421 2015 543 2090 suggerit
567 2015 639 2072 bena
664 2015 692 2072 iu
716 2016 923 2089 cogitationibus
977 2027 1120 2092 segregata
1134 2026 1175 2076 est
1188 2016 1339 2079 lraeradilttti
1353 2015 1450 2072 Christi
1466 2015 1551 2084 (Paci.
1568 2027 1656 2082 axau,
1672 2015 1700 2080 9,
1716 2012 1772 2084 lt).

119 2104 234 2172 sanctis,
263 2111 346 2176 atquc
371 2103 408 2160 ite
421 2103 556 2177 ignaviam
584 2113 704 2160 uestram
732 2113 924 2179 torporemque
979 2109 1093 2182 Spiritus
1118 2109 1189 2164 enim
1218 2117 1327 2164 sauctus
1351 2103 1505 2177 procedens
1519 2118 1535 2157 a
1551 2105 1639 2170 Patre,
1664 2101 1775 2176 largiori

119 2191 239 2264 repellit
256 2191 407 2262 Propterea
430 2191 539 2264 quoties
553 2192 707 2263 hujusmodi
721 2193 925 2270 suggestionem
978 2214 1092 2254 munera
1121 2213 1177 2253 snae
1205 2194 1357 2266 mejestatis
1370 2193 1397 2248 iu
1412 2192 1536 2265 apostolo
1555 2188 1722 2262 supervenit,
1748 2199 1775 2246 et

118 2279 187 2336 boui
201 2279 365 2338 senserisin
380 2279 534 2346 cordetuo,
550 2280 732 2345 dabonorem
750 2283 817 2346 Deo,
832 2289 860 2340 ct
874 2297 925 2353 age
981 2287 1072 2343 tribuit
1087 2287 1129 2342 eis
1147 2284 1338 2342 charismatum
1360 2281 1441 2338 dona.
1457 2280 1521 2336 Post
1546 2275 1776 2351 magnificentiam

119 2369 308 2428 reverentiam
330 2369 440 2442 Spiritui
458 2377 563 2436 sancto,
579 2371 657 2440 cuius
670 2385 723 2429 uox
738 2378 817 2427 sanat
830 2371 860 2425 in
878 2387 927 2426 au·
981 2375 1053 2432 enim
1081 2374 1260 2449 resurgentis,
1284 2377 1346 2443 post
1374 2371 1488 2446 gloriam
1516 2368 1699 2434 ascendentia,
1715 2372 1775 2437 post

120 2457 200 2511 ribus
230 2457 296 2514 tuis.
311 2457 373 2529 lpse
388 2473 507 2530 namque
521 2467 563 2514 est
586 2457 634 2529 qui
647 2459 766 2530 loquitur
784 2458 926 2530 justitiam.
981 2463 1126 2520 residentis
1140 2460 1344 2528 sublimitatem,
1359 2473 1413 2515 nou
1430 2457 1551 2513 restabat
1565 2455 1658 2511 uisiut
1677 2467 1776 2526 exspe-

121 2544 198 2600 Elin
212 2545 363 2620 Evangelio
378 2545 464 2602 hebes
477 2546 540 2617 quia
549 2546 593 2602 ille
603 2553 728 2620 supparet
736 2547 811 2604 vobis
821 2549 926 2618 omnic,
981 2558 1053 2608 cteta
1063 2549 1157 2624 [oliae
1169 2545 1376 2620 exspectationi]
1383 2547 1516 2617 justorum
1525 2542 1617 2600 laetitia
1626 2542 1776 2614 adveniret,

120 2635 411 2707 quoeouraqccdieero
425 2636 510 2691 vobis.
528 2635 563 2690 Et
576 2635 688 2692 adverte
707 2635 770 2706 quid
786 2634 927 2706 premiss-
982 2647 1010 2695 ει
1024 2639 1085 2696 coeli
1107 2635 1265 2695 muneribus
1291 2633 1417 2692 coelestcs
1442 2631 1566 2688 homines
1588 2629 1777 2703 implerentur.

121 2720 157 2775 rit
174 2738 181 2776 :
201 2722 255 2778 lttc
268 2738 315 2780 coa
325 2721 434 2780 docebit
449 2723 647 2794 omnioitoora.
662 2738 721 2792 xrv,
735 2723 790 2795 Sd).
803 2723 928 2779 Dixeram
983 2727 1051 2784 Vide
1066 2733 1157 2783 autem
1171 2725 1193 2780 si
1209 2739 1263 2780 uon
1279 2730 1307 2779 et
1321 2721 1517 2778 sententiarum
1529 2719 1661 2792 pondere,
1676 2725 1704 2775 el
1717 2732 1780 2775 rer·

119 2807 199 2862 enim
212 2809 277 2880 quia
291 2809 371 2865 docet
381 2811 525 2866 rationem.
537 2809 613 2865 blultr
625 2810 758 2880 siquidem
772 2817 928 2877 mouentur,
983 2818 1079 2873 borum
1102 2813 1199 2870 ordine
1224 2813 1283 2868 haec
1310 2809 1400 2866 omnia
1426 2809 1509 2864 isaias
1533 2809 1614 2884 louge
1630 2813 1693 2862 aute
1706 2819 1780 2879 prae·

120 2905 152 2951 ut
168 2895 364 2964 benefaciant;
381 2896 430 2952 sed
458 2898 570 2954 minime
599 2897 686 2954 sciunt
708 2897 774 2970 quid
793 2897 930 2971 agendum
983 2905 1147 2968 dirimerit,
1172 2899 1268 2972 inquit,
1283 2901 1316 2955 in
1330 2900 1376 2956 dic
1397 2898 1451 2955 illo
1475 2911 1588 2970 qmmeu
1618 2895 1731 2954 Domini
1747 2895 1780 2950 io

119 2983 169 3052 sit,
187 2983 246 3039 nisi
261 2984 333 3040 adsit
347 2984 439 3042 denuo
453 2987 541 3057 gratia
555 2985 672 3058 Spiritus
690 2988 791 3056 saucti;
808 2995 930 3058 atquem
983 2990 1235 3064 magnificentium
1244 2987 1344 3060 pieria,
1356 2990 1384 3044 ct
1396 2988 1510 3058 [ructus
1519 2989 1603 3041 terrac
1609 2983 1781 3046 abilitatem

120 3072 244 3143 inspirat
263 3072 467 3143 cogitationem,
497 3076 594 3131 doceat
605 3075 634 3131 iu
649 3091 718 3146 opus
741 3075 875 3146 prolerre,
895 3088 930 3129 ue
985 3071 1781 3150 exsultatiobiaquiauluotisucriattdelmncl(lsc.1v,i).

119 3175 211 3218 vacua
225 3161 257 3216 in
273 3161 353 3217 uobis
367 3162 402 3216 sit
416 3163 504 3233 gratia
517 3164 578 3218 Dei.
594 3163 648 3220 Sed
664 3163 749 3239 quid?
769 3165 874 3222 scienti
887 3164 931 3221 bo·
985 3169 1105 3224 German
1119 3165 1227 3222 Domini
1240 3163 1319 3219 iosus
1344 3161 1466 3219 Christus
1488 3159 1583 3234 lolius,
1599 3175 1652 3215 uon
1666 3171 1782 3231 german

121 3265 211 3315 curn,
223 3253 253 3305 ct
263 3266 321 3306 corz
331 3251 461 3321 [orienti.
471 3257 622 3324 peccatum
632 3248 730 3310 esibili
738 3252 815 3326 [alias
824 3252 932 3309 additur
986 3256 1074 3329 aaut
1089 3254 1164 3311 solus
1177 3253 1212 3309 de
1225 3250 1404 3306 mundissimo
1416 3255 1564 3320 conceptus
1572 3247 1678 3304 semine
1688 3263 1695 3315 ;
1707 3245 1780 3317 quia,

121 3336 235 3411 pratia]
253 3337 326 3409 (icc.
342 3353 383 3406 ιν,
399 3339 453 3410 l‘l).
483 3340 630 3410 Propterea
656 3339 814 3397 nouaclum
829 3340 933 3396 moneri
986 3344 1040 3402 etsi
1060 3344 1088 3400 in
1113 3340 1289 3398 similitudino
1317 3337 1407 3396 caruis
1429 3337 1543 3408 peccati,
1569 3349 1623 3391 non
1647 3333 1780 3390 tamenin

122 3425 278 3498 caducan,
308 3442 402 3482 verum
432 3427 514 3482 etiam
541 3429 647 3485 moveri
661 3427 769 3487 etailici
784 3429 818 3484 ad
832 3429 935 3486 bonum
989 3447 1072 3491 same
1103 3429 1204 3504 pecati.
1234 3428 1293 3484 Etsi
1312 3426 1383 3482 lilius
1401 3425 1490 3482 caruis
1517 3424 1593 3492 Adae,
1614 3436 1670 3479 non
1689 3429 1781 3478 tumen

121 3530 248 3570 necesse
263 3521 306 3568 est
320 3516 353 3570 ab
368 3529 402 3570 eu
417 3515 512 3586 utique
528 3515 641 3587 Spiritu,
657 3517 703 3588 qui
723 3517 834 3588 adjiauat
854 3516 934 3572 infir·
989 3521 1061 3578 lilius
1090 3517 1322 3593 praeuaricationis
1345 3515 1425 3583 adae3
1451 3512 1514 3586 quia
1535 3525 1590 3569 nan
1615 3510 1665 3567 iuit
1686 3515 1783 3566 natura

121 3605 255 3658 mitatem
280 3609 411 3666 nostram,
428 3612 456 3658 ει
469 3619 520 3674 per
538 3620 621 3676 quem
644 3605 672 3660 iu
687 3605 817 3661 cordibus
834 3605 935 3662 nostris
989 3609 1062 3666 filius
1080 3609 1138 3677 irae,
1163 3607 1236 3663 sicut
1258 3603 1357 3678 reliqui
1371 3617 1478 3668 omnes,
1494 3600 1540 3672 qui
1555 3601 1583 3655 iu
1597 3593 1786 3672 iniquitatibus

121 3691 297 3749 diffunditur
311 3691 439 3759 charitas,
455 3709 519 3764 quae
534 3700 575 3749 est
588 3693 661 3750 boue
675 3692 810 3751 voluutas.
991 3704 1056 3754 suut
1081 3694 1217 3768 concepti.
1243 3693 1317 3750 lstud
1345 3707 1412 3764 ergo
1431 3706 1557 3764 germen,
1572 3687 1645 3761 quod
1659 3687 1694 3744 de
1707 3685 1784 3760 virga

160 3786 190 3837 6.
209 3781 309 3852 Itaque
324 3795 386 3836 cum
399 3779 439 3836 sic
454 3781 605 3837 adveniens
620 3781 736 3853 Spiritus
746 3787 831 3838 totam
844 3795 937 3852 posse·

119 3867 349 3938 certissimam,
380 3869 570 3940 suggerendo,
596 3869 769 3942 instruendo,
784 3868 935 3935 afficiendo,

122 3959 251 4030 loquens
280 3972 391 4026 semper
403 3956 431 4013 in
448 3956 659 4031 cogitationibus
669 3959 779 4027 nostris,
794 3967 824 4014 ut
838 3957 932 4015 audia-

124 4063 191 4102 mus
213 4053 243 4102 et
259 4060 312 4100 nos
325 4045 390 4116 quid
412 4045 540 4117 loquatur
552 4046 581 4102 in
594 4047 674 4103 nobis
698 4047 830 4103 Dominus
852 4043 937 4118 Deus,

123 4135 272 4191 rationem
302 4133 466 4204 illuminaus,
494 4134 663 4192 voluntatem
676 4135 865 4202 inflammeus;
883 4151 936 4192 uon

124 4225 178 4278 tibi
204 4223 318 4280 videtur
336 4221 400 4294 quie
415 4229 500 4278 totam
518 4223 628 4279 domum
643 4223 815 4295 impleverint
829 4224 936 4296 disper·

991 3787 1069 3843 lesse
1095 3785 1186 3842 virore
1218 3780 1342 3857 virgineo
1370 3778 1519 3850 pullulavit,
1543 3777 1571 3832 iu
1584 3774 1786 3849 magnificentia

993 3873 1051 3946 tuit,
1077 3889 1140 3930 cum
1167 3868 1361 3927 resurrexisset
1374 3884 1391 3923 a
1404 3866 1538 3936 mortuis3
1553 3866 1616 3938 quia
1639 3874 1714 3933 tuuc,
1728 3863 1784 3921 Do·

996 3963 1070 4020 mine
1085 3963 1158 4018 Deus
1167 3975 1255 4028 meus,
1272 3956 1462 4033 magnificatus
1474 3971 1504 4013 es
1517 3956 1705 4020 vehementer,
1719 3965 1784 4008 cou-

994 4047 1143 4106 iessiouem
1153 4053 1181 4100 ot
1196 4044 1324 4100 decorem
1333 4040 1460 4109 indueus,
1474 4037 1589 4096 amictus
1602 4035 1704 4092 lumine
1717 4035 1786 4092 deut

993 4135 1160 4193 vestimentu
1179 4133 1266 4206 (Paci.
1282 4147 1340 4202 our,
1356 4134 1383 4197 l,
1399 4131 1440 4200 a).
1462 4125 1569 4198 Quanta
1582 4111 1674 4183 autem
1687 4137 1784 4180 ascen

994 4223 1085 4281 dentis
1100 4221 1196 4295 gloria,
1222 4234 1284 4277 cum
1303 4217 1410 4274 medius
1424 4215 1584 4290 angelorum
1593 4223 1622 4272 et
1635 4211 1787 4268 animarum

126 4313 189 4368 titae
204 4312 314 4385 liuguae
329 4317 457 4384 tauquam
471 4311 565 4385 iguis‘l
578 4314 647 4368 Nam
662 4313 689 4367 iu
705 4313 745 4368 his
759 4312 846 4368 tribus
858 4327 939 4382 supe-
994 4319 1151 4369 sanctarum
1174 4308 1208 4365 ad
1233 4308 1339 4365 Patrem
1367 4303 1521 4371 deduceris,
1536 4312 1564 4361 et
1581 4297 1787 4372 triumphatrice

127 4401 191 4455 rius
206 4400 315 4454 dictum
331 4407 372 4454 est
385 4401 501 4454 animam
513 4400 664 4456 consistere
675 4407 769 4456 totam.
781 4399 839 4456 Siut
848 4409 939 4456 autem
954 4421 978 4498 u
994 4400 1086 4473 pabna
1099 4398 1176 4456 coelis
1198 4398 1330 4462 invectus,
1356 4401 1514 4466 susceptum
1532 4392 1672 4449 homiuem
1685 4389 1712 4445 in
1726 4388 1786 4460 ipsa

128 4489 295 4561 dispertitae
321 4487 420 4558 linguae
434 4496 546 4560 propter
568 4489 728 4561 multiplicas
742 4488 939 4560 cogitationes3
994 4488 1142 4547 divinitatis
1164 4485 1266 4544 claudia
1287 4483 1452 4542 identitate?
1469 4481 1535 4553 Quis
1558 4479 1668 4553 cogitet,
1682 4476 1785 4534 nedum

127 4579 183 4635 sed
200 4593 303 4632 earum
316 4575 505 4648 ‚multiplicitas
521 4585 547 4633 et
564 4593 619 4635 uuo
637 4577 739 4634 lumine
767 4577 897 4646 veritatis,
913 4586 941 4635 ει
994 4579 1130 4651 loquatur,
1155 4593 1237 4651 qnam
1251 4575 1286 4631 sit
1299 4574 1402 4630 fructus
1426 4581 1507 4629 terrae
1534 4569 1655 4627 sublimia
1675 4567 1703 4623 in
1717 4582 1785 4625 ceu·

126 4683 187 4723 uno
207 4665 354 4722 charitatis
382 4663 488 4722 fervore
504 4666 527 4720 si
540 4673 670 4737 tauquam
694 4666 774 4738 ignis.
795 4670 849 4723 Aut
867 4673 941 4724 certe
995 4683 1072 4724 sessu
1086 4666 1122 4721 ad
1148 4666 1289 4720 dexteram
1313 4661 1411 4734 Patris,
1426 4659 1500 4734 quod
1523 4657 1617 4732 utique
1635 4655 1785 4713 caelestium

126 4757 237 4811 domus
267 4751 425 4823 adimpletio
448 4751 495 4808 lini
523 4755 614 4825 potius
638 4763 803 4820 reservetur,
833 4756 941 4826 quaudo
995 4753 1087 4810 oculos
1115 4750 1275 4807 reverberat
1298 4753 1466 4813 naturarum,
1495 4745 1568 4818 quod
1596 4741 1735 4828 angelicus
1748 4741 1788 4798 iu-

126 4855 300 4898 mensuram
328 4840 436 4906 bonam,
458 4848 487 4896 et
505 4843 666 4912 confertam,
688 4851 717 4898 et
730 4843 901 4916 coagitatam,
915 4851 943 4902 et
996 4839 1079 4897 tuitus
1097 4837 1250 4904 contremit,
1267 4850 1323 4892 non
1340 4833 1467 4909 attingit?
1481 4831 1581 4892 Veniat
1589 4847 1656 4909 ergo
1669 4829 1788 4888 exsulta·

125 4928 386 5003 supereffluentem
395 4928 497 4985 dabunt
509 4931 536 4986 in
550 4932 624 4987 sinus
638 4940 756 4989 nostros.
769 4931 823 4990 Sed
833 4932 942 5004 quaudo
996 4927 1045 4996 tio,
1060 4925 1177 4984 Domine
1200 4925 1274 4994 lesu,
1299 4923 1341 4979 his
1366 4921 1413 4996 qui
1431 4919 1527 4980 salvati
1546 4927 1610 4978 suni
1635 4920 1669 4976 de
1694 4916 1787 4986 lsrssel·

125 5023 191 5076 haec
207 5019 318 5074 eruut?
335 5015 533 5078 Proiectocum
547 5019 674 5092 completi
687 5019 789 5076 luerim
803 5020 942 5076 diesl‘eu-
995 5014 1125 5088 apostolis
1150 5013 1213 5084 tuis,
1230 5027 1298 5084 quos
1325 5009 1432 5084 elegisti
1449 5018 1513 5068 aute
1544 5008 1639 5066 mundi
1660 5005 1791 5064 coustitu-

125 5116 268 5166 tecostes.
286 5105 390 5161 Felices
403 5121 463 5174 uos,
480 5106 527 5177 qni
539 5108 594 5178 jam
610 5107 729 5165 intrastis
743 5107 941 5180 quiuquagesi·
997 5104 1112 5163 tionem.
1122 5102 1221 5159 Veniat
1230 5101 1347 5173 Spiritus
1358 5109 1419 5158 tuus
1427 5100 1516 5158 bonus
1525 5099 1572 5171 qui
1581 5096 1677 5154 sordes
1687 5094 1788 5162 abluat,

126 5214 207 5252 mam
225 5193 344 5267 requiei,
358 5201 387 5250 et
399 5193 539 5264 jubilaeum
556 5211 667 5252 aunum.
696 5196 806 5255 Fratres
835 5205 942 5254 nostros
996 5199 1024 5250 et
1038 5193 1163 5250 infundat
1186 5193 1312 5258 virtutes,
1337 5188 1494 5262 inspiritus
1515 5185 1621 5259 iudicii,
1642 5191 1671 5242 et
1693 5182 1790 5256 spiritu

126 5287 247 5358 loquor,
270 5283 368 5355 quibis
393 5284 449 5353 jem
474 5281 542 5356 dixit
560 5283 718 5355 Spiritusne
737 5285 942 5358 requiescente
997 5282 1102 5340 ardoris
1116 5281 1200 5356 [alios
1213 5279 1333 5338 additur
1345 5279 1418 5352 Deil.
1751 5289 1752 5294 ’

124 5375 281 5431 laboribus
295 5373 359 5427 suis.
375 5371 482 5426 Etenim
499 5369 590 5428 930
608 5373 659 5429 boc
671 5389 779 5445 qnoque
793 5373 866 5428 inter
881 5375 942 5445 ejus
1032 5377 1059 5428 2.
1078 5371 1125 5426 Eia
1139 5370 1231 5442 igitur,
1256 5369 1364 5440 iratres,
1388 5367 1540 5443 cogitemus
1555 5378 1638 5435 super
1656 5376 1708 5419 nos
1720 5368 1748 5418 et
1761 5360 1790 5416 ln

123 5477 220 5536 opera
237 5460 402 5530 reperimus.
427 5461 612 5533 Duouamque
626 5460 939 5537 temporacelebramus,
997 5476 1049 5519 uos
1075 5475 1159 5533 opera
1193 5455 1332 5516 Trinitatis
1358 5457 1393 5513 ab
1419 5453 1497 5511 initio
1525 5452 1621 5510 muudi
1645 5449 1790 5530 usquead

125 5553 260 5616 iratres;
278 5546 499 5620 Quadragesiruae
521 5564 617 5616 unum,
630 5549 745 5606 alterum
761 5547 939 5624 Quinquage-
997 5549 1090 5618 iiuem‚
1108 5556 1135 5607 et
1148 5546 1289 5606 rideamus
1314 5561 1396 5621 quam
1409 5541 1524 5602 sollicita
1538 5541 1618 5599 luerit
1637 5541 1682 5598 illa
1700 5542 1789 5613 maje-

127 5643 214 5700 simae
232 5655 239 5695 ε
258 5634 400 5692 illudente
420 5637 588 5707 Passionem,
617 5637 690 5696 istud
716 5645 779 5714 post
806 5639 939 5699 Resurre-
996 5646 1063 5708 stas,
1079 5639 1123 5697 cui
1137 5636 1334 5695 administratio
1348 5634 1450 5710 pariter
1463 5640 1492 5691 et
1504 5631 1666 5708 mornatio
1678 5629 1792 5692 ucula·
