4116 6348
222 353 276 424 m
690 369 717 429 S.
737 370 903 434 ulturum
921 369 1058 434 lustris
1076 369 1407 432 tumn-vulsisse.
1813 371 1869 432 bul

223 487 297 546 tione
316 489 375 544 sine
397 487 578 562 tribulatione,
599 493 627 550 in
640 496 804 556 sublimitate
818 501 877 556 siue
896 498 1014 555 vaniore
1032 512 1056 592 fl
1072 498 1219 571 proadem,
1235 500 1372 570 quomodo
1385 497 1449 570 pius
1463 499 1541 556 Pater
1554 495 1826 569 ploridosndoslilios
1841 497 1871 554 in

222 589 284 633 esse
298 575 359 647 quis
377 577 488 647 potest?
506 580 577 640 Eoos
592 584 685 655 quales
697 587 824 646 bonores.
839 587 909 657 Quid
923 595 1014 644 antem
1073 601 1151 644 uranu
1167 585 1308 644 tentatoris
1326 585 1472 659 relinquat,
1488 601 1541 642 non
1570 586 1603 641 ad
1621 583 1798 650 oooisiouem,
1819 587 1871 642 sed

223 649 258 718 da
280 660 387 733 gloria?
409 663 504 721 Gloria
530 667 578 724 tibi
603 671 686 738 unde,
709 673 791 730 ietide
815 674 917 746 pulvis,
939 673 1019 730 limus
1071 674 1104 732 ad
1120 675 1306 748 purgationem
1327 691 1333 727 :
1353 689 1406 730 non
1429 675 1463 730 ad
1487 674 1565 740 iram,
1581 673 1629 732 sod
1653 673 1688 729 ad
1711 673 1871 732 miseridor-

222 756 312 818 terrae,
327 767 376 808 vas
390 754 416 809 in
435 756 624 814 coutumeliam
635 759 649 814 i
661 761 721 818 Non
742 761 801 828 tibi,
823 778 875 819 non
896 761 954 828 tibi,
969 763 1018 819 sed
1071 763 1158 830 diam;
1178 779 1233 818 non
1247 763 1280 819 ad
1293 763 1513 829 destructionem,
1533 762 1626 818 sedsd
1643 761 1869 820 instructionem:

223 838 327 896 nomini
340 842 446 900 Domini
466 844 580 916 gloriam
603 847 678 904 sede.
699 849 740 904 llli
754 851 880 921 permitte
905 850 1017 923 gloriam
1072 861 1102 907 ut
1112 852 1168 922 jam
1183 865 1237 906 non
1252 851 1308 906 siut
1320 867 1385 908 uasa
1401 851 1451 907 irs
1464 859 1526 921 apta
1539 850 1568 906 in
1576 848 1729 916 interitum,
1740 850 1789 906 sed
1803 865 1872 909 rasa

222 943 309 998 suam,
324 931 369 1004 qui
384 932 520 1005 gloriosus
532 945 574 992 est
592 935 619 990 in
635 939 732 994 sanetis
745 940 812 995 suis.
832 939 912 996 illum
927 941 1016 1010 lauda,
1073 938 1263 996 miseridordiae
1278 945 1425 1011 praeparata
1438 938 1473 994 ad
1487 951 1611 1011 reguum.
1627 939 1743 1012 Surgam
1758 953 1824 1012 erpo
1841 939 1872 994 iu

223 1033 306 1090 quem
327 1019 441 1078 laudent
467 1023 556 1098 angeli
580 1026 606 1080 irr
628 1027 752 1083 excelsis.
768 1026 898 1100 Nunquid
912 1037 941 1084 et
959 1028 1019 1102 ipsa
1072 1028 1236 1098 adjutorium
1263 1027 1330 1097 illis;
1352 1027 1528 1098 interpellabo
1550 1025 1704 1101 gemidbus,
1719 1026 1873 1100 implorabo

225 1105 313 1162 inanis
329 1107 425 1181 gloria,
441 1126 503 1181 quae
515 1111 580 1167 nilril
594 1112 667 1168 aliud
690 1121 731 1170 est
753 1130 835 1186 quam
849 1117 957 1172 aurium
980 1118 1020 1172 iu·
1073 1117 1206 1189 suspiriis,
1222 1115 1391 1174 orationibus
1406 1115 1583 1178 interoodam,
1600 1113 1763 1171 satisleoism
1783 1114 1871 1172 sani-

225 1191 297 1280 batio
329 1213 405 1266 rana,
434 1216 494 1271 quar
518 1201 609 1256 baberi
631 1202 674 1259 uir
701 1213 789 1272 potest
812 1205 871 1262 siue
894 1205 1019 1264 invidia?
1073 1203 1133 1263 lioio
1152 1205 1303 1277 singulari:
1318 1202 1563 1262 utsilortevideat
1582 1203 1723 1272 Dominus,
1738 1211 1767 1260 et
1792 1202 1871 1273 judl-

226 1285 339 1357 ilespioe
353 1300 420 1358 quos
442 1289 591 1356 antecedis,
606 1300 634 1347 et
651 1293 739 1366 cogita
758 1295 822 1366 quie
836 1295 961 1351 omnibus
980 1297 1022 1352 in·
1074 1303 1126 1364 oet,
1146 1294 1265 1350 laborem
1283 1301 1421 1350 convertat
1434 1291 1463 1348 iu
1478 1292 1610 1366 requiem,
1623 1292 1760 1348 miseriem
1774 1292 1803 1348 iu
1815 1293 1874 1367 plo·

225 1371 305 1428 vidiae
329 1374 430 1430 semina
453 1377 600 1447 praebuisti.
618 1378 719 1437 Omnes
740 1397 806 1455 erpo
825 1383 967 1440 aduersum
994 1392 1020 1440 te
1074 1384 1150 1446 nam,
1170 1383 1286 1438 uerbera
1299 1382 1328 1437 in
1341 1396 1481 1438 eoronam.
1501 1382 1549 1437 liis
1572 1381 1645 1438 anim
1672 1389 1700 1438 et
1713 1379 1872 1451 hujusmodi

227 1461 310 1518 torvis
337 1463 482 1521 luminibus
507 1465 715 1542 irrilsmmantur,
741 1479 786 1527 tus
813 1471 938 1530 lelioitste
967 1481 1021 1532 tor·
1074 1471 1372 1544 oldoiispotesteoruur
1388 1467 1765 1542 poenitentiareeeoari,lin'u·i
1780 1468 1871 1534 labor,

226 1559 353 1624 quentur,
371 1561 415 1608 tua
439 1563 553 1611 uruntur
571 1556 667 1630 gloria.
689 1561 758 1618 Dooe
782 1562 852 1618 unde
875 1562 1020 1634 gloriosus,
1075 1560 1178 1617 destrui
1201 1575 1291 1631 poena.
1310 1560 1441 1618 Perourre
1453 1573 1529 1633 ergo,
1545 1573 1717 1632 quoeunque
1735 1574 1766 1615 es
1785 1557 1874 1616 tidelis

226 1641 291 1698 iude
313 1642 443 1713 odiosus3
467 1648 539 1702 uude
563 1649 697 1716 sublimis,
716 1651 786 1709 uude
808 1652 935 1724 bumilis3
959 1655 1022 1709 inde
1078 1649 1176 1718 anima,
1206 1649 1347 1721 regionam
1374 1647 1546 1720 expiationis,
1571 1657 1598 1704 et
1612 1647 1674 1705 aido
1701 1647 1767 1720 quid
1782 1647 1811 1702 in
1838 1661 1873 1703 ea

228 1729 368 1796 sollicitus,
393 1733 464 1790 unde
488 1750 607 1792 securus.
625 1739 816 1797 Animadverte
838 1742 903 1812 quie
926 1741 949 1796 sl
975 1758 1022 1812 per
1080 1739 1143 1804 list;
1163 1749 1191 1795 et
1207 1737 1235 1792 in
1251 1735 1454 1794 nundinisistis
1476 1735 1520 1794 leo
1534 1737 1665 1794 sarainam
1684 1746 1769 1804 tuum,
1801 1735 1873 1792 alie-

228 1816 342 1889 ploriam
361 1819 459 1890 ourris,
473 1823 587 1882 iuourris
608 1825 751 1896 inuidiam
767 1828 789 1884 si
814 1828 965 1886 lelioitstem
979 1847 1021 1886 se-
1044 1790 1151 1884 Botum
1166 1825 1359 1898 compatiendi.
1530 1877 1532 1882 ,
1871 1875 1873 1880 ,

228 1906 331 1980 queris,
360 1913 541 1983 eorrumperis
568 1913 732 1973 infelicitate.
764 1917 842 1974 Vides
869 1934 935 1989 ergo
962 1919 1024 1992 quia
1113 1919 1140 1973 6.
1155 1914 1392 1990 Quartaregioest
1406 1912 1482 1989 regio
1496 1911 1787 1986 gehennaliuomgio
1805 1911 1875 1968 dura

230 2011 297 2052 rane
322 2000 497 2056 oouturbatur
521 2005 611 2061 ournis
629 2006 709 2064 borno
723 2005 810 2078 (Psoi.
827 2023 947 2079 urum,
966 2011 1021 2081 lt).
1076 2016 1104 2062 et
1121 2004 1221 2078 pravis,
1236 2003 1313 2078 regio
1322 2003 1531 2069 extimescenda,
1547 2001 1623 2076 regio
1638 1999 1783 2074 fugiendal
1800 2007 1875 2056 terru

230 2083 293 2140 liaeo
315 2095 378 2141 sunt
401 2088 584 2162 mercimonia,
599 2108 659 2164 quae
675 2095 850 2152 inveniuntur
870 2096 897 2153 iu
913 2097 1023 2170 regione
1077 2092 1230 2160 oblivionis,
1251 2100 1322 2148 terra
1342 2091 1504 2160 aldietionis,
1529 2099 1603 2146 terra
1639 2090 1818 2154 miseriarum,
1845 2087 1874 2144 in

229 2170 464 2232 dissimilitudinis.
476 2178 595 2236 Prudens
604 2197 670 2253 ergo
680 2165 843 2254 negotiator,
855 2186 901 2258 qui
909 2186 1023 2243 videtin
1077 2195 1132 2254 qua
1145 2178 1238 2237 nullus
1252 2179 1329 2250 ordo,
1340 2181 1387 2236 sed
1413 2179 1592 2252 sempiternus
1606 2180 1702 2236 horror
1724 2177 1872 2234 inhabitat!

229 2259 1025 2347 divisuramrem,rnl0l0rrmspenem,rnvrutamrnpe
1077 2268 1293 2334 transtulisse
1314 2268 1343 2324 in
1369 2283 1423 2339 ouo
1437 2267 1508 2342 ienis
1522 2268 1630 2333 erasm,
1651 2265 1696 2322 ubi
1709 2264 1798 2338 uisus
1831 2264 1875 2322 n·-

229 2347 348 2415 rie,laoit
357 2352 490 2410 sarcinam
500 2371 588 2425 suam,
598 2359 691 2414 mundi
699 2369 894 2434 contemptum,
906 2373 933 2420 et
947 2363 1022 2437 iugis.
1077 2373 1158 2431 gens,
1179 2356 1279 2412 vermis
1292 2357 1463 2428 immortalis,
1480 2355 1549 2412 letor
1576 2354 1762 2423 intolerabilis,
1778 2351 1874 2410 mallei

265 2437 292 2495 l.
311 2437 436 2498 Seruum
450 2442 526 2516 regio
544 2451 585 2500 est
599 2446 739 2517 paradisus
763 2447 927 2508 elaustralis.
951 2450 1023 2507 Vere
1077 2445 1265 2517 perstruentes,
1289 2445 1536 2502 susannense
1562 2443 1723 2516 palpabiles,
1747 2441 1874 2501 eoniusio

228 2523 377 2586 claustrum
390 2536 433 2585 est
456 2531 608 2602 paradisus,
623 2533 701 2608 regio
715 2534 785 2593 sallo
799 2537 947 2609 disciplina
960 2554 1024 2594 mu·
1077 2541 1262 2607 peecatorum,
1289 2533 1427 2591 innodatio
1446 2532 1626 2599 vinnulorum,
1651 2529 1795 2588 horribiles
1815 2531 1874 2587 der·

229 2613 294 2686 uita,
309 2615 336 2672 in
350 2633 404 2690 qua
421 2618 603 2690 pretiosarum
616 2629 657 2678 est
672 2623 804 2681 mercium
817 2624 931 2682 leounda
945 2625 1024 2682 lerti-
1078 2639 1192 2680 monum
1201 2621 1296 2681 laoiesl
1313 2623 1397 2681 lotus
1406 2630 1491 2680 tremo
1505 2631 1586 2694 atque
1600 2621 1700 2678 horreo
1718 2620 1751 2678 sd
1766 2634 1873 2676 muno-

230 2702 301 2760 litas.
316 2705 441 2763 Gloriosa
456 2723 509 2775 res,
525 2710 648 2768 homines
669 2711 750 2768 unius
764 2713 846 2770 moris
864 2714 984 2771 habitere
997 2718 1024 2770 in
1078 2715 1147 2770 riam
1175 2712 1253 2769 istius
1265 2711 1396 2786 regionis,
1412 2721 1437 2768 et
1452 2725 1585 2768 eouousss
1607 2717 1671 2765 sunt
1696 2709 1785 2765 omnis
1809 2723 1876 2764 ossa

230 2790 311 2850 domo
327 2795 513 2864 (Padurn,
528 2796 573 2868 7);
587 2798 687 2857 bouum
702 2807 730 2856 et
741 2802 891 2872 jucundum
905 2803 1025 2862 habitere
1078 2817 1149 2858 mea.
1164 2799 1307 2869 Quomodo
1320 2797 1453 2867 oeeidisti,
1470 2797 1587 2870 Luoiler,
1602 2799 1649 2872 qui
1663 2812 1742 2854 mane
1766 2797 1877 2854 orieba-

230 2877 327 2936 lratres
340 2881 367 2936 in
381 2897 465 2939 uuum
478 2885 566 2957 (Psoi.
585 2901 690 2954 oxxurr,
708 2890 745 2959 l).
761 2888 859 2948 Videas
872 2890 948 2947 illum
962 2908 1025 2966 pee-
1077 2890 1143 2946 risi
1160 2889 1227 2961 (leo.
1244 2905 1301 2958 xrs,
1314 2891 1371 2961 ts.)
1386 2887 1561 2960 Omulslapis
1573 2887 1707 2959 pretiosus
1722 2883 1877 2958 operimen-

231 2975 289 3022 osta
315 2983 365 3026 sua
390 2970 544 3044 deflentem,
561 2972 644 3030 aliunr
665 2975 693 3030 in
717 2977 765 3032 Dei
789 2977 915 3036 laudibus
933 2980 1025 3038 exsul·
1079 2989 1137 3034 tum
1151 2984 1227 3034 tuum
1242 2979 1352 3048 (desole.
1367 2992 1464 3045 arsur,
1485 2980 1540 3047 lbi:
1556 2975 1639 3032 modo
1653 2974 1746 3030 subter
1763 2981 1791 3030 te
1804 2983 1879 3030 ster·

232 3062 343 3127 mutem,
372 3058 446 3116 buno
470 3059 595 3118 omnibus
624 3061 830 3133 ministrantem,
858 3066 932 3123 illum
960 3068 1064 3146 aliurn
1081 3067 1155 3122 nitur
1168 3067 1250 3132 tinea,
1274 3074 1301 3122 et
1314 3065 1514 3138 operimentum
1528 3071 1606 3121 tuum
1619 3063 1719 3120 vermis
1734 3062 1800 3135 (Do.
1816 3077 1876 3128 arv,

232 3145 416 3214 erudientem,
440 3146 511 3205 buno
532 3157 664 3218 orontem,
679 3151 752 3208 illum
780 3153 935 3227 legentemp
957 3158 1030 3214 buno
1083 3156 1137 3227 lt).
1162 3153 1288 3223 ODeus,
1304 3161 1405 3227 quanta
1424 3153 1554 3210 distantia
1575 3155 1644 3209 inter
1678 3151 1879 3225 operimentum

233 3233 417 3308 miserentem,
431 3235 508 3293 illum
533 3245 647 3311 peooata
666 3239 839 3314 punientem
856 3243 928 3300 huno
941 3245 1030 3302 ebari-
1083 3243 1193 3316 pretiosi
1206 3242 1316 3315 lapidis,
1332 3251 1359 3299 et
1379 3243 1575 3316 operimentum
1589 3241 1703 3313 semnis;
1720 3239 1792 3297 inter
1806 3238 1880 3296 deli-

233 3331 288 3380 tate
310 3323 478 3398 regnarem,
498 3323 574 3382 illum
601 3326 748 3385 bumilitate
773 3329 920 3401 pollentem
935 3349 943 3396 ς
959 3332 1031 3388 hune
1082 3333 1138 3388 olas
1161 3331 1289 3404 paradisi,
1308 3341 1336 3388 at
1355 3332 1455 3388 tineam
1469 3331 1657 3390 corrodentem
1680 3328 1793 3387 inlernil
1814 3328 1880 3384 Soio

233 3411 261 3468 iu
288 3413 409 3485 properis
436 3415 577 3484 humilem,
601 3416 676 3473 illum
702 3418 730 3474 iu
757 3419 919 3478 aduersitate
941 3421 1030 3478 subii·
1082 3421 1146 3494 quia
1168 3427 1276 3492 paratus
1298 3428 1339 3477 est
1351 3420 1398 3476 ille
1412 3419 1485 3494 ignis
1505 3419 1624 3488 diabolo,
1645 3425 1672 3475 et
1697 3416 1801 3492 angelis
1819 3419 1881 3484 ejus

234 3517 322 3574 meur3
338 3503 410 3560 buno
433 3504 461 3560 iu
477 3505 562 3564 activa
584 3505 760 3575 laborantem,
775 3507 892 3565 illumin
911 3517 1032 3566 oonwm·
1082 3509 1194 3581 (llotllr.
1216 3525 1281 3578 xxv,
1307 3509 1366 3580 lli,
1380 3515 1409 3564 et
1422 3507 1578 3565 bominibus
1592 3507 1731 3565 similibus
1743 3507 1817 3574 eius3
1831 3503 1880 3560 ubi

234 3589 333 3660 platisa
346 3591 549 3662 quiesoentem3
564 3601 591 3650 et
612 3595 714 3666 poteris
735 3595 824 3652 disere
840 3614 847 3650 :
865 3598 966 3656 torua
979 3599 1032 3656 Dei
1083 3597 1141 3654 sine
1163 3596 1218 3655 fine
1241 3597 1378 3668 lluientur,
1395 3597 1454 3654 sine
1476 3603 1565 3653 morte
1585 3595 1882 3666 morientumque·

234 3685 302 3737 suut
316 3680 376 3740 loe
390 3681 472 3754 (Gerr.
487 3685 623 3754 nurui).
641 3683 730 3751 Quum
745 3686 882 3744 terribilis
896 3691 939 3744 est
954 3689 1031 3746 loom
1083 3686 1184 3744 buntur
1211 3684 1269 3742 sine
1283 3685 1443 3742 oeasatione.
1465 3685 1566 3741 Vivens
1580 3684 1663 3756 igitur
1690 3685 1718 3739 in
1744 3681 1881 3739 inlernurn

233 3770 375 3826 mulsere
388 3773 432 3826 est
446 3769 755 3829 insumpseramus
765 3774 825 3838 Dei,
836 3778 865 3830 et
875 3778 961 3847 ports
969 3775 1033 3832 oeli
1082 3772 1231 3843 deroende;
1252 3787 1379 3847 peourrre
1397 3771 1561 3829 mentalibus
1576 3771 1661 3830 oeulis
1682 3777 1883 3828 tormentorum

236 3857 317 3929 (Gen.
331 3873 430 3930 rsurrr,
450 3859 506 3930 17).
519 3859 590 3930 Quid
612 3859 660 3915 tibi
682 3875 762 3932 erpo,
781 3859 870 3916 fidelis
888 3861 988 3932 anima,
1004 3864 1031 3920 in
1082 3861 1215 3930 oilleinas,
1230 3861 1295 3936 lugo
1307 3861 1411 3919 seelera
1426 3867 1454 3916 et
1478 3861 1554 3930 vitia,
1571 3875 1620 3930 pro
1633 3860 1731 3934 quibus
1758 3857 1883 3916 soelarffi

237 3947 280 4004 bis
293 3947 421 4004 nundinis
435 3957 477 4006 est
490 3947 716 4006 considerandum
726 3951 741 4004 i
753 3950 1032 4011 Perambulauirtutea
1083 3952 1207 4010 homines
1220 3958 1248 4006 et
1261 3949 1351 4007 vitiosi
1367 3950 1516 4022 perierunt.
1532 3948 1607 4006 liobe
1625 3947 1688 4006 odio
1701 3946 1882 4018 iniquitatem,

235 4034 445 4094 oohubitantium
454 4036 483 4092 in
498 4037 579 4092 domo
592 4036 701 4096 Domiru
713 4039 855 4112 virtutum,
871 4047 898 4095 et
912 4039 954 4097 lau
968 4040 1031 4097 iudo
1083 4047 1110 4096 st
1123 4039 1206 4114 dilige
1219 4041 1310 4113 legam
1325 4037 1442 4108 Domini,
1452 4049 1479 4094 et
1492 4038 1520 4094 in
1534 4044 1590 4094 tam
1605 4035 1795 4092 formidolosis
1809 4049 1883 4092 nuo·

237 4125 370 4182 seminam
385 4133 473 4190 tuam,
489 4123 605 4180 lormam
620 4123 736 4182 risendi.
756 4124 824 4196 Quae
837 4129 915 4200 prius
928 4128 1032 4186 babita-
1082 4130 1152 4188 diuis
1165 4129 1210 4188 las
1223 4128 1358 4188 murinam
1373 4139 1454 4200 tuam,
1469 4129 1562 4186 odium
1576 4126 1686 4200 passati

237 4213 286 4272 bas
303 4213 332 4270 in
349 4212 462 4286 regione
483 4215 587 4270 umbro
612 4214 708 4272 mortis
730 4215 813 4274 transi
831 4216 866 4274 ad
889 4217 1031 4290 regionem
1119 4221 1147 4276 'l.
1175 4217 1277 4289 Quinta
1293 4215 1370 4292 regio
1383 4225 1426 4276 est
1448 4217 1590 4289 paradisus
1624 4212 1833 4288 superomlestis.
1859 4211 1886 4270 0

237 4301 301 4360 vire
314 4309 342 4358 et
357 4301 483 4358 veritatis.
1086 4307 1163 4364 beate
1175 4306 1252 4382 regio
1278 4321 1455 4378 supernarum
1468 4305 1606 4373 uirtutum,
1623 4302 1670 4360 ubi
1691 4304 1768 4360 beata
1789 4299 1884 4359 urini-

271 4393 299 4451 t.
323 4389 413 4448 Tertia
432 4390 509 4468 regio
531 4399 573 4448 est
600 4391 677 4465 regio
695 4390 866 4464 expiationis.
881 4392 944 4449 ‘l'ria
970 4403 1034 4452 sunt
1053 4401 1128 4504 ntes
1141 4410 1157 4450 s
1170 4395 1255 4452 beatis
1278 4393 1346 4452 laoie
1364 4393 1398 4450 ad
1421 4391 1518 4450 iaoienr
1537 4391 1654 4457 ridetur,
1671 4389 1718 4448 ubi
1731 4389 1778 4445 ills
1794 4387 1886 4446 subli-

236 4479 306 4550 loos,
327 4495 389 4554 quse
410 4489 580 4541 mortuorum
599 4480 696 4538 anime
720 4496 768 4553 pro
794 4481 910 4540 dirersis
932 4483 1034 4542 meritis
1086 4482 1140 4540 mia
1152 4484 1261 4558 agmina
1278 4481 1389 4540 sublimi
1412 4495 1563 4554 peunmum
1580 4481 1723 4552 applausu,
1749 4479 1885 4544 Sensim

237 4569 405 4638 sortiuntur;
429 4569 563 4638 infernus,
583 4569 780 4644 purgatorium,
805 4571 915 4630 ooelum
939 4572 970 4628 lu
994 4573 1033 4630 in·
1086 4571 1565 4642 suosmaaaetasnomtaaenem
1578 4569 1701 4628 roboollt
1714 4567 1779 4640 [Do.
1795 4568 1887 4635 vti).

236 4659 314 4716 terno
329 4657 415 4732 impii,
430 4658 458 4715 in
481 4658 636 4734 purgatorio
656 4659 807 4734 purgandi,
827 4660 856 4718 iu
873 4659 946 4720 ooelo
967 4679 1030 4734 per·
1084 4663 1203 4720 clamare
1225 4677 1280 4720 uon
1292 4659 1414 4718 mssautl
1431 4661 1516 4720 bouus
1529 4666 1572 4716 est
1584 4657 1737 4731 roluptetis,
1753 4655 1801 4714 nbi
1830 4663 1887 4713 tor·

238 4746 309 4806 leoli
324 4746 378 4816 Qui
390 4747 418 4804 in
432 4745 539 4806 inlerno
552 4757 626 4820 sunt,
638 4747 734 4807 redimi
747 4763 802 4808 non
816 4759 951 4822 possunt;
966 4751 1030 4826 quis
1084 4758 1160 4809 rente
1175 4751 1321 4824 ro.1ptatis
1336 4756 1462 4822 potantur
1472 4745 1556 4817 iusti3
1572 4745 1649 4802 loeus
1663 4743 1826 4817 splendoris,
1840 4743 1888 4798 ubi

238 4836 266 4892 in
287 4835 393 4895 inierim
416 4835 490 4894 nulls
508 4843 550 4894 est
567 4837 726 4912 redemptio.
750 4839 804 4912 Qui
824 4839 852 4894 in
876 4842 1032 4916 purgatorio
1084 4841 1147 4910 justi
1161 4839 1265 4911 mipene
1277 4839 1349 4896 siout
1361 4836 1489 4910 splendor
1507 4833 1667 4890 firmamenti
1682 4849 1690 4904 3
1707 4832 1784 4889 loeus
1817 4831 1891 4888 leti·

238 4931 312 4993 sunt,
326 4927 483 4998 sxapsotant
496 4924 717 4998 redemptionem,
733 4927 809 5001 prius
822 4931 970 4997 oruoiandi,
985 4939 1033 4989 aut
1086 4929 1139 4998 tie,
1161 4927 1208 4984 ubi
1223 4927 1318 4983 latitia
1332 4923 1496 4994 sempiterna
1508 4937 1594 4994 snper
1606 4919 1695 4992 sepita
1704 4933 1818 4990 eorunm
1844 4919 1885 4976 lo·

237 5013 326 5074 oalore
340 5011 423 5088 ignis,
437 5022 484 5068 aut
506 5013 598 5086 rigore
618 5013 738 5092 trigoris,
753 5023 802 5074 aut
816 5016 1034 5091 alieuiusgrarr·
1085 5035 1134 5076 ous
1151 5015 1332 5081 abundantia,
1363 5013 1410 5070 ubi
1428 5011 1496 5069 nibil
1519 5011 1596 5068 deest
1623 5007 1779 5068 ridentibus
1808 5023 1889 5074 eurot

237 5099 490 5171 ruodmannum
507 5101 534 5157 in
561 5101 632 5160 oselo
650 5111 724 5172 suut,
739 5105 840 5179 gaudio
859 5107 978 5182 gaudent
999 5110 1034 5165 ad
1086 5103 1320 5170 looussuaritatis,
1337 5102 1503 5174 ubiappsret
1516 5100 1650 5158 Dominus
1663 5099 1756 5158 suavis
1766 5097 1892 5156 tibiuni·

237 5193 369 5252 risionem
391 5190 451 5262 Dei,
471 5188 570 5248 Christi
586 5190 681 5251 iratres
704 5195 732 5254 in
755 5204 861 5264 natura,
879 5197 1035 5256 oobaeredes
1086 5189 1650 5268 rusis310ouspaoismbiinpaoelaotue
1664 5197 1708 5246 ast
1721 5187 1800 5246 loeus
1815 5189 1890 5259 simp

236 5287 266 5344 in
279 5287 378 5362 gloria,
395 5283 499 5342 similae
511 5282 539 5340 in
562 5286 713 5344 eternitate
725 5287 855 5359 iuounda.
871 5289 939 5360 Quia
952 5290 1034 5365 igitm
1087 5283 1164 5341 lorus
1188 5278 1385 5343 admirationis,
1400 5278 1445 5334 ubi
1465 5285 1527 5334 sunt
1551 5275 1683 5334 mirabilia
1703 5289 1789 5347 opera
1811 5276 1890 5346 eias3

238 5377 319 5450 primi
333 5374 429 5434 redimi
443 5389 498 5432 non
516 5383 661 5443 merentur,
685 5379 755 5434 tertii
779 5379 964 5452 redemptione
981 5395 1034 5437 non
1086 5372 1164 5430 loeus
1178 5370 1316 5436 satietatis,
1333 5367 1379 5424 ubi
1399 5366 1557 5423 satiabimur
1575 5379 1640 5422 oum
1664 5363 1819 5436 apparuerit
1832 5362 1892 5438 glo·

237 5465 368 5544 Qu,
383 5471 465 5524 mm
488 5471 519 5522 ue
540 5465 575 5520 ed
598 5465 702 5524 medios
716 5468 886 5528 summu„
899 5484 948 5542 per
961 5481 1036 5526 pom.
1088 5464 1128 5520 ria
1149 5463 1225 5534 ejus,·
1240 5461 1316 5518 leons
1329 5457 1452 5524 visionis,
1470 5455 1518 5511 ubi
1540 5455 1675 5519 uidebitur
1689 5467 1791 5526 magna
1811 5451 1891 5510 visio.

237 5552 404 5627 pusionem,
418 5551 519 5626 quibus
537 5552 624 5623 innoti
645 5553 746 5614 luimus
768 5573 819 5629 per
832 5557 1034 5616 humanitatem.
1088 5552 1201 5626 Oregio
1216 5548 1350 5616 sublimis,
1366 5547 1443 5616 plens
1468 5540 1635 5600 diuulrurnl
1657 5542 1692 5598 da
1713 5539 1782 5597 valle
1804 5541 1892 5610 laorp·

239 5641 344 5700 Vadam
357 5641 384 5698 in
403 5641 482 5698 mum
498 5639 648 5712 regionem,
664 5644 803 5702 stridebo
818 5647 948 5705 visionem
968 5647 1038 5704 bane
1088 5657 1192 5700 marum
1215 5637 1385 5711 suspiramus
1398 5637 1433 5693 ad
1451 5649 1487 5702 te,
1506 5633 1552 5692 ubi
1577 5631 1708 5706 sapientia
1731 5629 1792 5686 sine
1806 5630 1891 5705 igno-
