4118 6346
129 395 182 453 393
606 389 642 444 lN
660 387 949 449 uuuuuurlvtottu
967 391 995 448 u.
1013 393 1135 450 tldflllE
1150 393 1266 452 subito
1285 393 1305 452 l
1728 409 1782 464 ape

129 533 177 577 cus
189 518 217 575 in
230 515 353 590 lustitia,
375 515 404 571 iri
419 513 506 588 gratia
523 519 606 585 quam
630 513 784 584 mn'nilicus,
813 515 927 573 Domine
942 531 966 610 g
983 517 1090 575 Scribat
1103 517 1213 585 iterum,
1228 519 1329 576 scribat
1340 522 1467 592 gratiam,
1482 525 1565 598 legat,
1581 532 1610 584 et
1628 527 1780 588 audiamus.

129 611 203 666 Deus
216 603 330 664 noaart
347 605 406 666 Nou
420 613 464 661 est
477 603 524 676 qui
537 603 631 660 similis
645 603 688 659 'sit‘
697 604 756 673 tibi,
771 613 929 663 munerator
982 607 1066 665 Nemo
1081 612 1109 664 tc
1118 608 1327 676 condemnauit,
1340 611 1465 670 muller?
1474 614 1567 684 Nemo,
1583 618 1781 679 domimica

128 693 327 769 copiosissime,
343 700 532 750 remunerator
545 693 708 764 equissimo,
729 693 848 766 piissime
861 695 928 751 libc-
983 711 1030 766 epo
1041 696 1282 765 carcasensem
1294 697 1409 762 undeet
1419 701 1541 771 emplius
1551 704 1612 760 nuti
1620 722 1744 777 paccare.
1758 709 1782 765 0

128 787 222 844 ratorl
240 785 332 843 Gratis
341 782 454 856 respicis
466 781 592 849 humiles,
602 783 675 852 juste
685 781 789 852 iudicas
802 782 931 840 innocen·
982 800 1034 842 vox
1049 784 1249 857 misericordie,
1264 785 1403 842 cauditus
1421 786 1520 844 latitia
1534 789 1676 849 salutarisl
1692 796 1779 854 Audi·
1851 831 1858 840 -

128 883 182 944 tes,
216 872 428 931 misericorditer
459 870 546 927 salvas
570 871 651 928 etiam
673 878 842 942 peccatores.
867 872 930 928 llaec
984 883 1037 927 tam
1052 872 1096 930 lac
1117 873 1182 928 milri
1208 889 1288 932 nraue
1306 873 1519 932 misericordiam
1537 885 1618 946 tuam,
1635 883 1739 953 quiain
1755 895 1781 942 te

128 971 206 1037 sunt,
221 961 396 1030 dilectissimi,
413 975 473 1032 quae
488 959 568 1034 nobis
581 960 610 1015 iu
633 975 728 1016 mensa
742 961 832 1018 divitis
850 962 930 1032 hujus
983 960 1100 1032 speravi,
1114 961 1229 1019 Domine
1244 963 1332 1036 (Paul.
1342 979 1428 1033 extu,
1446 964 1482 1037 8).
1500 964 1563 1022 Sola
1578 967 1704 1025 nimirum
1719 989 1782 1044 spes

129 1051 332 1126 patrisfamilias
359 1057 512 1106 saucurum
541 1049 704 1106 testimoniis
731 1049 928 1121 scriptuarum,
984 1049 1055 1120 apud
1071 1051 1288 1110 temiseratiouis
1301 1052 1408 1110 obtinet
1416 1053 1521 1125 locum3
1537 1070 1589 1111 nec
1597 1055 1688 1114 oleum
1704 1059 1783 1116 mise

127 1143 213 1199 bodie
226 1139 379 1214 quidem,si
393 1137 540 1210 diiigenter
552 1137 729 1206 advertimus,
740 1139 820 1195 solito
837 1138 932 1210 copio-
984 1139 1116 1208 ricordiae,
1132 1139 1183 1196 nisi
1197 1141 1225 1197 in
1239 1157 1305 1199 vave
1319 1141 1425 1198 fiducias
1441 1143 1529 1214 ponis.
1540 1143 1596 1200 Sed
1610 1151 1653 1200 est
1666 1145 1782 1204 infidelis

127 1230 187 1286 sius
201 1235 384 1302 apponuntur.
403 1227 537 1284 Nimirum
551 1227 622 1284 banc
636 1227 715 1283 nobis
732 1227 838 1300 copiam
857 1245 930 1301 prm·
984 1227 1091 1297 liducia,
1107 1227 1190 1286 solim
1203 1230 1297 1302 utique
1312 1229 1507 1288 maledictionis
1519 1247 1613 1304 capas,
1629 1249 1691 1290 cum
1709 1235 1783 1294 vide

130 1317 299 1391 stantque
326 1317 430 1390 pariter
456 1319 651 1385 convenerunt,
676 1331 782 1373 sacrum
806 1317 931 1374 videlicet
983 1316 1047 1374 licet
1060 1318 1088 1373 in
1102 1334 1152 1390 sps
1177 1335 1332 1390 peccamus.
1358 1319 1520 1393 Quanquam
1536 1338 1587 1379 nec
1613 1322 1710 1381 fiducia
1736 1325 1782 1381 illa

129 1417 237 1479 tempus
250 1405 482 1478 Quadragesimte,
498 1413 527 1462 et
540 1405 722 1463 sacrabsnma
741 1405 800 1462 dies
814 1410 930 1463 bunun-
984 1405 1099 1462 dicenda
1113 1407 1158 1476 sit,
1167 1409 1217 1464 sed
1226 1408 1418 1466 insensibilitas
1430 1408 1523 1468 980
1537 1412 1670 1483 quaedam,
1687 1421 1715 1470 et
1728 1413 1783 1469 dis·

129 1495 247 1554 dationis
265 1495 424 1552 Dominicis.
446 1495 532 1551 Hodie
554 1493 674 1551 enimin
692 1495 803 1552 auribus
831 1495 931 1552 nostris
984 1493 1117 1551 simulatio
1136 1495 1298 1566 perniciosa.
1314 1497 1381 1568 Qus
1400 1500 1472 1555 enim
1487 1499 1584 1556 fiducia
1600 1501 1625 1557 ei
1646 1503 1692 1574 qui
1706 1504 1781 1574 peri-

129 1586 330 1658 deprebensam
344 1581 372 1638 in
386 1582 518 1640 adulterio
532 1583 675 1640 mulierem
689 1582 857 1658 indulgentia
875 1585 930 1642 lie·
984 1582 1143 1640 culum'nou
1153 1584 1293 1640 attendit?
1308 1589 1354 1642 aut
1368 1588 1442 1658 quod
1453 1587 1490 1643 ibi
1501 1588 1605 1646 timoris
1619 1591 1780 1660 remedium,

128 1671 281 1748 demptoris
290 1670 415 1740 absolvit,
426 1671 507 1728 bodie
521 1671 660 1728 innoxium
676 1671 808 1728 Susanna
821 1670 930 1747 sangui·
984 1670 1030 1727 ubi
1044 1687 1097 1730 nec
1119 1671 1200 1728 timor
1222 1672 1347 1742 sentitur,
1365 1691 1417 1732 nec
1436 1677 1548 1733 materia
1573 1677 1633 1752 ipsa
1657 1679 1782 1738 umens?

129 1779 195 1819 nem
210 1761 342 1830 liberavit,
356 1760 440 1816 bodie
454 1775 562 1834 quoque
584 1761 693 1818 beatam
716 1761 856 1834 Virginem
870 1761 930 1817 sin-
984 1759 1093 1817 Fiducia
1105 1760 1229 1816 solatium
1243 1769 1304 1819 est:
1321 1778 1371 1820 uec
1391 1773 1455 1836 eget
1468 1763 1513 1822 ille
1527 1765 1632 1836 solutio,
1647 1769 1694 1842 qui
1707 1767 1783 1826 lata-

128 1851 219 1925 gulari
233 1865 346 1908 munere
359 1848 486 1923 gratuite
500 1848 700 1906 benedictionis
714 1849 847 1920 implavit.
870 1851 929 1906 bla-
946 1841 968 1918 Β
985 1855 1028 1904 tur
1041 1865 1103 1906 cum
1116 1848 1186 1906 male
1200 1849 1305 1922 feeerit,
1321 1858 1349 1908 et
1362 1852 1390 1908 in
1400 1851 1526 1924 pessimis
1539 1855 1621 1914 rebus
1635 1857 1722 1931 magis
1737 1874 1784 1916 ex·

129 1956 215 2014 gnum
245 1939 406 2007 cenuvium,
435 1937 482 1994 ubi
505 1937 607 2011 pariter
629 1937 707 1994 nobis
733 1939 927 2007 misericordia,
984 1937 1073 1994 saltat.
1099 1938 1239 2010 Rogemus
1254 1938 1354 2012 itaque,
1371 1940 1478 2007 iratres,
1507 1944 1667 2014 responderi
1692 1946 1781 2014 nobis,

129 2029 236 2100 justitia
250 2039 277 2086 et
291 2028 378 2102 gratia
392 2028 584 2100 apponuntur!
600 2026 726 2099 Numquid
745 2042 800 2084 nou
820 2027 930 2084 miseri-
986 2033 1100 2098 quantas
1123 2027 1272 2083 babeamus
1298 2027 1456 2100 iniquitates
1479 2035 1507 2084 et
1526 2040 1651 2101 peccatur
1679 2032 1784 2091 scelera

130 2117 225 2174 cordis
248 2133 310 2174 esca
330 2117 491 2174 bominum?
505 2114 636 2172 Salutaris
653 2115 766 2172 omnino
788 2122 817 2174 et
834 2115 932 2173 efficax
986 2123 1079 2172 nostra
1093 2122 1121 2171 et
1135 2115 1232 2172 delicta
1248 2115 1327 2174 nobis
1340 2115 1528 2176 desiderans
1542 2121 1660 2176 ostendi.
1678 2121 1785 2196 Scrnte

130 2207 169 2262 ad
180 2207 325 2264 medelam.
340 2204 468 2278 Nunquid
482 2220 538 2262 nou
556 2204 638 2262 auam
650 2205 754 2276 justitia
775 2205 854 2276 pauit
868 2221 931 2263 cor·
986 2219 1047 2259 mur
1059 2203 1117 2261 vias
1130 2212 1237 2262 nostras
1251 2213 1279 2262 et
1292 2205 1382 2262 studia
1408 2212 1513 2279 nostra,
1528 2208 1705 2282 periculaque
1719 2227 1783 2268 unr-

131 2294 199 2352 dist
225 2296 262 2352 Et
287 2295 396 2369 quidem
419 2293 521 2366 optime
544 2292 710 2350 confirmans
735 2293 813 2361 illud,
838 2301 931 2365 utpote
986 2307 1065 2349 versa
1078 2291 1153 2364 vigili
1175 2293 1327 2350 intentione
1348 2307 1505 2366 pausemus.
1530 2297 1609 2354 Dicat
1628 2299 1785 2372 quisquaiu

130 2384 210 2441 cibus
223 2383 327 2441 solidus
350 2384 384 2439 ad
413 2383 617 2440 nutrimentum.
642 2381 766 2456 Denique
789 2383 861 2439 beati
886 2382 933 2455 qui
986 2395 1089 2452 pavore
1102 2395 1170 2438 suo:
1187 2383 1290 2438 Vadam
1300 2382 1334 2438 ad
1348 2383 1442 2454 portas
1456 2384 1548 2453 interi,
1564 2395 1594 2443 ut
1606 2388 1663 2457 jum
1677 2387 1785 2446 nonnisi

130 2474 257 2530 esuriunt
280 2472 366 2545 illum,
389 2472 517 2546 quoniam
539 2471 593 2545 ipsi
616 2472 809 2528 saturabuntur
823 2471 932 2543 (unctu.
986 2469 1015 2524 in
1033 2468 1090 2524 sola
1108 2469 1160 2526 liei
1174 2469 1361 2528 misericordia
1382 2472 1558 2544 respiremus.
1578 2474 1641 2532 llaec
1653 2491 1719 2534 vera
1733 2477 1786 2533 bo-

129 2580 161 2632 v,
191 2567 230 2634 d).
245 2561 374 2637 Nunquid
392 2577 447 2618 uon
461 2562 538 2616 cibus
565 2559 662 2616 animae
685 2561 774 2634 gratia
796 2560 843 2616 bei
867 2558 933 2616 auli
987 2557 1067 2614 minis
1080 2556 1188 2626 fiducia,
1212 2573 1273 2616 ase
1288 2557 1449 2630 deliciantis,
1466 2569 1493 2618 et
1515 2561 1656 2620 innitentis
1671 2565 1788 2622 Domino

129 2652 310 2708 Dulcissimae
323 2667 399 2719 sane,
427 2657 455 2706 et
469 2663 577 2705 omnem
601 2648 706 2703 babens
720 2647 748 2704 iu
763 2664 793 2707 se
812 2649 934 2706 suavita·
987 2662 1047 2703 suo.
1062 2645 1135 2712 llaec,
1162 2646 1284 2719 inquam,
1312 2665 1377 2705 rere
1400 2648 1508 2719 fiducia,
1533 2651 1577 2707 cui
1602 2651 1788 2711 misericordia

132 2748 231 2798 temet
254 2741 485 2798 delectamentum
508 2736 632 2810 saporis;
655 2737 709 2794 imo
730 2753 796 2794 vcro
811 2738 869 2795 bec
882 2737 934 2793 sibi
988 2751 1042 2791 non
1050 2735 1211 2806 denegatur,
1226 2737 1361 2809 propbeta
1370 2743 1517 2795 attestante
1527 2740 1789 2816 quoniambenepln·

131 2829 225 2886 omnia
239 2829 343 2901 pariter
361 2827 510 2895 vindicans,
525 2842 581 2884 nou
604 2825 685 2883 modo
699 2824 825 2898 delectat,
842 2827 890 2883 sed
906 2833 934 2883 et
987 2825 1077 2882 citum
1091 2828 1134 2881 cst
1148 2824 1265 2882 Domino
1276 2841 1361 2897 super
1370 2826 1503 2886 timentes
1513 2844 1590 2898 cum,
1601 2835 1631 2888 ct
1640 2833 1673 2886 iu
1685 2833 1726 2888 cie
1737 2835 1790 2904 qui

132 2918 231 2986 reiicit,
247 2925 276 2974 et
291 2915 425 2973 medetur.
988 2914 1789 2992 sperantanpermberscordtaajosffaot.mamertum

168 3005 382 3064 succedamus
404 3004 439 3059 ad
461 3020 584 3061 mensam
598 3003 678 3070 hanc,
703 3001 800 3060 tratres
824 3004 889 3071 mei,
906 3010 935 3061 et
988 3001 1173 3073 parvauttqua
1188 3001 1308 3074 suppetit
1327 3002 1424 3060 nobis:
1444 3004 1472 3060 in
1488 3004 1567 3062 nobis
1580 3007 1689 3078 quidem
1704 3009 1788 3064 timo-

131 3111 168 3151 ex
187 3094 302 3168 singulis
327 3093 443 3165 dapibus
457 3095 500 3150 vel
520 3095 656 3150 modicum
677 3091 778 3165 aliquid
802 3093 932 3165 deguste·
988 3089 1035 3158 ris,
1051 3091 1079 3145 iu
1093 3089 1153 3162 ipso
1167 3098 1256 3146 autem
1272 3091 1480 3149 manuducta.
1498 3093 1593 3152 Suavis
1608 3096 1721 3152 etmitis
1735 3105 1788 3170 est,

132 3201 205 3240 mus.
224 3187 253 3240 ln
267 3185 322 3256 tege
342 3184 442 3256 llopscs
456 3183 603 3240 mandauit
618 3183 780 3254 hujusmodi
794 3183 932 3255 tepidare,
988 3180 1105 3252 eopiosae
1138 3179 1350 3248 misericordiam
1380 3181 1542 3251 praestabilis
1568 3200 1652 3257 super
1675 3185 1787 3254 malitia,

133 3280 210 3330 arunt
224 3271 259 3327 de
271 3272 421 3345 peccatrice
431 3279 599 3344 peccatores,
610 3271 645 3326 de
660 3269 784 3327 adultera
793 3272 932 3329 Pbaris'aei.
987 3269 1087 3325 multius
1101 3269 1136 3324 avi
1146 3268 1355 3337 ignoscendum.
1366 3269 1515 3326 Credamus
1525 3287 1592 3328 sane
1602 3273 1646 3331 vel
1661 3273 1787 3342 inimicis,

132 3363 190 3418 Sed
205 3361 238 3418 ad
253 3361 378 3416 duritiam
393 3360 492 3432 lapidei
506 3359 688 3417 cordisvestri
702 3359 747 3414 ille
761 3359 866 3416 locutus
881 3365 934 3416 ost.
987 3357 1034 3432 qui
1047 3358 1075 3412 iu
1089 3372 1123 3414 eo
1138 3357 1204 3413 nibil
1216 3355 1299 3424 abad,
1315 3357 1388 3414 unde
1402 3359 1573 3416 occasionem
1588 3362 1727 3418 struendae
1741 3380 1789 3419 ca·

133 3449 215 3509 veens
238 3455 333 3506 autem
346 3451 500 3507 inclinauit
516 3466 556 3507 ae.
580 3447 706 3515 Domine,
731 3447 831 3504 inclim
850 3447 935 3505 coelos
988 3445 1096 3502 lumuiae
1123 3455 1263 3518 caperent,
1288 3445 1462 3503 invenerunt.
1487 3447 1682 3520 compatietur,
1703 3450 1789 3520 aium,

132 3547 207 3605 tuos,
224 3545 252 3594 ct
265 3538 403 3594 descende
417 3538 506 3606 (Paul.
522 3551 618 3605 oxcur,
642 3538 681 3608 b).
697 3536 831 3592 inclinans
849 3552 890 3604 se,
907 3544 935 3593 et
987 3533 1143 3608 peccatrici,
1166 3549 1219 3592 uec
1233 3534 1285 3589 sibi
1308 3534 1427 3591 oblatam
1442 3534 1577 3594 ubatenus
1599 3538 1686 3596 occidi
1703 3540 1791 3612 patie-

133 3629 168 3685 ad
188 3627 403 3683 misericordiam
421 3625 508 3682 tlexus
523 3624 709 3698 (nequeenim
725 3624 935 3682 ludaicicordis
989 3633 1041 3680 tur.
1055 3622 1204 3681 Tenebitur
1219 3623 1310 3696 itaque
1332 3623 1492 3680 manifestus
1512 3625 1686 3702 adversarius
1709 3626 1789 3701 legis,

133 3715 214 3790 erat),
223 3715 311 3790 digito
319 3715 528 3782 scribebamus
536 3713 793 3784 jaminlapide‚sed
803 3717 834 3772 ira
845 3718 934 3772 terre.
988 3727 1049 3770 cum
1064 3711 1212 3769 absolverit
1224 3711 1285 3783 lage
1299 3712 1465 3768 damnatam.
1491 3715 1522 3769 lu
1538 3723 1669 3790 vestrum,
1686 3733 1702 3774 o
1717 3718 1789 3774 Pba·

132 3807 231 3880 Neque
256 3807 308 3860 boc
322 3810 426 3860 tantum
451 3803 546 3873 semel,
562 3803 611 3860 sed
633 3803 678 3859 bic
700 3817 808 3875 quoque
836 3801 935 3875 duplex
989 3800 1071 3866 risaei,
1097 3809 1179 3872 caput
1194 3809 1250 3856 tota
1274 3809 1371 3857 vestre
1386 3801 1562 3872 malignitatis
1572 3805 1729 3864 adinventio
1744 3825 1789 3866 rc·

134 3895 280 3968 scriptura,
295 3891 367 3949 sicut
385 3892 456 3964 apud
477 3893 590 3963 Moysen
613 3891 711 3948 nbula
725 3891 796 3948 duee.
812 3893 847 3947 llt
865 3890 936 3948 forte
989 3894 1142 3962 torquetur.
1158 3886 1286 3945 Diiliditis
1296 3904 1395 3958 causae,
1416 3889 1462 3961 qui
1475 3890 1606 3960 judicium
1621 3896 1790 3972 subterfugi·

134 3984 278 4042 veritatem
302 3990 330 4038 et
342 3980 456 4054 gratiam
484 3981 616 4048 scribens,
637 3989 666 4037 et
689 3981 787 4038 iterum
812 3980 936 4038 scribens
991 3980 1033 4035 tis.
1048 3979 1118 4034 Nam
1139 3976 1184 4032 illa
1199 3977 1308 4049 quidem
1333 3976 1392 4032 siue
1414 3976 1512 4048 injuria
1536 3978 1606 4052 legis
1629 3982 1788 4053 absolvitur,

137 4083 217 4131 terrm
230 4071 400 4143 impressisse
424 4070 540 4138 videtur,
556 4071 705 4127 secundum
721 4070 793 4143 quod
816 4072 936 4126 loannes
989 4083 1051 4140 quaa
1065 4082 1121 4123 nou
1135 4065 1286 4122 accusatori
1302 4064 1464 4136 relinquitur
1483 4065 1576 4144 [elica
1593 4086 1654 4142 quae
1668 4072 1728 4128 sine
1742 4089 1789 4130 ac·

135 4161 274 4238 apostolus
287 4159 343 4215 ait:
364 4163 420 4217 Leuc
439 4175 492 4232 per
510 4160 618 4232 ldapscu
637 4161 705 4218 dcta
731 4165 783 4228 cat,
797 4163 893 4232 pretio
908 4162 937 4216 et
989 4163 1114 4212 cusatore
1128 4152 1309 4226 relinquiturl.

133 4255 241 4311 semiue
255 4266 307 4324 per
322 4248 665 4321 lesumdbriatumfoctc
679 4247 858 4321 sactiones,
875 4251 934 4314 ll).
1025 4246 1052 4300 l.
1063 4243 1118 4300 Sed
1125 4241 1340 4311 consideramus,
1356 4241 1466 4311 iratres,
1475 4244 1603 4316 quoniam
1612 4246 1674 4306 binc
1690 4250 1789 4308 abeam

133 4339 285 4396 Considera
295 4332 412 4409 denique
422 4353 456 4394 an
469 4337 556 4395 videri
566 4338 695 4409 possitde
709 4336 800 4392 tabula
813 4337 936 4394 veritatis
989 4333 1126 4391 Pharisaei.
1154 4330 1293 4389 Videtisne
1317 4332 1372 4387 duo
1394 4346 1477 4390 senes
1500 4336 1574 4405 (uam
1598 4351 1614 4392 a
1638 4339 1790 4397 senioribus

132 4427 248 4500 legisse,
264 4425 334 4483 unde
349 4425 488 4483 refelleret
502 4426 664 4484 Pharisaeos:
679 4427 735 4496 Qui
747 4428 810 4483 sice
820 4431 934 4499 peccota
989 4421 1065 4478 exire
1078 4420 1232 4493 caeperunt)
1256 4419 1393 4491 quomodo
1406 4420 1435 4476 in
1449 4423 1571 4494 pomario
1584 4426 1706 4482 loacbim
1726 4430 1789 4486 abs-

134 4515 683 4589 astanimmpremaatnaamtapidcm
692 4515 933 4573 mittet.llerbum
989 4508 1163 4568 conduntur?
1186 4510 1337 4565 Susannam
1361 4519 1485 4582 quarunt
1500 4526 1613 4568 uxorem
1638 4515 1716 4584 ejus:
1740 4532 1788 4573 se-

134 4606 248 4680 quidem
270 4605 466 4673 abbreviatum,
483 4605 533 4660 sed
546 4604 636 4661 vivum
657 4611 686 4661 et
699 4603 804 4666 ellicax,
820 4610 848 4659 et
861 4604 935 4659 anm·
987 4614 1102 4672 quamur
1138 4613 1199 4666 eos;
1225 4612 1287 4652 nam
1314 4595 1407 4668 iniqua
1434 4599 1598 4671 cogitatione
1624 4601 1698 4673 pleni
1725 4615 1790 4663 sunt

136 4695 196 4768 piti'
220 4693 311 4767 gladio
334 4693 538 4767 penetrabilius.
559 4691 645 4761 Quam
664 4690 786 4765 graviter
807 4691 880 4748 euim
899 4693 934 4748 ad
987 4695 1081 4744 contra
1103 4701 1175 4746 eam.
1206 4685 1481 4754 consentiremus,
1505 4688 1581 4743 aium
1607 4693 1790 4772 senensium

131 4775 252 4842 'verbum
266 4785 317 4840 boc
328 4799 409 4840 saxea
423 4783 506 4840 corda
520 4781 679 4849 transfossa,
690 4796 772 4854 quam
786 4782 934 4839 vebcmen-
989 4775 1125 4842 Pharisaei,
1136 4775 1211 4830 aium
1228 4773 1295 4845 lupi,
1313 4773 1359 4846 qui
1372 4775 1407 4829 ab
1417 4774 1531 4831 alterius
1545 4776 1627 4849 paulo
1637 4787 1713 4848 ante,
1723 4781 1789 4840 licet

130 4879 180 4929 ‘ter
205 4874 258 4929 boc
278 4887 334 4930 uno
348 4871 438 4945 lapillo
461 4871 584 4928 coutritae
616 4870 670 4926 sint
693 4869 791 4941 lapide
815 4869 932 4936 frontes,
987 4864 1103 4921 errantis
1117 4861 1238 4930 oviculae,
1256 4861 1364 4918 fuerant
1383 4861 1561 4922 devoratione
1575 4864 1704 4926 frustrati.
1723 4873 1790 4932 Con·

135 4963 220 5020 rubor
233 4962 293 5035 ipsa
306 4959 471 5020 mutusionis
485 4967 513 5017 et
526 4960 710 5017 clandestinus
733 4957 857 5030 probarit
870 4959 934 5014 abs-
987 4955 1092 5018 sentire
1103 4953 1192 5020 nous,
1212 4954 1241 5008 ct
1254 4953 1433 5009 commiscere
1456 4954 1614 5014 notbcom.
1638 4958 1789 5018 laveturati

136 5059 243 5108 eunus.
259 5051 366 5108 'bleruit
393 5050 503 5123 quidem
527 5049 650 5105 adultera
672 5047 802 5120 lapidari:
833 5048 882 5103 sed
910 5047 935 5103 is
987 5042 1093 5098 dierum
1121 5039 1264 5110 malorum,
1302 5041 1384 5096 modo
1415 5043 1584 5100 accusabatis
1612 5045 1786 5123 adulterium,

134 5139 233 5213 punire
248 5139 359 5212 gestiat,
375 5137 422 5211 qui
431 5137 530 5210 dignus
544 5151 599 5194 uon
612 5144 654 5192 est
667 5136 749 5194 etiam
760 5135 819 5208 ipse
833 5133 932 5207 puniri.
988 5130 1069 5186 modo
1083 5129 1246 5186 adulterium
1260 5128 1391 5186 suadetis.
1404 5129 1459 5186 Sed
1474 5133 1532 5188 baec
1545 5141 1588 5190 ast
1611 5141 1666 5190 tota
1683 5137 1787 5205 justitia

134 5229 161 5286 ls
175 5235 322 5302 presumat
336 5225 633 5301 apeccatricaexigere
643 5225 786 5292 ultionem,
802 5223 848 5296 qul
862 5238 935 5279 eam·
987 5217 1088 5287 ve'stra,
1112 5227 1140 5276 et
1161 5233 1222 5292 quae
1236 5218 1325 5290 palam
1344 5219 1468 5290 arguitis,
1483 5221 1580 5277 eadam
1605 5223 1684 5293 agitis
1696 5224 1723 5280 in
1737 5241 1786 5282 oc-

133 5319 199 5375 dem
214 5317 341 5390 excipere
356 5332 412 5390 non
434 5323 564 5374 meretur.
579 5314 706 5388 Alioquin
728 5312 787 5385 ipse
802 5312 853 5368 sibi
865 5311 934 5368 vici-
988 5309 1069 5366 ctrlto.
1086 5307 1153 5364 llinc
1171 5308 1222 5364 tuit
1235 5307 1310 5379 qnod
1337 5307 1430 5364 elisus
1449 5325 1519 5364 uuus
1542 5317 1604 5382 post
1617 5327 1710 5380 uuum,
1726 5329 1787 5370 cum

132 5407 205 5478 nior,
231 5423 296 5464 ase
316 5405 447 5479 incipiat:
472 5405 501 5460 in
526 5403 645 5475 seprius
667 5401 830 5459 seutentiam
854 5401 932 5473 leret,
987 5399 1032 5455 ills
1046 5397 1166 5454 omnium
1180 5396 1304 5454 conscius
1327 5397 1494 5453 occultorum
1508 5406 1614 5454 vestras
1628 5404 1684 5455 tam
1699 5403 1788 5460 valide

132 5504 317 5570 exerceatque
332 5494 487 5554 vindictam.
504 5494 568 5550 llaec
581 5492 698 5551 Veritas.
988 5486 1167 5560 percussisset
1189 5485 1380 5553 conscientias,
1396 5485 1510 5542 dicens:
1528 5487 1580 5560 qui
1600 5489 1661 5546 sinc
1672 5499 1787 5563 peccota

124 5597 133 5604 “
166 5591 198 5644 ·3.
228 5587 363 5644 Ceterum
377 5585 467 5642 adbuc
484 5583 573 5640 uinus
587 5590 647 5640 est:
670 5587 698 5638 et
716 5580 739 5637 si
763 5587 935 5638 accusatores
988 5579 1175 5642 estumtrum,
1185 5577 1337 5649 primicie
1347 5589 1409 5632 cum
1421 5575 1545 5648 lapidem
1567 5577 1675 5636 mittut.
1692 5581 1788 5640 blerito

133 5675 235 5736 refellit
267 5677 328 5733 baec
354 5674 476 5741 Veritas,
497 5672 546 5730 sed
572 5688 646 5730 ream
668 5671 785 5729 necdum
807 5670 931 5728 absolvit.
989 5665 1104 5740 proinde
1117 5663 1153 5720 ad
1167 5663 1313 5738 discipulos
1326 5664 1432 5724 Verius
1445 5663 1500 5722 ait:
1527 5667 1589 5726 Nisi
1602 5667 1790 5733 wunduvcrtt

237 5775 365 5842 Parnon.
387 5769 574 5840 Cblllllllll.
1649 5765 1689 5832 te
