3950 6350
216 439 269 494 ιιι
682 432 712 488 S.
727 430 905 490 BERNlllilil
917 430 1062 490 taeniis
1076 431 1403 494 CLMVALLENSlS
1845 435 1902 490 224

217 557 382 618 thesaurizes
409 555 478 612 iram
507 561 619 614 aeteruaa
646 554 837 612 damnationis.
864 557 1015 614 (lenimina
1032 570 1056 651 Α
1072 558 1224 630 proximum
1248 559 1344 634 magis,
1371 563 1417 616 ant
1441 558 1529 633 magis
1551 558 1677 615 intimum
1704 572 1803 630 posse
1833 570 1902 612 esse

215 643 433 722 viperarum,ait
440 646 571 712 loannes,
582 646 645 720 qaia
652 645 858 702 daawnslraait
864 661 913 703 aaa
919 647 1017 718 sapere
1071 648 1186 719 videtur,
1199 649 1252 706 nisi
1265 649 1334 707 lorte
1348 665 1410 707 cum
1423 649 1661 706 sic'domiuabitnr
1675 646 1730 714 eis,
1745 652 1784 702 ιιι
1817 645 1898 702 nullo

214 753 232 792 a
254 739 377 794 ventura
395 734 461 792 ira?
484 736 582 792 Facite
603 735 700 806 dignos
714 737 830 808 fructur
842 736 1017 814 poenitentia
1071 739 1152 794 modo
1170 737 1299 811 deinceps
1319 738 1409 796 valent
1426 753 1483 796 non
1502 737 1648 794 dominari.
1669 739 1720 794 list
1733 741 1849 792 autem
1872 745 1899 790 et
1942 729 1943 734 ’

209 823 329 897 (liattlt.
347 839 389 890 ιιι,
409 823 478 893 Ἷ,8).
500 823 540 878 Ao
556 822 579 878 si
599 822 753 879 evidentius
768 821 946 894 loqueretur:
962 824 1018 894 lp·
1071 826 1139 883 alios
1156 827 1289 894 invenire,
1305 828 1332 883 in
1352 827 1450 899 quibus
1464 826 1575 898 quidem
1590 827 1679 882 adbuc
1695 828 1806 882 manet
1823 838 1895 895 pec·
1943 834 1944 904 t

212 911 377 986 prehendite
399 910 581 983 disciplinam,
597 927 633 967 ne
655 911 765 983 quando
779 911 911 968 irascatur
924 911 1017 967 Donni·
1070 915 1233 982 natumsed
1248 917 1302 986 jam
1323 931 1377 972 non
1396 915 1551 972 dominatur
1565 924 1611 972 aut
1625 912 1764 986 praevalet
1781 911 1820 966 in
1837 911 1894 976 eis,

213 1019 276 1070 uus;
303 1001 436 1058 sustinete
468 1000 574 1072 virgam
605 1000 810 1072 corripientem,
836 1016 872 1058 ne
895 1000 1017 1058 sentinis
1071 1002 1191 1058 evulsum
1216 1004 1424 1076 quodammodo,
1443 1003 1561 1060 necdum
1584 1011 1676 1059 temen
1710 1000 1893 1074 expulsum

212 1090 343 1148 malleum
366 1096 563 1147 conterentem.
580 1088 724 1158 Quomodo
743 1089 838 1146 dicunt
856 1090 934 1147 nobis
953 1103 1016 1147 ear·
1071 1091 1218 1161 dejectum,
1229 1091 1278 1148 aad
1288 1107 1342 1148 non
1356 1106 1467 1164 prorsus
1481 1093 1610 1163 ejectum.
1626 1092 1743 1149 Constat
1757 1104 1843 1145 sane
1859 1089 1893 1143 ab

214 1183 292 1240 nelca
305 1181 450 1239 homines:
470 1179 594 1239 Gmdelis
608 1187 651 1236 est
664 1179 719 1236 rita
737 1187 839 1246 vestra,
854 1195 908 1238 non
924 1179 1015 1252 parci-
1071 1179 1147 1236 initio
1165 1196 1220 1236 non
1237 1179 1320 1237 luisse
1335 1179 1390 1252 sie;
1407 1179 1457 1236 sed
1475 1179 1678 1252 inperantibus
1694 1177 1804 1251 primis
1821 1185 1889 1232 ante

215 1273 251 1328 tis
260 1269 547 1336 carnivestraeilistc,
558 1284 613 1325 non
623 1268 760 1342 parcimus
769 1267 915 1324 semini.ln
926 1284 980 1342 quo
990 1268 1017 1325 ei
1071 1268 1185 1340 primam
1206 1268 1279 1324 illam
1301 1267 1422 1324 mandati
1439 1267 1694 1341 praevaricationem
1712 1283 1774 1324 nou
1802 1265 1891 1321 modo

214 1359 303 1435 magis
316 1375 431 1432 parcere
446 1357 622 1430 poteramus?
635 1355 677 1412 dn
693 1373 748 1412 non
762 1357 860 1412 melius
873 1362 915 1413 est
927 1356 1018 1413 iliire·
1071 1372 1127 1414 non
1142 1373 1271 1430 regnasse
1285 1365 1438 1430 peccatum,
1452 1359 1502 1414 sed
1516 1373 1569 1413 uec
1582 1356 1666 1413 luisse
1680 1356 1821 1429 quidem.
1839 1355 1891 1410 At·

214 1447 310 1505 novari
321 1456 349 1504 et
361 1446 534 1519 multiplicari
542 1445 571 1503 in
585 1460 663 1518 agro,
675 1461 757 1519 qnam
767 1445 794 1501 in
810 1445 909 1502 horreo
920 1453 1016 1517 putre·
1071 1453 1162 1503 tamen
1191 1447 1389 1520 quadammodo
1417 1449 1474 1518 jam
1496 1453 1560 1503 tunc
1582 1461 1670 1518 prope
1700 1446 1766 1502 illos
1798 1443 1891 1500 imese

214 1535 380 1592 tieriilienl
396 1541 621 1607 computruerunt
633 1535 757 1606 iumenta
771 1532 800 1590 in
815 1539 935 1590 stercore
950 1535 1014 1590 suci
1070 1534 1188 1603 videtur,
1207 1535 1279 1609 quod
1302 1543 1356 1591 tarn
1375 1534 1455 1592 lacile
1474 1549 1634 1608 persuasum
1649 1541 1702 1600 est,
1724 1533 1811 1607 qnod
1836 1540 1890 1587 tarn

215 1622 292 1694 (lael.
305 1637 326 1694 t,
343 1623 401 1696 tt.)
415 1621 1018 1697 SicvosparcitiscarnivestraelSlmnsnos
1071 1621 1231 1682 festinanter
1252 1623 1372 1682 intravit.
1396 1623 1467 1694 Quid
1487 1640 1553 1682 vero
1587 1623 1661 1680 alind
1691 1621 1889 1690 admonebat,

215 1712 340 1770 crudeles
347 1712 457 1770 interim
470 1727 526 1770 non
538 1712 686 1786 parcendo:
695 1720 724 1768 at
733 1713 870 1785 rosplaue
879 1711 1018 1784 parcendo
1071 1729 1152 1784 quam
1164 1720 1191 1769 et
1203 1713 1288 1786 ipsam
1302 1730 1410 1788 quoqne
1424 1714 1529 1787 peccati
1544 1729 1664 1786 poenam,
1681 1713 1737 1770 etsi
1760 1711 1890 1768 necdum

216 1801 393 1858 crudeliores.
413 1801 554 1875 Siquidem
581 1802 664 1858 etiam
687 1817 760 1860 nuuc
774 1816 837 1857 caro
856 1805 949 1856 nostra
974 1817 1018 1858 re·
1071 1800 1162 1857 inesse
1183 1801 1348 1873 corporibus,
1363 1803 1419 1873 jam
1434 1801 1522 1861 856
1536 1810 1626 1858 tamen
1640 1801 1718 1861 velut
1741 1816 1802 1875 pro
1815 1799 1888 1857 iori-

215 1890 332 1964 qniescit
354 1889 383 1946 in
403 1907 469 1962 spe:
491 1889 615 1946 videritis
633 1903 685 1946 uos
706 1889 758 1960 ipsi
779 1888 845 1962 quid
859 1887 1016 1963 ignominiae
1034 1876 1056 1955 Β
1071 1890 1122 1946 bns
1135 1906 1196 1946 esse
1211 1891 1256 1961 qni
1270 1891 1349 1948 dixit:
1366 1891 1573 1966 laquacanque
1584 1892 1629 1951 die
1641 1891 1841 1950 comederitis
1856 1889 1889 1944 de

215 1979 327 2036 interim
347 1984 439 2036 vestra
457 1978 601 2046 sustineat,
616 1978 683 2050 quid
697 1976 812 2033 miseriae
830 1992 891 2032 eam
909 1985 1017 2033 maneat
1072 1979 1887 2053 trenorcienseshootetmatt,taor-temortomtmifflmn,

213 2071 243 2128 in
258 2071 389 2129 laturum.
400 2071 587 2130 Nonaccedet
601 2071 638 2128 ad
655 2075 681 2128 lc
693 2071 813 2136 malam,
829 2073 857 2125 ei
873 2069 1017 2141 flagellum
1072 2069 1129 2142 ιι.)
1144 2068 1216 2124 Felix
1232 2069 1347 2141 proinde
1362 2070 1527 2141 expectatio,
1542 2079 1571 2126 et
1589 2070 1670 2126 beata
1684 2085 1754 2142 spes
1773 2075 1886 2132 nostro,
1952 1930 1955 2142 4

213 2177 271 2220 non
285 2161 527 2234 appropinquabit
542 2161 724 2217 tabernaculo
739 2162 797 2216 tuo.
805 2157 854 2214 llic
862 2158 961 2229 duplex
975 2165 1018 2214 est
1070 2171 1185 2230 quornm
1200 2163 1253 2214 tarn
1266 2156 1348 2231 longe
1367 2158 1510 2234 gloriosior
1525 2157 1615 2216 tuturo
1629 2167 1672 2214 est
1691 2157 1886 2226 resurrectio,

156 2297 161 2304 .
213 2248 294 2316 stola,
310 2253 339 2304 et
356 2246 468 2323 gemina
483 2248 605 2320 quaedam
625 2245 815 2303 immortalitas
835 2246 1014 2304 commenda·
1072 2263 1151 2319 quam
1170 2245 1250 2303 luerit
1265 2246 1351 2318 prima
1374 2247 1509 2304 conditio:
1538 2255 1569 2304 ut
1583 2263 1634 2305 nec
1643 2249 1726 2320 culpa
1748 2245 1884 2312 omnino,
1913 2245 1916 2250 '

213 2345 268 2394 tnr.
289 2336 366 2393 llude
382 2338 454 2395 enim
475 2337 527 2392 nisi
543 2353 580 2406 ex
600 2336 774 2409 separatione
790 2337 889 2392 animae
906 2343 935 2392 et
952 2352 1016 2392 cor-
1071 2351 1122 2391 neo
1136 2350 1231 2406 poena:
1254 2351 1306 2391 nec
1327 2335 1427 2392 malum
1451 2336 1555 2393 scilicet
1579 2353 1630 2394 nec
1651 2336 1813 2408 flagellum,
1837 2343 1886 2391 ant

212 2424 287 2496 poris
307 2440 381 2482 mors
399 2425 546 2498 procedit?
565 2425 633 2481 Inde
651 2425 786 2499 estquod
804 2431 941 2480 mortuum
955 2440 1018 2482 cor·
1071 2432 1178 2498 regnet,
1195 2430 1241 2480 aut
1254 2424 1373 2495 habitet;
1389 2431 1435 2481 snt
1449 2441 1579 2498 regnare,
1597 2431 1645 2482 aut
1664 2425 1801 2481 babitare
1826 2426 1883 2496 jam

211 2529 274 2586 pus,
307 2512 434 2570 exanime
462 2513 628 2570 nominatur.
658 2512 737 2572 Unde
768 2523 859 2570 antem
879 2513 1016 2584 separatio
1070 2513 1155 2584 possit
1177 2511 1324 2584 aliquando
1345 2513 1374 2568 in
1401 2513 1551 2582 animabus,
1581 2529 1629 2570 sen
1656 2514 1685 2570 in
1708 2513 1884 2586 corporibus
1957 2569 1959 2584 ,

213 2604 280 2670 beo,
294 2602 347 2658 uisi
362 2617 396 2658 ex
409 2601 523 2675 flagellis
539 2601 728 2675 presentibus,
745 2617 779 2659 ex
802 2602 924 2675 qnalibet
938 2602 1015 2660 dolo·
1069 2601 1180 2657 nostris.
1201 2602 1261 2659 Nan
1280 2601 1401 2670 accedet,
1421 2600 1519 2675 inquit,
1536 2604 1573 2660 ad
1591 2607 1618 2662 ta
1637 2605 1761 2672 malam,
1779 2607 1812 2658 et
1828 2605 1882 2672 fia-

212 2691 250 2748 ris
269 2691 451 2759 vehementia,
475 2697 503 2748 et
525 2690 610 2762 ipsius
632 2689 756 2760 corporis
777 2689 962 2762 ccmuptione,
982 2683 1015 2746 ex
1069 2690 1675 2764 pellamaaaapprcpinquahittaharaacalo
1688 2695 1750 2749 luo.
1767 2693 1882 2762 Nempe

211 2797 295 2854 poena
308 2780 431 2854 peccati?
446 2781 541 2838 llerito
559 2781 638 2836 timet
655 2779 773 2851 proinde
791 2785 819 2835 et
841 2779 899 2836 odit
918 2779 1015 2853 llagel·
1069 2778 1168 2834 uiltam
1183 2787 1327 2845 remotum,
1340 2779 1609 2851 quamquodadesse
1624 2779 1878 2852 ultrancnpotest

212 2870 269 2927 lum
282 2883 347 2926 carc
361 2877 465 2938 nostra,
484 2883 538 2941 qno
556 2867 685 2924 nimirum
700 2867 735 2922 ab
750 2865 836 2939 ipsius
851 2865 948 2923 animae
963 2873 1016 2922 tam
1106 2870 1132 2922 6.
1149 2867 1203 2922 Sed
1219 2866 1284 2939 quid
1298 2865 1412 2941 agimus,
1428 2866 1547 2924 iratres?
1565 2869 1670 2926 Vereor
1682 2867 1878 2941 deprehendi.

211 2958 365 3018 delectabili
392 2957 601 3029 honorabilique
627 2956 765 3014 consortio
791 2969 912 3012 amarum
937 2955 1015 3012 nimis
1068 2953 1173 3026 Nempe
1187 2955 1282 3012 boram
1296 2956 1367 3013 hanc
1381 2972 1498 3029 magnus
1515 2957 1562 3014 ille
1573 2968 1601 3016 et
1613 2957 1771 3014 communis
1786 2957 1879 3012 abbas

212 3047 358 3106 divortium
381 3047 509 3119 patiatur.
525 3047 662 3104 Caeterum
676 3045 786 3102 interim
801 3045 913 3119 quidem
927 3046 1015 3103 donec
1070 3051 1162 3100 nomer
1191 3051 1219 3100 et
1246 3051 1337 3102 vester
1369 3061 1424 3102 non
1456 3046 1591 3103 vocationi
1620 3061 1796 3118 sermonum,
1828 3047 1878 3102 sed

211 3145 356 3194 resecetur
375 3136 473 3211 [aliea
489 3134 659 3207 renovaturi,
687 3134 764 3204 velit,
792 3134 870 3204 nolit,
883 3135 1015 3191 sustineat
1031 3177 1054 3256 c
1069 3131 1147 3203 operi
1161 3148 1287 3188 mannum
1302 3134 1423 3192 uomitus
1440 3135 1594 3211 assignasse
1617 3135 1698 3209 (lleg.
1726 3136 1759 3192 S.
1782 3135 1877 3192 bene-

211 3226 278 3282 illnd
302 3241 417 3284 necesse
441 3233 493 3281 est.
517 3223 635 3296 Expedit
658 3231 749 3280 antem
773 3222 811 3280 sic
834 3223 961 3292 tolerare,
985 3233 1014 3280 ut
1069 3220 1145 3293 dicti,
1161 3237 1220 3292 cap.
1238 3221 1292 3294 48).
1307 3223 1374 3280 Puto
1391 3231 1481 3281 amon
1496 3227 1621 3299 ignoscet
1641 3224 1733 3291 facile,
1755 3239 1878 3297 pranser-

210 3328 324 3387 prcmus
337 3311 638 3384 evadus,etllegellum
652 3311 785 3383 deinceps
800 3327 855 3367 non
870 3311 1015 3384 appmpin·
1070 3309 1117 3365 tim
1155 3325 1209 3366 non
1245 3310 1387 3369 immemor
1426 3313 1558 3384 religiose
1572 3313 1676 3371 fraudis
1707 3313 1792 3379 illius,
1822 3330 1878 3385 qua

211 3407 278 3474 quet
289 3401 467 3458 tabemacnto
478 3407 531 3456 tuo.
1068 3397 1206 3457 Romanus
1220 3396 1284 3456 olim
1307 3400 1392 3456 tribus
1413 3402 1492 3458 annis
1506 3402 1534 3460 iu
1557 3417 1641 3474 specu
1655 3402 1747 3474 posito
1762 3403 1812 3474 pie
1827 3403 1878 3458 mi·

249 3491 275 3546 l.
292 3491 354 3546 lam
371 3503 449 3558 vero,
477 3496 508 3544 ut
530 3501 615 3560 snpra
631 3485 817 3556 meminimus,
831 3495 859 3544 et
871 3486 1013 3544 incessan-
1068 3485 1201 3542 nistravit.
1221 3505 1232 3538 ι
1248 3487 1296 3543 Ριι
1310 3507 1325 3540 s
1341 3487 1484 3560 siquidem,
1503 3495 1534 3546 ut
1551 3489 1678 3562 legimns,
1696 3509 1709 3543 a
1728 3490 1821 3562 patris
1836 3491 1878 3547 sui

213 3584 255 3634 ter
273 3575 403 3636 convenit
422 3573 591 3645 meminisse,
604 3591 670 3632 vera
683 3575 783 3632 anime
796 3575 853 3634 vita
866 3577 941 3632 Dens
956 3583 1011 3634 est:
1068 3573 1153 3630 oculis
1179 3574 1317 3631 iurabatur
1343 3577 1433 3648 boras,
1450 3586 1478 3635 et
1509 3595 1591 3651 quem
1606 3579 1658 3636 sibi
1673 3579 1828 3653 subripere
1843 3581 1878 3636 ad

211 3671 241 3722 et
262 3666 337 3722 inter
358 3666 418 3720 bec
443 3678 552 3736 qnoque
575 3671 685 3734 separat
704 3663 817 3733 malum,
840 3665 890 3722 sed
914 3665 1014 3721 malum
1068 3661 1286 3720 manducandum
1316 3671 1433 3736 poterat,
1470 3666 1553 3724 certis
1585 3667 1682 3725 diebus
1720 3668 1878 3726 Benedicta

212 3751 320 3818 animae,
345 3751 418 3822 quod
433 3765 490 3807 nou
509 3757 552 3806 est
574 3751 647 3808 aliud
667 3767 749 3823 quam
773 3760 930 3824 peccatum.
954 3753 1012 3822 iiia,
1069 3765 1169 3822 panem
1183 3751 1285 3809 lerebat
1300 3752 1394 3826 (Greg.
1410 3755 1456 3810 lib.
1481 3771 1500 3811 ιι
1524 3758 1647 3829 dialog„
1663 3773 1725 3829 cap.
1749 3759 1791 3828 t).
1816 3760 1879 3814 »Et

211 3841 323 3908 iratres,
343 3838 441 3914 nugari
462 3839 558 3908 libeat,
582 3838 765 3896 otiositatibus
787 3841 932 3912 indulgere
957 3841 1014 3898 de·
1068 3854 1122 3912 ego
1136 3839 1245 3911 quidem
1259 3857 1314 3898 non
1329 3841 1431 3915 dubita,
1455 3842 1564 3914 iratres,
1587 3845 1711 3917 pluribus
1731 3845 1783 3917 qui
1804 3846 1880 3902 iuter

211 3928 308 3996 lectet;
334 3927 460 3984 nimirum
484 3928 593 4003 gemino
618 3930 669 3985 hoc
690 3936 819 4001 serpente
843 3931 944 3999 ιιιιιιο,
968 3932 1014 4002 qui
1069 3941 1120 3984 vos
1152 3934 1223 4000 sunt,
1251 3927 1473 3989 abundantiorem
1505 3932 1684 4006 spiritualium
1708 3933 1879 3992 deliciarum

211 4017 347 4090 duplicem
362 4017 442 4074 nobis
460 4017 586 4074 auferant
599 4016 693 4088 vitam,
711 4017 782 4076 alter
799 4019 931 4089 corporis,
947 4018 1015 4076 alter
1069 4024 1215 4088 suppetere
1229 4017 1350 4090 copiam3
1366 4020 1414 4076 sed
1430 4022 1502 4093 quod
1517 4021 1594 4078 vobis
1614 4022 1805 4090 communico,
1822 4039 1880 4082 uon

210 4106 310 4164 cordis.
329 4105 434 4176 Quidni
458 4121 554 4161 secura
573 4104 751 4175 dormiamus,
773 4103 825 4160 nisi
839 4106 913 4176 qnod
930 4105 1016 4178 negli·
1069 4103 1190 4175 subripio
1212 4105 1287 4161 mibi.
1312 4106 1438 4176 Quinimo
1462 4117 1489 4165 et
1521 4111 1654 4180 securius,
1686 4119 1716 4170 et
1749 4113 1880 4180 suarius,

210 4193 305 4267 geutia
319 4192 348 4247 in
361 4192 482 4264 graviori
503 4191 636 4264 periculo,
653 4208 708 4249 non
723 4198 776 4246 tam
795 4192 948 4247 securitatis
963 4200 1014 4262 est,
1070 4190 1271 4265 quidquidillnd
1282 4194 1315 4250 sit
1331 4195 1402 4267 qnod
1419 4197 1551 4255 Dominus
1565 4199 1669 4269 domat,
1684 4216 1767 4257 sumo
1779 4203 1881 4258 vobis-

211 4297 295 4356 quam
310 4279 513 4351 desperationis
527 4279 679 4336 iudicium?
693 4281 729 4335 lit
742 4279 851 4351 quidem
867 4281 1016 4352 optandum
1070 4297 1145 4337 cum:
1171 4297 1222 4336 nec
1240 4283 1312 4338 eninr
1326 4283 1452 4342 alimonia
1477 4288 1536 4343 haec
1558 4288 1753 4346 distribuendo
1775 4290 1884 4348 ιιιιιιιιι-

211 4367 294 4426 uubis
317 4367 352 4420 ab
375 4374 492 4440 ntmqne
507 4366 635 4422 liberari:
657 4366 706 4422 sed
725 4367 876 4422 cavendum
891 4382 957 4423 sane
973 4368 1016 4423 in·
1072 4376 1125 4433 tur,
1141 4369 1190 4424 sed
1218 4371 1306 4440 potius
1328 4381 1442 4446 angetur
1463 4375 1651 4448 ministrando.
1667 4378 1883 4437 Verumtamen

213 4455 294 4512 terim
314 4461 469 4528 peccatum,
487 4470 569 4528 qnam
584 4454 690 4526 pcccati
703 4470 804 4527 poena;
822 4462 850 4510 et
864 4471 897 4512 eo
911 4455 1015 4513 studio·
1032 4476 1056 4556 n
1072 4455 1145 4529 quod
1169 4455 1309 4528 aliquoties
1335 4459 1417 4532 [alias
1436 4462 1590 4538 aliqnando]
1621 4465 1699 4522 vobis
1734 4466 1884 4538 loquimur

211 4544 299 4620 slusa
319 4541 655 4616 malo,qnamallagello
673 4542 933 4615 declinandamque
953 4560 1016 4614 per·
1072 4551 1174 4616 praeter
1193 4547 1417 4605 consuetudinem
1441 4550 1544 4608 ordinis
1568 4553 1665 4624 nostri,
1696 4569 1755 4610 non
1779 4565 1885 4613 nostra

212 4629 343 4688 nicicsins
366 4638 395 4686 et
416 4629 529 4686 omnino
553 4629 689 4687 infelicius
712 4630 747 4686 sit
770 4647 786 4685 a
808 4631 866 4686 Deo
888 4631 1015 4698 animem,
1072 4633 1099 4688 id
1113 4632 1218 4706 agimus
1231 4637 1450 4708 praesumptione,
1475 4641 1521 4695 sed
1545 4639 1579 4697 de
1598 4642 1738 4700 voluntate
1757 4661 1883 4702 venera-

212 4733 296 4792 quam
311 4735 327 4774 a
341 4733 459 4790 corpore
474 4717 609 4790 separari.
628 4719 700 4775 Sane
714 4717 761 4774 ubi
774 4733 886 4790 prorsus
899 4719 936 4774 dc
954 4721 1017 4775 nie-
1072 4720 1165 4776 biham
1193 4721 1304 4778 lratmm
1328 4733 1356 4780 et
1383 4727 1546 4783 coabbatum
1574 4739 1741 4800 nostrorum,
1774 4734 1827 4806 qui
1852 4733 1882 4790 id

212 4806 383 4864 dialectum
409 4805 491 4861 inerit
513 4821 595 4862 omne
623 4814 775 4878 peccatum,
804 4822 885 4864 causa
908 4806 1018 4877 quidem
1072 4808 1151 4864 nobis
1177 4808 1258 4864 etiam
1286 4810 1440 4884 injungant,
1469 4816 1540 4884 qnod
1568 4827 1660 4876 umen
1687 4820 1740 4876 sibi
1759 4821 1882 4894 quidem

213 4893 327 4953 omuino
341 4892 448 4950 sublata
462 4909 515 4949 nec
536 4893 596 4967 ipse
621 4910 730 4967 quoque
748 4894 880 4966 deinceps
899 4895 1019 4954 manebit
1074 4895 1173 4966 passim
1196 4896 1291 4952 nolunt
1318 4901 1428 4957 omnino
1455 4902 1548 4960 licere.
1563 4905 1669 4978 Nempe
1695 4908 1778 4964 aliam
1809 4912 1883 4968 mibi

213 4980 344 5038 allectus:
370 4987 400 5035 ut
422 4980 560 5053 quomodo
579 4982 711 5038 accedere
733 4984 790 5053 jam
813 4981 847 5036 ad
871 4987 898 5038 te
920 4981 1020 5037 malum
1075 4983 1207 5039 mtioncm
1223 4991 1248 5040 et
1263 4985 1426 5056 singularem
1438 4992 1628 5051 necessitatem
1643 5011 1705 5052 esse
1723 5009 1881 5057 noverunt.

213 5067 326 5126 omnino
341 5082 396 5123 non
410 5068 523 5138 poterit,
539 5068 580 5124 sic
591 5085 642 5124 nec
656 5069 792 5142 llagellnm
807 5067 918 5140 quidem
932 5068 1021 5124 valeat
1074 5072 1169 5142 Neque
1183 5071 1256 5127 enim
1273 5074 1354 5130 modo
1368 5075 1496 5149 loquerer
1513 5083 1600 5153 vobis,
1623 5085 1646 5139 si
1660 5101 1775 5157 possem
1795 5088 1881 5146 lubo-

214 5156 439 5230 appropinqnare
460 5157 635 5214 tabemeculc
655 5164 711 5231 tuo,
732 5158 806 5231 quod
821 5155 947 5213 videlicet
965 5161 1020 5211 tam
1075 5173 1135 5214 rare
1153 5159 1300 5216 vobiscum.
1324 5161 1391 5218 lllad
1409 5162 1478 5222 lorte
1502 5171 1579 5226 vobis
1602 5171 1743 5230 efficacius
1757 5179 1881 5234 verbum

213 5246 296 5317 louge
311 5247 346 5302 sit
361 5245 396 5300 ab
411 5245 542 5302 exteriori
557 5246 669 5303 bomine
690 5245 820 5317 quelibet
834 5258 926 5314 poena,
941 5260 1021 5315 quam
1076 5245 1155 5316 leret,
1183 5247 1232 5304 scd
1260 5255 1288 5306 et
1304 5251 1476 5310 conscentias
1503 5273 1572 5314 mere
1600 5262 1689 5334 magis
1715 5275 1879 5338 acceptum.

214 5332 297 5406 longe
316 5333 398 5390 inerit
422 5334 502 5406 culpa
527 5335 560 5388 ab
586 5331 711 5402 interiori
733 5331 831 5402 Neque
854 5330 927 5386 enim
946 5331 1020 5417 dicit,
1076 5334 1208 5390 Caeterum
1227 5337 1334 5405 qnando
1357 5338 1383 5393 id
1409 5343 1473 5397 mibi
1496 5349 1615 5416 peccatis
1638 5351 1709 5408 meis
1734 5353 1879 5426 exigenti-

216 5421 282 5476 Non
297 5419 348 5476 erit
367 5420 395 5476 in
411 5428 437 5476 te
452 5421 562 5486 malum,
579 5427 627 5476 aut
643 5419 781 5492 hagellum
795 5417 824 5470 in
848 5415 1022 5479 tahemaculo
1075 5419 1135 5488 bns,
1160 5430 1187 5479 et
1209 5427 1316 5480 onerosi
1331 5427 1411 5499 hujus
1426 5430 1466 5499 (nt
1484 5431 1536 5504 ipsi
1558 5435 1644 5510 scitis)
1659 5446 1716 5494 ιιιιι
1732 5441 1879 5516 multiplici

217 5513 277 5573 tuot
294 5508 361 5566 sed:
379 5510 440 5567 lion
455 5510 649 5576 acccdmmert
665 5505 916 5581 appropinquabit.
1075 5507 1229 5567 infirmitate
1250 5514 1380 5584 corporis,
1406 5525 1433 5573 et
1456 5518 1512 5591 ipsa
1529 5533 1647 5597 ¹qnoque
1667 5531 1806 5600 temporis
1834 5549 1881 5590 ne

254 5597 281 5652 tt.
305 5594 445 5669 Siquidem
464 5601 508 5653 est
522 5595 706 5656 mondexare
731 5590 867 5658 homines,
883 5591 1022 5664 inquibus
1076 5596 1201 5654 cessitme
1223 5609 1351 5676 uagatum
1375 5604 1477 5663 abnam
1500 5608 1597 5668 dicens
1620 5619 1648 5670 et
1678 5632 1737 5674 non
1759 5617 1881 5689 iaciens,

218 5689 365 5756 peccatum
379 5699 434 5742 nou
447 5685 531 5742 modo
546 5678 717 5748 habitat,sed
728 5686 756 5736 et
767 5685 882 5752 regnat:
899 5695 949 5737 uec
965 5681 1022 5752 iam
1076 5683 1104 5742 in
1118 5699 1204 5762 reguo
1216 5687 1266 5746 hei
1279 5689 1324 5746 uel
1337 5691 1461 5753 minimus
1471 5713 1577 5758 merear
1590 5701 1719 5764 inveniri.
1735 5705 1843 5768 Amen,
