4064 6344
134 417 188 482 993
763 413 931 476 SBRMONES
948 415 1161 477 ludibrica.
1730 421 1784 481 991
1804 483 1808 489 ,

134 545 203 602 sime
230 553 322 617 aptare
344 558 509 609 sermonem,
541 542 566 596 si
593 538 742 597 recordaris
770 539 827 595 dies
858 539 932 606 illos,
950 557 972 635 Α
992 539 1784 616 cerua,t'l.Eritergaquandoquenobisingeuscumulus

133 633 242 708 quibus,
262 641 399 706 assumpte
413 633 527 691 Domirm
542 630 588 687 ubi
601 639 659 687 erat
671 629 756 702 prius,
772 637 799 684 et
820 628 933 686 sedenm
988 631 1092 706 glarie,
1105 630 1153 703 qui
1166 629 1249 688 modo
1259 637 1300 686 est
1312 630 1457 688 fasciculus
1472 631 1596 706 myrrhae.
1610 635 1651 690 An
1662 649 1716 690 nou
1731 632 1785 689 lass

135 723 163 778 in
186 725 296 782 dextera
319 723 416 788 Patris,
445 721 491 780 illo
517 735 566 778 suo
596 719 710 791 antiquo
739 717 824 773 nobili
852 726 934 790 atque
988 719 1102 790 alcuius,
1118 720 1194 790 cujus
1199 721 1303 793 jupam
1323 726 1498 792 amarescat
1509 722 1641 781 ouuslcae
1656 721 1783 796 rtltacm.

133 810 255 884 glorioso
268 812 402 878 acctrbitu,
419 809 546 882 discipuli
558 815 634 866 arant
648 805 803 882 congregati
825 808 852 862 in
873 805 933 866 loco
988 822 1028 878 rr,
1043 809 1100 880 30.)
1114 809 1175 865 Νοιι
1190 807 1255 882 quia
1268 807 1335 864 levis
1362 809 1389 863 in
1403 825 1432 864 se
1457 811 1519 881 (nec
1533 810 1605 866 enbn
1630 810 1695 867 lavis
1717 828 1783 886 pas-

135 916 214 969 uno,
244 907 452 972 perseverantes
480 897 641 955 unanimiter
676 898 704 952 iu
730 896 854 952 oratione
872 911 933 953 cum
988 897 1072 953 sionis
1087 896 1226 968 asperitas,
1241 897 1339 954 mortis
1357 897 1529 972 amaritudo),
1546 899 1593 954 sed
1608 897 1677 957 levis
1694 901 1784 957 tamen

135 989 293 1046 mulieribus
321 998 348 1044 et
376 988 460 1044 illaria
483 997 571 1044 matre
584 987 658 1056 lesu,
674 997 701 1042 et
726 984 858 1042 iratribus
873 985 933 1054 ejus
988 987 1098 1043 amanti.
1115 986 1149 1042 Et
1163 987 1224 1043 ideo
1242 973 1483 1044 neu'aittantum:
1505 988 1668 1046 Fasciculus
1676 990 1785 1064 myrboe

135 1079 208 1150 (Act.
235 1093 256 1147 r,
281 1080 324 1144 ta,
350 1078 413 1148 tt).
433 1078 530 1133 Nonne
559 1076 607 1132 tibi
627 1075 735 1132 videtur
764 1081 934 1132 reveratunc
989 1072 1110 1134 dilectus
1122 1093 1223 1146 meus,
1238 1075 1397 1144 sedzliilu',
1412 1075 1512 1148 inquit,
1527 1076 1687 1152 quedilige
1705 1077 1784 1135 lasci

136 1166 264 1238 temporis
291 1165 406 1221 nardum
443 1164 564 1235 parvulae
587 1173 613 1220 et
641 1163 798 1233 trepidantis
824 1178 933 1236 sponsas
987 1163 1128 1222 culusest.
1159 1163 1235 1222 Unde
1263 1171 1289 1220 et
1317 1165 1443 1222 dilectum
1476 1163 1606 1233 nominat,
1636 1177 1786 1224 uroustraus

135 1255 199 1310 dare
213 1255 325 1311 odorem
352 1259 450 1312 suum?
478 1253 610 1326 Denique,
639 1268 700 1308 carru
721 1251 806 1309 iactus
823 1260 866 1307 est
888 1270 931 1308 re·
987 1252 1138 1311 dilectionis
1152 1252 1209 1311 vim
1223 1253 1343 1311 omnium
1358 1253 1566 1311 amaritudinum
1580 1270 1709 1328 superero
1723 1270 1783 1312 mo·

136 1353 216 1415 pente
230 1345 265 1399 de
279 1343 350 1399 coelo
377 1359 472 1408 sonus,
488 1351 615 1414 tauquam
630 1339 800 1397 advenientis
821 1339 933 1413 spiritus
986 1339 1103 1416 lestiam,
1119 1351 1145 1400 et
1171 1341 1235 1416 quic
1249 1341 1325 1401 loru‘a
1340 1350 1383 1400 est
1407 1351 1436 1400 ιιι
1459 1357 1533 1400 mors
1558 1343 1664 1402 dilectio
1687 1345 1785 1418 (Gaul.

137 1433 311 1498 vehementis,
328 1439 355 1486 et
382 1431 500 1504 replevit
531 1437 613 1488 totam
639 1431 750 1487 domum
777 1430 825 1486 tubi
857 1439 933 1486 erant
987 1445 1046 1496 vrrs,
1063 1434 1102 1501 6).
1119 1430 1347 1489 Etutsciasnou
1362 1431 1389 1488 in
1407 1431 1536 1503 seillam,
1552 1433 1643 1490 sedin
1668 1433 1786 1492 Domino

137 1521 344 1593 sedenteslricl.
360 1535 391 1590 tr,
405 1521 444 1592 2),
460 1535 495 1575 au
511 1534 564 1574 non
580 1519 678 1574 merito
688 1518 855 1591 paupercula
869 1528 933 1575 tune
986 1518 1108 1590 gloriari,
1135 1536 1226 1592 neque
1240 1521 1275 1577 de
1304 1521 1415 1594 propria
1428 1519 1538 1590 virtute,
1555 1521 1605 1580 aed
1629 1524 1662 1580 de
1677 1523 1785 1580 Domini

136 1607 341 1680 dicerepotuit:
360 1607 933 1672 dumesaetreciuacaubituauunculus
985 1607 1120 1679 adjutorio
1141 1623 1304 1679 presumere
1327 1609 1510 1668 lentitudinem
1526 1628 1534 1682 3
1549 1611 1615 1670 dicit
1642 1612 1719 1669 illum
1743 1613 1787 1668 in·

135 1696 633 1756 meadedilcdcrcmsuumlPatuit
649 1705 787 1767 procerte
807 1693 934 1754 omuibus
988 1704 1029 1752 ter
1053 1697 1135 1752 ubera
1162 1713 1211 1754 sua
1238 1708 1477 1772 commoraturum,
1491 1699 1535 1758 cui
1563 1716 1658 1758 secura
1684 1702 1785 1759 decan·

135 1785 164 1840 iu
178 1785 240 1843 loco
268 1789 449 1858 manentibus,
477 1803 561 1860 quam
589 1794 684 1860 gratus
714 1783 881 1854 humiliatis,
907 1792 934 1841 el
989 1792 1027 1841 tet
1041 1802 1048 1840 :
1069 1786 1193 1843 Etiamsi
1208 1785 1387 1846 ambulavero
1402 1790 1435 1844 ia
1448 1789 1539 1848 medie
1550 1791 1658 1848 umbra
1671 1792 1785 1860 merlis,

135 1889 216 1948 quom
234 1876 419 1948 beneplacitus
447 1877 515 1932 odor
543 1876 711 1944 ascenderat,
727 1876 771 1931 cui
787 1890 850 1932 mos
875 1881 932 1932 mm
949 1834 972 1913 B
987 1889 1046 1931 aaa
1073 1873 1174 1932 librabo
1192 1877 1280 1944 matu,
1308 1878 1446 1950 queniam
1464 1879 1499 1936 tu
1517 1895 1629 1938 mecum
1654 1896 1684 1940 es
1697 1879 1784 1953 (Paul.

138 1961 249 2020 1118
261 1964 373 2034 copiosa
398 1971 425 2018 et
454 1964 576 2038 gloriosa
589 1964 806 2020 remuneratione
820 1977 932 2034 respon-
986 1978 1053 2032 xsrt,
1070 1966 1106 2032 l).

135 2067 196 2108 sum
210 2061 260 2112 cst.
275 2053 409 2108 Caetemm
439 2051 488 2107 illa
509 2067 564 2108 non
589 2050 700 2124 ingrata
723 2051 852 2108 beneficii
872 2051 931 2107 init.
1024 2054 1050 2108 2.
1080 2051 1190 2108 blemiui
1219 2068 1261 2109 me
1276 2051 1305 2108 in
1332 2068 1386 2110 uno
1418 2053 1588 2124 superiorem
1629 2070 1786 2112 sermonum

135 2140 207 2197 Audi
221 2140 293 2196 enim
307 2140 443 2212 quomodo
463 2155 528 2198 mos
542 2139 644 2212 repleta
658 2140 800 2196 devotione
814 2149 890 2212 parat
904 2157 933 2198 se
988 2139 1091 2212 (serm
1107 2143 1151 2210 to,
1174 2157 1246 2197 num.
1264 2140 1291 2213 t)
1304 2140 1358 2198 due
1373 2156 1481 2214 spousae
1504 2141 1588 2198 ubera
1614 2143 1786 2220 congratula-

134 2230 271 2285 adomnia
285 2230 352 2286 mala
372 2229 532 2301 perferenda
543 2229 711 2303 pronomine
723 2227 875 2301 ejusznam
890 2246 933 2286 se-
987 2229 1088 2286 tienem
1116 2229 1243 2287 definisse
1258 2239 1337 2303 atque
1364 2229 1591 2302 compassionem,
1618 2231 1697 2301 juxta
1710 2231 1785 2288 Pauli

135 2319 228 2391 quitur
244 2337 251 2375 :
268 2319 430 2378 Fasciculus
439 2317 691 2392 myrrboeda'lcctus
700 2333 780 2374 meus
794 2319 876 2387 milas,
886 2320 933 2374 iu·
988 2316 1147 2390 doctrinam,
1173 2317 1309 2376 dicentis:
1347 2319 1473 2376 Gaadsre
1501 2335 1567 2377 cam
1589 2319 1784 2394 paudeutibus,

136 2413 181 2464 lar
189 2408 275 2466 ubera
285 2425 349 2466 mea
358 2408 592 2468 commorabitur.
609 2405 754 2464 infirmitas
764 2422 835 2475 mea,
852 2423 933 2482 quam
988 2408 1056 2478 llere
1070 2423 1137 2464 cum
1152 2407 1286 2478 Jimllbur
1301 2405 1391 2480 (Rem.
1407 2423 1454 2476 un,
1471 2407 1525 2480 ab).
1542 2408 1613 2479 Quia
1628 2423 1694 2468 vera
1715 2411 1785 2466 iuter

135 2497 241 2568 nostis,
264 2513 317 2554 uon
330 2497 395 2555 sinit
408 2497 522 2554 ulterius
535 2495 673 2569 progredi.
689 2496 747 2552 Hoc
760 2497 850 2554 solum
863 2496 934 2564 duco,
987 2495 1141 2552 adversust
1169 2511 1301 2569 prospera
1315 2511 1436 2570 versans,
1451 2496 1526 2554 norit
1548 2497 1694 2570 utrobique
1711 2497 1785 2572 peri·

134 2586 200 2656 quia
214 2586 417 2644 tribulationum
429 2585 618 2643 amaritudinis
630 2585 682 2642 sub
694 2587 814 2657 myrrhae
824 2585 934 2643 nomine
987 2582 1049 2642 cula
1057 2598 1111 2640 non
1128 2584 1221 2642 deesse
1233 2603 1242 2654 ;
1259 2583 1377 2641 medium
1390 2583 1579 2658 hujuscemodi
1594 2585 1710 2642 uberum
1719 2602 1784 2644 suo·

134 2675 201 2731 dicit
224 2691 253 2731 se
277 2675 369 2734 subire
397 2683 523 2749 paratam
550 2689 644 2732 amore
657 2674 765 2732 dilecti.
789 2674 934 2746 Reliquum
990 2688 1053 2728 rum
1066 2672 1237 2730 vuitbabere
1256 2672 1393 2746 dilectum,
1421 2674 1498 2744 cujus
1529 2673 1657 2730 adversus
1671 2684 1785 2747 utraque

134 2763 246 2836 capituli
273 2764 341 2820 alias
369 2779 577 2838 prosequemur,
610 2763 634 2820 si
660 2771 749 2820 tamen
768 2771 933 2820 exoratusa
988 2759 1117 2818 contiuua
1143 2761 1312 2834 protectione
1325 2760 1455 2818 munitam
1483 2777 1532 2819 nec
1558 2761 1620 2819 laetu
1641 2763 1783 2833 extollant,

135 2851 214 2908 uobis
240 2851 357 2924 spiritus
381 2861 493 2912 sauctus
506 2852 631 2910 adiuerit.
651 2853 697 2926 qui
710 2867 761 2908 uos
785 2851 934 2927 intelligere
987 2865 1038 2906 nec
1052 2849 1138 2906 tristia
1150 2849 1288 2922 dejiciant.
1303 2848 1344 2906 Tu
1357 2865 1478 2924 quoque,
1494 2851 1517 2906 si
1538 2850 1622 2924 sapis,
1636 2849 1785 2909 imitaberis

135 2939 218 2996 iaciat
232 2942 317 2998 verba
333 2957 451 3014 sponsae,
474 2959 536 3014 quae
551 2941 610 3013 ipse
625 2940 783 3014 inspiranda
797 2939 931 3006 formarit,
988 2953 1095 3009 sponse
1109 2938 1292 3011 prudentiam,
1308 2947 1391 3010 atque
1409 2940 1480 2996 bunc
1497 2939 1611 3010 myrrhas
1636 2947 1690 2995 tam
1717 2941 1784 2997 cha-

96 3066 99 3074 ·
135 3028 486 3100 sicutnovitillius,cu1'us
514 3030 574 3103 ipse
589 3027 708 3103 Spiritus
734 3037 785 3098 est,
809 3028 933 3087 laudibus
988 3042 1048 3082 rum
1077 3027 1237 3084 fasciculum
1252 3027 1287 3082 de
1304 3025 1444 3098 principali
1464 3019 1503 3082 'tui
1531 3026 1659 3099 pectoris,
1678 3043 1729 3084 nec
1751 3029 1785 3083 ad

135 3117 294 3185 convenire,
308 3119 404 3190 spousi
419 3119 548 3176 Ecclesia
566 3119 632 3176 lesu
649 3116 749 3174 Christi
765 3117 875 3176 Domini
885 3133 934 3174 uo·
951 3110 1079 3189 choram
1096 3115 1205 3188 patieris
1229 3114 1308 3174 aselli
1326 3134 1332 3181 ;
1350 3130 1442 3170 amara
1455 3111 1499 3170 illa
1513 3113 1604 3172 omnis
1617 3130 1678 3187 quse
1696 3131 1748 3190 pro
1759 3126 1784 3174 te

135 3205 196 3274 stri,
210 3206 308 3278 quiest
321 3208 506 3281 superomnia
520 3209 595 3266 Deus
608 3206 807 3264 benedictusin
821 3205 933 3266 secula.
988 3203 1108 3276 pertulit,
1125 3219 1233 3277 semper
1255 3204 1281 3259 in
1312 3204 1443 3260 memoria
1463 3201 1593 3274 retinens,
1623 3214 1650 3260 et
1675 3205 1786 3263 assidua

138 3296 236 3352 Amen.
988 3293 1167 3349 meditatione
1184 3292 1334 3358 revolvens,
1363 3306 1418 3364 quo
1449 3289 1540 3365 possis
1566 3289 1656 3348 dicere
1670 3300 1697 3348 et
1727 3303 1783 3350 tu:

425 3385 542 3443 sanato
559 3383 652 3440 xbttt.
993 3381 1156 3438 Fasciculus
1169 3380 1292 3452 myrrha
1302 3381 1508 3438 dilectusmcus
1518 3381 1685 3451 militumr
1697 3381 1786 3440 ubera

141 3491 271 3559 Qbfllilet·
286 3491 477 3549 comidcralio
490 3492 630 3566 passienis
644 3493 672 3547 el
688 3491 815 3548 labarum
830 3489 934 3547 Christi
988 3485 1052 3525 mest
1068 3469 1297 3526 vommorabt'tbr·

175 3563 270 3633 surici
283 3580 424 3636 sponsam,
439 3563 516 3620 idest
538 3563 803 3633 culmumpcracre
815 3560 935 3617 ilicetum
1025 3559 1053 3611 3.
1072 3555 1107 3611 Et
1131 3569 1193 3630 ego,
1216 3555 1321 3626 iratres,
1342 3555 1376 3612 ab
1399 3555 1509 3612 ineunte
1526 3572 1586 3612 mea
1604 3557 1784 3618 conversione

172 3634 250 3689 im?
261 3649 398 3706 librilem
413 3633 566 3690 “advena
581 3631 665 3706 bajus
681 3631 790 3688 mundi·
989 3659 1039 3718 pro
1055 3661 1151 3702 acervo
1170 3643 1338 3717 meritorum,
1356 3659 1417 3717 quae
1446 3643 1512 3700 mihi
1538 3645 1637 3702 deesse
1663 3645 1783 3704 sciebam

174 3742 199 3795 t.
213 3740 377 3798 Fasciculus
391 3739 517 3812 myrrha·
532 3738 653 3796 dilectus
666 3735 841 3802 meusmilti,
856 3736 934 3794 iader
988 3735 1061 3792 hunc
1080 3735 1147 3792 mibi
1165 3734 1325 3794 fasciculum
1348 3735 1486 3807 colligare,
1502 3735 1614 3792 etinter
1628 3736 1710 3794 ubera
1726 3753 1783 3794 mea

134 3825 222 3884 ubero
249 3842 313 3884 mea
334 3825 555 3884 commorabitur
569 3826 665 3898 (Gaul.
681 3841 701 3897 r,
719 3825 774 3898 ta).
794 3825 865 3880 Ante
876 3840 932 3891 reu,
988 3824 1120 3880 collocare
1133 3823 1234 3894 curavi,
1256 3824 1400 3882 collectum
1420 3840 1453 3879 ex
1468 3823 1593 3882 omnibus
1606 3825 1785 3883 anxietatibus

135 3913 221 3970 modo
235 3913 371 3982 dilectus;
394 3922 456 3971 ante
480 3915 508 3970 in
522 3914 648 3970 accubitu
664 3915 750 3987 regio,
764 3912 846 3970 medo
865 3912 934 3969 iuter
993 3922 1020 3969 et
1032 3912 1258 3970 amaritudinibus
1278 3911 1387 3969 Domini
1403 3911 1455 3968 mei
1477 3929 1484 3967 :
1505 3910 1621 3982 primum
1649 3912 1784 3982 videlicet,

137 4017 247 4075 sponsae
274 4004 366 4060 ubera.
386 4003 484 4078 Magna
511 4003 670 4058 humilitatis
685 4001 780 4072 virtus,
795 4001 839 4059 cui
853 4000 934 4058 ctiam
988 3999 1152 4058 infantilium
1174 3997 1284 4060 11111
1306 4000 1414 4056 illarum
1446 3999 1653 4071 necessitatum
1676 4000 1782 4068 deinde,

137 4091 253 4148 Deitatis
268 4092 395 4162 majestas
410 4100 465 4148 tam
480 4092 561 4150 tacite
584 4107 614 4150 se
640 4090 762 4147 inclinat.
778 4090 837 4146 Cito
852 4104 932 4148 reve·
990 4090 1114 4146 labarum
1132 4105 1201 4164 quos
1225 4088 1332 4163 pertulit
1345 4088 1374 4146 iu
1388 4087 1570 4160 predicando,
1597 4087 1785 4170 fatigationum

137 4179 229 4236 rentioe
244 4196 345 4238 nornen
364 4181 393 4236 in
405 4180 570 4239 uocabulum
585 4179 712 4236 anricitira
726 4185 859 4236 mutatum
873 4186 932 4237 est:
990 4179 1018 4234 in
1032 4178 1224 4246 discurrendo,
1254 4177 1410 4251 vigiliarum
1425 4179 1453 4234 in
1480 4177 1594 4246 orando,
1609 4176 1786 4233 tentadcnum

137 4268 315 4344 etquilonge
329 4278 397 4336 eret,
412 4269 440 4325 in
458 4270 534 4326 brevi
550 4267 639 4326 iactus
654 4276 698 4325 est
712 4284 807 4342 pmpe,
838 4269 934 4326 Fasci-
990 4267 1017 4324 in
1029 4267 1191 4339 jejunando,
1207 4267 1388 4337 lacrymarum
1402 4263 1432 4320 iu
1458 4255 1659 4336 compatiendo,
1673 4263 1785 4320 insimu-

138 4358 224 4414 culus
238 4358 363 4430 myrrhae
380 4355 500 4416 dilectus
513 4375 592 4416 meus
610 4359 692 4414 mibi.
708 4358 827 4428 blyrrba,
843 4373 933 4414 amara
989 4372 1050 4412 rum
1066 4356 1093 4412 in
1108 4355 1302 4432 colloquendo,
1316 4361 1462 4426 postremo,
1477 4351 1786 4426 periculoruminialsis

138 4451 194 4513 re's,
209 4447 316 4502 dumet
334 4462 429 4522 aspera
444 4445 650 4504 tribulationum
668 4444 810 4518 significat.
827 4447 866 4501 Ea
879 4445 932 4502 sibi
949 4432 972 4510 Ι)
988 4444 1126 4512 iratribus,
1146 4441 1340 4511 conviciorum,
1357 4451 1509 4518 sputorum,
1524 4441 1784 4522 colaphorumaab-

136 4533 227 4591 dilecti
242 4550 323 4592 causa
336 4535 476 4593 imminere
493 4535 663 4607 prospiciens
675 4578 682 4603 ,
694 4534 892 4610 gratulabunda
906 4534 932 4590 id
989 4532 1190 4600 sannationum,
1219 4532 1470 4604 exprobrationum,
1495 4529 1643 4599 clarorum,
1669 4529 1783 4587 borum-

138 4622 269 4696 loquitur,
300 4622 438 4681 conlidens
467 4640 495 4680 se
521 4623 615 4680 omnia
647 4623 762 4680 viriliter
775 4623 932 4680 subituram.
987 4639 1041 4694 que
1055 4620 1193 4690 similium,
1208 4635 1269 4692 quae
1297 4617 1457 4678 insolutam
1483 4618 1568 4674 nostri
1581 4615 1689 4693 generis
1716 4616 1784 4675 silva

138 4711 339 4786 lbaul,inquit,
355 4713 508 4788 paudculer
522 4711 655 4786 discipuli
668 4731 687 4770 a
700 4715 850 4788 conspectu
863 4728 934 4768 cou-
988 4712 1141 4785 evaugelica
1172 4707 1362 4782 copiosissime
1388 4707 1511 4764 noscitur
1546 4704 1701 4780 protulisse.
1732 4704 1783 4764 Ubi

138 4802 365 4874 milissendem
392 4801 472 4874 dicul
492 4800 582 4858 babili
596 4807 727 4874 suutpro
741 4803 857 4860 mariue
872 4802 936 4859 lesu
988 4801 1139 4856 saneinter
1153 4796 1352 4856 totodoriierae
1367 4796 1484 4866 myrrhae
1510 4795 1589 4866 hujus
1617 4793 1784 4870 rumusculos

139 4892 345 4948 coutumeliam
369 4891 434 4964 poli
452 4889 526 4961 (Act.
541 4904 571 4956 v,
587 4890 644 4961 tt),
658 4889 802 4960 Propterea
814 4887 934 4961 denique
988 4887 1100 4945 minime
1116 4884 1371 4958 pretermittendum
1385 4881 1480 4955 putavi
1493 4881 1573 4940 etium
1601 4881 1676 4939 illam
1703 4899 1781 4956 mpr-

137 4993 194 5034 nou
222 4979 334 5048 iaseem,
351 4979 399 5036 sed
426 4977 583 5036 fasciculum
612 4977 742 5034 dilectum
760 4976 835 5044 dicit,
861 4977 934 5049 quod
988 4978 1076 5046 rbarn,
1090 4991 1144 5048 qua
1175 4974 1202 5030 in
1217 4989 1297 5031 cruce
1325 4975 1503 5047 potatuseat3
1530 4971 1577 5026 sed
1606 4969 1783 5044 nequerllam

137 5065 198 5124 lere
211 5083 268 5140 prae
286 5083 381 5126 amore
396 5067 482 5140 ipsius
490 5069 579 5134 ducat,
587 5066 718 5140 quidquid
729 5066 832 5122 laboris
843 5066 933 5121 tmmi·
987 5082 1043 5138 qua
1073 5073 1171 5121 unctus
1191 5069 1232 5121 est
1263 5063 1291 5118 in
1320 5059 1468 5140 sepultura.
1495 5057 1615 5128 Quamm
1642 5059 1669 5115 in
1697 5057 1784 5131 prima

139 5163 204 5212 neat
218 5166 244 5214 et
258 5157 372 5215 doloris.
387 5159 459 5214 Beue
474 5155 703 5226 fasciculosque
718 5155 934 5227 parvulusuatus
988 5153 1116 5226 applicuit
1130 5152 1181 5210 sibi
1207 5165 1326 5208 meorum
1358 5147 1566 5204 amaritudinem
1590 5157 1781 5218 peecatornm3

138 5251 182 5300 est
196 5245 404 5320 nobis(lso.rx,
419 5245 457 5318 6).
471 5243 707 5311 beneiaseicuius,
721 5245 783 5316 quia
798 5248 933 5304 consuat
988 5241 1149 5300 insecundo
1175 5240 1294 5298 iutursm
1321 5236 1554 5308 incorruptionem
1582 5233 1636 5292 mei
1662 5233 1784 5305 eorporis

136 5334 286 5407 cacdipuue
312 5339 458 5409 passiones
479 5335 565 5406 hujus
582 5335 717 5406 temperis
736 5333 772 5389 ud
799 5336 933 5406 futurum
988 5331 1135 5389 dedicavit.
1163 5328 1323 5388 Memoriam
1351 5323 1524 5382 abuudantiae
1563 5320 1703 5401 suavitatis
1736 5322 1786 5380 bc·

137 5426 262 5496 pluriam
277 5441 342 5498 quae
353 5425 523 5482 recumbitur
533 5423 564 5479 iu
573 5423 652 5480 uobis
662 5421 820 5494 (maur.
832 5421 887 5492 ta).
903 5421 934 5478 ld
989 5437 1049 5478 rum
1064 5420 1202 5488 eructabo,
1216 5417 1305 5492 quoad
1324 5415 1418 5473 vixere
1433 5429 1442 5484 ς
1457 5411 1486 5468 in
1501 5419 1631 5473 nmmum
1644 5423 1700 5467 non
1714 5409 1786 5466 obli-

139 5513 415 5588 enim,inquit,quad
425 5516 456 5569 ιιι
475 5512 936 5585 prasentiestmeauataueamet
987 5510 1078 5569 riscar
1086 5510 1273 5585 miserationes
1280 5503 1427 5582 isaacum
1441 5500 1546 5574 inipsis
1554 5496 1706 5557 vivificatus
1715 5514 1786 5578 suar.

142 5601 203 5660 leve
214 5603 411 5661 tribulationis
420 5606 525 5660 uestrae
539 5601 745 5674 supramodum
759 5602 791 5660 ia
804 5601 935 5660 subtimt-
1026 5603 1053 5658 l.
1068 5600 1124 5657 Has
1133 5599 1198 5657 olim
1213 5604 1322 5654 sauctus
1335 5591 1422 5651 David
1436 5605 1500 5649 eum
1513 5587 1641 5661 iacrymis
1666 5586 1800 5661 nqeue.

144 5698 204 5755 tute
217 5695 478 5768 alemumpaudus
491 5693 590 5765 purte
604 5696 739 5765 operatur
752 5695 784 5750 ia
807 5690 939 5764 ncbisffl
990 5689 1060 5750 bat:
1084 5691 1201 5751 Veniant
1214 5687 1298 5755 mibi,
1314 5679 1667 5758 inpresentiarum
1682 5680 1751 5747 tua,
1765 5679 1794 5736 et
