4116 6348
194 385 252 450 533

824 379 996 442 stattttolttts
1015 377 1058 450 DE
1073 377 1233 440 Dttaasts.

1795 377 1848 438 cat

194 507 993 587 genvit,decoreminduit,mdeitDomiecssortatediracm
1012 521 1035 599 Α
1053 521 1113 562 runa
1127 520 1209 576 opere
1227 520 1287 573 suo,
1303 513 1429 562 neutrum
1448 505 1577 578 deinceps
1598 506 1634 562 sit
1650 505 1781 562 facturus.
1797 503 1850 560 No·

197 602 285 674 (eset.
306 616 380 668 xcrt,
397 599 436 672 l).
449 600 579 656 Decorem
593 613 659 654 saue
683 597 711 654 iu
725 611 838 669 corpore
851 595 994 664 claritatis,

196 691 385 748 fortitudinem
399 705 466 747 vero
479 689 507 744 iu
523 686 721 761 impertubabili
736 695 807 743 statu
822 685 932 743 mentis.
948 686 999 742 Dc-

195 779 278 853 nique
292 781 388 838 tristis
401 783 452 844 eet,
464 777 564 850 inquit,
579 778 679 835 enimc
693 793 757 834 mec
771 790 861 848 usqae
874 774 912 832 ed
923 790 998 832 mor·

193 873 252 927 iere
263 869 376 942 (lotch.
392 882 471 935 xxva,
489 865 544 937 38).
564 865 641 922 Unde
662 874 688 920 et
699 860 834 919 inclinans
849 873 939 937 caput,
955 861 998 917 di·

194 956 234 1014 xit
254 975 262 1013 a
282 959 514 1018 consummatum
534 958 578 1011 cst
599 953 694 1024 (foce.
718 969 781 1018 xrx,
797 951 861 1024 30);
877 966 912 1008 ue
932 951 998 1024 quid

193 1046 323 1118 deinceps
336 1044 498 1102 infirmitatis
517 1044 545 1099 in
559 1059 593 1100 eo
605 1044 686 1100 liccat
699 1041 843 1114 suspicari.

230 1137 257 1191 tt.
277 1134 332 1191 Sed
348 1133 384 1190 ait
398 1134 449 1190 iste
466 1152 472 1190 :
491 1153 504 1184 ι
520 1132 550 1190 Si
564 1131 713 1203 Apostolus
723 1130 808 1202 ipsius
822 1131 897 1204 luget
911 1144 998 1202 qrrus·

196 1223 259 1280 dam
285 1221 332 1296 qui
354 1229 417 1278 ante
437 1229 631 1293 peccaverunt,
651 1235 701 1276 uec
727 1218 913 1291 poeuitentiam
932 1233 999 1292 ege·

196 1319 257 1368 runt
272 1311 299 1366 in
315 1311 357 1367 bis
374 1309 486 1368 neti
499 1325 560 1383 quae
575 1319 716 1383 gesseruut
729 1307 770 1382 (ff
783 1309 846 1366 Cor.
859 1323 914 1378 ιιιι,
930 1309 996 1378 an:

195 1399 260 1474 quid
274 1397 363 1454 dicam
379 1399 415 1454 de
437 1399 506 1469 ipso,
527 1398 574 1470 qui
590 1398 673 1454 filius
695 1397 794 1454 dicitur
806 1395 966 1453 charitatis?
983 1417 995 1449 ι

193 1487 227 1544 Et
239 1487 360 1543 deiude:
379 1507 391 1538 ι
416 1487 482 1543 Cum
502 1501 568 1558 ergo
583 1501 643 1557 qnae
663 1493 753 1542 nostra
772 1493 835 1540 suut
849 1484 995 1558 quesierit,

1053 607 1116 652 stre
1142 594 1305 651 infirmitatis
1317 589 1390 650 istad
1422 601 1474 664 est,
1491 589 1606 667 quorum
1629 595 1760 652 adhuciu
1782 591 1850 648 mari

1053 696 1157 754 sagena
1177 682 1298 752 trahitur,
1314 691 1342 739 et
1366 697 1400 738 ex
1424 681 1499 738 omui
1523 687 1622 754 genere
1648 683 1760 756 piscium
1784 695 1850 739 cnu-

1054 779 1160 842 gregat.
1188 771 1255 828 nihil
1285 771 1397 828 omuino
1421 771 1590 829 discernens.
1621 771 1669 827 llle
1693 765 1785 842 euim,
1800 781 1850 826 uec

1052 859 1132 915 modo
1147 859 1202 925 illc,
1215 861 1263 918 sed
1278 871 1306 918 et
1321 860 1446 931 apostoli,
1458 870 1485 917 et
1499 860 1589 916 oaeteri
1603 859 1649 933 qui
1663 875 1724 916 cum
1739 873 1772 915 eo
1786 866 1850 914 sunt

1051 948 1147 1016 sancti,
1182 949 1217 1005 ed
1246 949 1319 1006 littus
1347 950 1439 1022 utique
1467 955 1659 1020 pervenerunt,
1684 963 1734 1004 nec
1753 947 1848 1004 mistos

1053 1036 1140 1108 pisces
1158 1038 1185 1094 iu
1205 1041 1276 1096 uasis
1300 1054 1424 1109 posuere,
1445 1039 1491 1095 sed
1513 1038 1619 1094 electos
1641 1044 1668 1092 et
1682 1037 1769 1092 bonos
1785 1043 1847 1090 tau-

1052 1131 1109 1182 tum
1126 1145 1132 1181 :
1148 1143 1210 1182 nam
1220 1128 1305 1184 malos
1320 1129 1414 1196 ntique
1429 1128 1501 1184 foras
1513 1127 1647 1183 miserunt
1658 1123 1767 1195 (hatti.
1782 1117 1846 1191 ιιιιι,

1053 1218 1097 1287 tu,
1113 1216 1170 1286 ts).
1184 1215 1307 1286 Quantos
1329 1233 1380 1290 ego
1395 1217 1500 1273 iuterim
1523 1231 1607 1288 cogor
1631 1215 1739 1270 trahere
1761 1207 1848 1268 malos

1052 1303 1150 1374 pisces,
1166 1315 1281 1378 quantos
1295 1307 1391 1363 anxios
1407 1316 1434 1362 et
1462 1305 1591 1362 molestos
1620 1305 1691 1359 iutra
1718 1317 1847 1374 sagenam

1052 1407 1136 1449 meam
1166 1396 1348 1466 congregavi,
1375 1397 1484 1468 quando
1513 1395 1590 1450 uobis
1617 1393 1730 1449 adhaesit
1760 1385 1849 1446 anima

1052 1481 1126 1538 meai
1145 1482 1326 1558 congratulor
1347 1484 1569 1556 proficientibus;
1589 1483 1711 1552 jucunda
1730 1478 1870 1554 affectio„

193 1592 266 1633 nuuc
278 1576 337 1646 jam
350 1591 401 1633 uos
422 1591 476 1631 nou
496 1577 602 1647 quaerit,
617 1590 668 1631 uec
687 1589 750 1645 qus
764 1582 856 1629 nostra
874 1581 937 1628 suut
950 1587 997 1628 co·
1051 1569 1195 1626 bonusest
1211 1572 1301 1644 piscis.
1330 1575 1467 1630 Goudoleo
1491 1572 1691 1639 deficientibus,
1717 1569 1770 1625 ileo
1784 1564 1847 1625 cnm

192 1664 272 1738 gitat,
295 1680 346 1721 nec
371 1665 406 1720 de
426 1664 564 1721 erroribus
587 1662 684 1720 uostris
712 1668 817 1728 moeret,
839 1677 890 1718 nec
908 1661 997 1733 perdi-
1050 1657 1186 1727 flentibus,
1203 1675 1290 1732 angor
1315 1678 1363 1732 pro
1391 1661 1614 1734 periclitantibus,
1636 1658 1757 1716 infirmor
1783 1673 1846 1713 cum

192 1753 281 1810 tiones
295 1759 400 1810 nostras
414 1752 494 1810 deflet
512 1759 539 1808 et
561 1750 747 1818 contritiones,
761 1749 808 1824 qui
825 1749 899 1806 flevit
912 1765 996 1822 super
1053 1744 1258 1822 infirmantibus,
1275 1767 1339 1807 uror
1352 1767 1412 1806 cum
1440 1750 1635 1808 scandalizatis.
1665 1747 1763 1805 Gravia
1784 1753 1848 1802 suut

192 1843 368 1898 Jerusalem?
382 1842 463 1916 (Luc.
477 1857 540 1913 arx,
555 1840 613 1912 il.)
627 1842 694 1897 item
710 1858 717 1898 ε
736 1860 749 1893 a
765 1840 882 1906 Nunc»
898 1839 997 1910 iuquit,
1014 1796 1037 1874 n
1054 1835 1112 1891 hacc
1139 1847 1166 1892 et
1181 1839 1286 1905 acerba,
1308 1840 1400 1912 utique
1428 1839 1491 1896 mali
1518 1841 1619 1911 pisces.
1648 1837 1734 1895 bielos
1753 1842 1845 1892 autem

196 1931 288 2005 «quia
301 1931 455 1988 misericors
473 1938 501 1986 et
521 1931 663 1985 miserator
677 1938 718 1985 est
742 1927 882 1994 Dominus,
899 1928 996 1998 maiori
1054 1922 1178 1992 dixerim,
1200 1941 1252 1981 nou
1277 1935 1387 1999 propter
1401 1929 1517 2000 eulpam,
1539 1930 1585 1982 sed
1602 1935 1712 1998 pmptar
1724 1939 1845 1996 poeuam.

193 2019 302 2090 attectn,
321 2036 402 2092 quem
426 2019 564 2088 apostolus
583 2033 661 2088 suus,
675 2017 722 2074 llet
737 2033 798 2074 cum
813 2015 952 2088 uentibus,
970 2023 996 2074 ct
1052 2011 1141 2067 Faciat
1169 2015 1251 2082 Deus,
1272 2031 1307 2070 nc
1335 2031 1348 2072 a
1373 2016 1545 2073 multitudiue
1572 2013 1705 2072 malornm
1733 2013 1848 2087 piscium

191 2108 327 2183 lugeteos
346 2109 468 2180 quiante
485 2114 672 2178 peccauerunt.
689 2106 830 2164 Neceuim
848 2106 997 2178 putandum
1050 2100 1199 2160 obruamur
1234 2103 1456 2176 pusillanimitate
1488 2105 1599 2175 spiritns
1631 2114 1658 2160 et
1671 2109 1847 2170 tempestate,

189 2198 320 2270 estquod
343 2196 443 2253 Paulus
471 2197 563 2272 lugent
586 2211 636 2269 pru
663 2195 850 2267 peccatoribus
873 2203 902 2250 et
922 2193 995 2265 fleat,
1051 2187 1138 2245 donec
1157 2193 1345 2261 perveniamus
1358 2195 1391 2249 ad
1411 2194 1495 2265 optati
1519 2193 1616 2250 littoris
1630 2194 1782 2259 stationem,
1799 2189 1847 2246 ubi

191 2287 324 2342 Dominus
342 2297 432 2343 aurem
452 2301 530 2340 meus
551 2285 683 2340 abstineat
697 2300 713 2339 a
727 2283 832 2340 ileum,
854 2285 918 2339 flaee
932 2283 996 2355 qui·
1053 2278 1137 2335 malos
1152 2295 1309 2352 separemus
1324 2291 1351 2338 et
1360 2283 1532 2339 secludamus
1549 2283 1662 2348 ahouis,
1680 2279 1848 2337 dividelicet

190 2374 252 2429 dem
276 2377 317 2429 sic
335 2373 476 2446 accipere,
491 2373 586 2445 quidni
600 2372 688 2430 adhuc
702 2372 828 2428 dilectum
848 2371 875 2426 iu
898 2371 996 2428 lectulo
1050 2365 1083 2420 de
1096 2377 1194 2425 caetero
1209 2385 1258 2425 nec
1278 2370 1375 2440 luctus,
1390 2387 1439 2428 nec
1455 2372 1568 2442 clamor,
1581 2371 1630 2427 sed
1641 2386 1694 2438 pec
1705 2370 1779 2426 ullus
1795 2370 1847 2425 do·

194 2477 317 2534 quaerere
344 2462 455 2520 dicam?
478 2463 569 2520 Nescit
592 2472 717 2518 mortuus
746 2469 821 2517 extra
844 2460 995 2530 tumulum,
1050 2455 1102 2521 lor,
1117 2465 1164 2513 aut
1183 2460 1262 2516 etiam
1278 2460 1357 2518 timor
1375 2460 1411 2517 sit
1425 2461 1452 2517 iu
1467 2461 1566 2518 finibus
1581 2460 1692 2527 uostris,
1715 2459 1763 2516 sed
1777 2473 1845 2531 gra·

195 2551 283 2608 nescit
296 2549 421 2608 infirmus
443 2561 519 2609 extra
536 2551 647 2618 lectum,
664 2549 753 2607 nescit
775 2549 904 2620 parvulus
920 2555 996 2604 entra
1051 2544 1148 2602 tiaram
1162 2547 1244 2616 actio,
1259 2556 1287 2604 et
1300 2564 1354 2605 vox
1373 2549 1570 2607 exsultationis.

197 2639 328 2697 lectulum
341 2657 461 2713 quaerere
470 2655 549 2712 quem
561 2638 650 2712 diligit
659 2639 748 2695 anima
757 2653 816 2695 sna.
827 2638 926 2694 Verum
937 2637 994 2703 ille,
1315 2655 1431 2713 513stqu
1459 2657 1577 2722 xxxv·

196 2737 227 2784 ¹²⁸
250 2744 332 2798 supra
347 2728 528 2798 meminimus,
544 2743 600 2784 ¹1⁰⁰
614 2728 703 2784 “¹1⁰1ss
722 2728 821 2796 ⁰⁰¹⁶&
837 2742 920 2800 quam
932 2741 997 2784 W·
1050 2743 1089 2799 Dc
1103 2745 1194 2801 tribus
1203 2745 1346 2804 ordinibus
1360 2747 1499 2810 Ecclesiae,
1511 2746 1548 2803 cd
1561 2749 1658 2820 potres
1676 2747 1707 2802 im
1721 2747 1846 2819 capitulo

198 2831 264 2886 pore
278 2817 444 2888 glorificatus
459 2817 525 2887 (imo
544 2823 617 2872 tanto
629 2816 755 2888 amplius,
766 2823 864 2888 quanto
882 2815 996 2886 amplior
1344 2817 1456 2875 habites
1471 2817 1548 2889 (aa).

197 2903 298 2969 aalma,
315 2913 341 2960 et
355 2905 448 2979 gloriae
462 2905 586 2976 capacior
602 2912 643 2961 est
656 2920 737 2976 quam
752 2905 838 2976 caro),
856 2903 924 2960 sicut
941 2919 996 2960 uon
1087 2907 1112 2960 l.
1129 2904 1187 2960 floc
1199 2917 1273 2960 marc
1283 2919 1409 2977 maguum
1425 2913 1451 2962 et
1461 2905 1611 2979 spatiosum
1630 2907 1669 2978 (iu
1685 2920 1739 2979 quc
1754 2904 1847 2977 utique

197 3000 286 3064 potest
308 2993 446 3069 negligere
472 3009 546 3052 suos.
562 2993 602 3048 sic
625 3008 674 3049 racc
689 2993 783 3066 lugere
807 3007 855 3062 pro
876 2993 925 3048 eis.
943 2991 996 3047 Sed
1049 2997 1208 3047 certumcst
1222 2991 1374 3049 nihilaliud
1387 3011 1470 3066 quam
1485 3011 1606 3066 praesens
1624 2994 1750 3051 secutum
1766 3009 1843 3048 ama-

198 3081 305 3152 quaudo
326 3082 446 3138 hnmana
466 3081 597 3152 fragilitas
620 3081 773 3153 hujusmodi
800 3095 896 3150 capere
914 3073 1035 3152 possitc
1052 3096 1110 3138 rum
1138 3079 1273 3138 fluctuans
1300 3082 1451 3158 designari)
1466 3085 1553 3141 tribus
1571 3083 1713 3139 bominum
1732 3079 1845 3140 taes

198 3169 334 3235 affectum,
351 3171 397 3242 qni
411 3171 471 3226 sine
485 3170 592 3226 miseria
606 3170 777 3236 misercatur,
792 3178 819 3224 at
840 3169 880 3226 sic
894 3169 996 3240 diligat,
1051 3168 1197 3240 generibus
1211 3183 1262 3224 suc
1277 3171 1376 3244 cuique
1398 3173 1479 3229 modo
1506 3174 1629 3244 peruium
1643 3181 1693 3240 est,
1710 3181 1740 3229 ut
1755 3180 1846 3227 traus-

198 3266 225 3313 et
237 3259 410 3315 uehementer
424 3259 517 3331 diligat
533 3275 594 3315 eum
607 3259 654 3331 qui
672 3259 753 3324 dolet,
769 3268 816 3314 aut
830 3258 874 3328 qni
891 3257 997 3328 pericli·
1052 3265 1113 3310 aaut
1137 3256 1252 3312 liberati.
1268 3259 1336 3316 Tres
1357 3259 1430 3315 enim
1450 3263 1596 3326 senariae,
1626 3260 1720 3318 Daniel
1748 3267 1775 3316 et
1795 3259 1847 3317 tob

200 3353 280 3411 tatur,
289 3354 318 3402 ut
332 3354 421 3402 tamen
431 3346 490 3416 ipse
499 3346 609 3403 omuino
625 3363 674 3403 uec
689 3347 785 3414 doleat,
798 3361 849 3402 nec
860 3344 998 3402 turbetur?
1051 3345 1161 3416 (Eaeeh.
1190 3361 1249 3413 xtv,
1267 3347 1311 3419 rt)
1327 3364 1334 3404 :
1350 3363 1465 3422 qnorum
1493 3350 1597 3422 primus
1612 3349 1684 3415 navi,
1714 3349 1847 3406 secundus

200 3433 390 3491 Verumtamen
414 3435 464 3491 etsi
478 3435 504 3490 id
522 3435 603 3508 louge
623 3450 707 3506 supra
721 3434 997 3504 nostramexperieu-
1052 3443 1144 3504 pionte,
1171 3435 1263 3491 tertius
1289 3437 1358 3495 redo
1382 3439 1488 3495 transit.
1519 3441 1601 3496 Porro
1626 3445 1683 3496 tres
1709 3437 1844 3506 homines,

198 3522 265 3578 tiam
280 3531 331 3590 est,
343 3523 399 3580 Deo
414 3530 504 3580 tamen
517 3523 582 3579 nihil
593 3522 764 3596 impossibile
778 3530 829 3578 est.
845 3524 935 3579 Potest
951 3522 1000 3596 igi·
1051 3529 1107 3578 tres
1127 3523 1238 3581 ordines
1266 3525 1398 3584 Ecclesiae
1413 3529 1531 3602 signant.
1546 3531 1605 3586 Noe
1624 3528 1736 3603 quidem
1758 3541 1847 3584 arcam

199 3616 245 3665 tur
258 3625 311 3668 uon
326 3611 408 3668 modo
422 3612 483 3678 sibi,
499 3612 547 3669 sed
561 3623 588 3667 et
609 3611 667 3667 suis
681 3611 822 3678 omnibus,
837 3626 904 3682 quos
919 3609 999 3668 iufir-
1053 3611 1125 3667 rexit
1140 3629 1175 3669 ue
1201 3614 1302 3687 periret
1317 3615 1342 3671 in
1370 3616 1482 3684 diluvio,
1500 3618 1546 3675 ubi
1573 3619 1698 3688 protinus
1713 3625 1847 3674 rectorum

200 3698 291 3756 mitate
311 3700 399 3756 carnis
417 3707 512 3757 exutos
532 3701 630 3759 virtute
655 3699 753 3768 induit,
769 3708 797 3756 et
819 3699 847 3754 in
867 3699 1000 3772 potentias
1052 3701 1182 3758 Ecclesiae
1196 3702 1309 3760 formam
1321 3720 1438 3778 agnosco
1455 3724 1463 3762 ι
1480 3707 1576 3763 Daniel
1586 3706 1627 3762 vir
1645 3689 1844 3763 desideriorum

198 3786 357 3858 introdaxit,
373 3803 433 3845 eam
456 3789 580 3846 conferre
600 3788 861 3862 dilectionemque
882 3789 1000 3862 gaudeat
1053 3789 1223 3848 abstinentie
1238 3793 1444 3852 etcastimouiae
1462 3795 1580 3864 deditus,
1594 3795 1652 3866 ipsc
1670 3795 1776 3853 estsoli
1790 3797 1848 3852 Deo

196 3889 257 3934 eum
271 3877 462 3950 gaudentibus,
477 3891 531 3934 uon
545 3885 637 3934 autem
652 3877 711 3933 beat
731 3891 794 3934 cunr
815 3877 958 3943 flectibus;
973 3886 1001 3934 et
1053 3895 1152 3936 uacans
1178 3882 1366 3954 poeuiteutium
1390 3892 1417 3940 et
1444 3884 1641 3942 continentium
1668 3885 1736 3942 ordo
1766 3903 1774 3942 :
1796 3885 1847 3942 iob

196 3964 237 4022 sic
259 3981 306 4022 eos
324 3982 392 4046 quos
411 3973 496 4033 amat,
512 3965 700 4024 efficacissime
725 3975 752 4022 ct
775 3965 1000 4024 affectuosissima
1053 3984 1163 4041 quoque
1186 3970 1363 4027 substantiam
1385 3974 1468 4044 bajus
1485 3973 1577 4029 muudi
1591 3973 1662 4030 bene
1685 3974 1847 4045 dispensans

197 4052 283 4126 uniat,
294 4065 324 4111 ut
339 4063 398 4127 ipsa
414 4067 503 4112 tamen
518 4053 750 4128 imperturbabilis
760 4063 927 4128 perseveret.
943 4056 1001 4113 Nec
1052 4056 1079 4112 iu
1094 4058 1233 4132 conjugio,
1243 4045 1347 4116 fidelem
1361 4061 1485 4136 designat
1500 4063 1629 4136 populum
1644 4069 1749 4119 terrena
1773 4061 1847 4120 licite

196 4143 308 4199 dubium
325 4159 390 4201 sane
414 4144 480 4217 quin
493 4144 577 4218 lunge
591 4145 762 4217 praestantior
776 4144 813 4199 sit
832 4160 864 4204 ea
879 4144 998 4216 dilectio,
1054 4146 1248 4218 possidentem,
1265 4151 1303 4203 De
1318 4150 1408 4223 prime
1426 4150 1510 4224 igitur
1523 4159 1550 4207 et
1563 4152 1685 4210 secundo
1700 4151 1781 4207 nobis
1796 4152 1846 4208 ha·

197 4232 424 4305 quemadmodum
452 4233 593 4302 medicina,
618 4233 642 4288 si
665 4249 730 4305 quae‘
750 4243 838 4290 tamen
865 4233 999 4304 ejusmodi
1052 4235 1158 4294 beudus
1172 4244 1214 4293 est
1227 4254 1328 4306 sermo,
1357 4241 1483 4311 quoniam
1498 4240 1774 4299 adsuntvenerabiles
1790 4239 1847 4295 fra-

195 4329 247 4386 est,
262 4321 405 4391 pretiosior
429 4322 520 4393 utique
533 4321 680 4392 iudicatur,
696 4335 758 4393 quea
777 4320 818 4379 sic
840 4329 916 4378 curat
937 4323 998 4377 vnl-
1055 4333 1109 4380 tres
1131 4333 1157 4381 et
1181 4328 1327 4385 coabbates
1345 4329 1430 4386 nostri
1458 4329 1490 4385 de
1514 4343 1628 4386 numero
1651 4330 1846 4401 praelatorum3

198 4419 273 4478 aera,
288 4417 318 4466 ut
340 4410 411 4466 iuter
428 4411 577 4468 curandum
598 4424 648 4467 uec
666 4409 828 4481 virtusejus
846 4409 873 4466 iu
897 4410 996 4483 aliquo,
1054 4413 1151 4470 adsunt
1164 4425 1192 4471 et
1220 4418 1342 4473 monachi
1370 4418 1404 4474 de
1423 4419 1611 4490 paenitentiam
1627 4405 1745 4474 ordine:
1766 4431 1850 4490 aquo

199 4513 250 4554 uec
273 4499 422 4555 substantia
443 4499 592 4567 minuatum
615 4514 697 4572 quam
722 4515 755 4555 ce
773 4514 834 4570 quae
856 4499 996 4568 siccarat,
1052 4511 1141 4558 amau
1155 4519 1207 4560 nec
1230 4521 1281 4560 uos
1296 4507 1403 4563 abbates
1427 4507 1530 4562 alienos
1556 4515 1679 4577 reputare
1705 4502 1847 4575 debemus,

199 4595 229 4642 at
242 4587 360 4644 curando
378 4587 496 4657 deficiat,
512 4597 543 4644 ut
564 4597 762 4660 corrumpatur.
778 4587 853 4644 Licet
870 4603 934 4660 ergo
948 4587 998 4644 lle·
1053 4589 1106 4645 nisi
1134 4591 1211 4661 forte,
1228 4596 1301 4666 quod
1321 4595 1403 4650 absit!
1418 4593 1500 4650 oflicii
1516 4597 1601 4652 nostri
1625 4593 1723 4668 gratia,
1749 4583 1849 4650 nostrae

198 4676 268 4733 verit
280 4676 411 4733 Dominus
425 4693 507 4751 super
530 4678 693 4749 Jerusalem,
707 4692 740 4734 ex
755 4677 875 4746 bociam
890 4677 1000 4734 omuino
1054 4677 1184 4736 fuerimus
1212 4681 1394 4750 professionis
1419 4683 1602 4739 immemores.
1616 4683 1734 4738 Tertium
1749 4683 1843 4756 igitur,

196 4781 253 4823 nou
267 4763 362 4823 uecta:
379 4767 447 4825 sicut
463 4774 645 4838 mortausest,
661 4767 709 4827 sed
720 4781 867 4838 resurgens
881 4781 913 4823 ex
929 4781 1001 4823 mor·
1054 4769 1262 4842 conjugatorum
1285 4770 1409 4828 videlicet
1436 4771 1574 4839 ordinem,
1603 4771 1689 4844 magis
1712 4771 1848 4829 succincte

196 4856 251 4912 tuis
274 4856 332 4927 jam
357 4873 411 4912 non
429 4856 544 4914 moritur
566 4856 659 4929 (Dum.
679 4871 719 4927 vt,
741 4857 770 4929 9)
788 4873 795 4912 :
811 4855 882 4913 sicut
901 4855 949 4911 fnit
972 4856 1000 4910 in
1054 4865 1218 4926 transcurro,
1228 4868 1352 4930 tauquam
1369 4859 1458 4916 minus
1471 4861 1566 4916 adnos
1586 4860 1774 4934 pertinentem.
1787 4862 1848 4932 lpse

195 4933 303 5013 lectulo,
320 4944 368 5000 scd
382 4961 531 5019 exsurgens
543 4947 600 5017 jam
618 4947 645 5001 iu
666 4944 765 5002 lectulo
785 4959 840 5001 uon
853 4946 1002 5008 iuvenitur,
1054 4946 1147 5017 estqui
1157 4946 1274 5003 manime
1287 4963 1361 5004 mare
1376 4965 1509 5020 maguum
1521 4949 1589 5005 rado
1603 4949 1757 5021 pertransit,
1773 4948 1849 5006 labo-

231 5035 258 5089 6.
280 5033 367 5093 ttabet
390 5038 480 5092 tamen
495 5036 575 5092 etiam
599 5051 671 5093 nunc
693 5033 866 5091 ineffabiliter
884 5036 1000 5107 amplio-
1054 5033 1155 5090 riosum
1175 5050 1285 5106 prorsus
1313 5043 1340 5092 et
1366 5037 1562 5109 periculosum,
1580 5039 1659 5096 etiam
1683 5045 1710 5094 et
1737 5038 1848 5110 longum

193 5138 252 5178 rem
267 5122 393 5180 allectum
408 5133 434 5180 et
455 5123 647 5190 efficaciorem,
662 5140 742 5196 quam
759 5124 875 5180 habeant
894 5124 940 5196 qui
955 5124 1000 5178 lu·
1053 5123 1157 5179 babens
1172 5125 1231 5193 iter,
1247 5125 1347 5197 quippe
1359 5124 1404 5197 qui
1415 5126 1491 5182 nulla
1503 5125 1553 5182 riae
1569 5127 1734 5198 compendia
1748 5133 1848 5197 captet.

194 5218 261 5286 gcut
274 5227 327 5284 pro
348 5211 582 5285 delinquentibus,
602 5220 649 5269 aut
672 5227 722 5285 pro
743 5212 871 5269 fratribus
893 5220 1001 5284 ponunt
1054 5213 1121 5267 Nam
1136 5213 1208 5284 quod
1228 5213 1414 5285 periculosum
1439 5214 1474 5270 eit
1495 5215 1554 5281 iter,
1571 5215 1598 5269 in
1613 5230 1645 5270 eo
1673 5223 1759 5285 patet,
1776 5216 1849 5287 qnod

194 5300 302 5357 animas
319 5319 326 5354 a
343 5301 468 5375 quamvls
489 5302 548 5373 ipsc
562 5301 686 5375 quidem,
710 5309 899 5359 consummato
917 5303 999 5357 uimi-
1054 5309 1106 5356 tam
1126 5301 1267 5357 multosin
1292 5317 1325 5358 eo
1342 5303 1431 5375 perire
1459 5303 1593 5372 dolemus,
1623 5303 1851 5374 tampancosvi·

230 5426 302 5495 (Μ’)
317 5423 365 5484 ilic
379 5444 470 5486 sermo
486 5431 511 5482 in
526 5429 621 5486 codice
635 5429 791 5485 Culbertino
804 5431 914 5500 optimae
929 5436 998 5486 uotae
1072 5424 1169 5490 ellico,
1194 5425 1264 5480 iuter
1291 5441 1431 5483 sermones
1453 5426 1488 5482 de
1516 5425 1628 5496 Quadra
1648 5427 1744 5484 esiata.
1773 5425 1847 5483 Olim

195 5497 314 5579 locatur·
329 5507 390 5554 ante
413 5515 565 5554 sermenem
593 5503 627 5556 de
654 5500 800 5556 Nativitate
826 5501 856 5557 D.
886 5499 995 5570 liariae;
1051 5443 1204 5563 {aptantem
1219 5497 1402 5555 cisterciense
1422 5497 1512 5579 idibus
1536 5507 1638 5578 septem
1660 5497 1698 5553 ris
1719 5497 1849 5580 celebrari

195 5580 224 5622 ιιι
248 5569 334 5640 licque
363 5576 434 5640 post,
453 5587 516 5626 eum
538 5573 589 5628 boc
619 5571 707 5638 titulo,
729 5573 826 5630 Sermo
854 5571 891 5628 ed
914 5573 996 5630 ebdu-
1052 5568 1232 5624 meseratio
1252 5569 1320 5626 libro
1338 5568 1563 5627 Florumcttatur
1585 5569 1732 5627 hroscrmo
1755 5569 1844 5627 rultb.

196 5645 241 5702 tes.
261 5642 404 5699 vementes
427 5642 463 5698 ed
486 5644 649 5716 ,capitalem
669 5645 808 5703 disimcii.
825 5643 855 5700 lu
877 5642 997 5700 Fulienai
1051 5645 1077 5707 8,
1092 5655 1152 5712 cap.
1172 5642 1217 5712 26,
1232 5641 1277 5710 ³7,
1292 5647 1344 5700 etc.
