4116 6348
156 403 211 463 ree
866 367 868 370 ’
892 403 1084 464 sturmen.
1749 411 1803 474 πο

156 509 284 586 continno
295 525 401 602 egregii
413 524 495 584 curie
513 524 671 584 Christianae
685 526 784 584 milites
803 528 951 600 praevalere
970 543 993 624 fl
1008 538 1034 588 et
1047 529 1215 598 abominans,
1232 547 1286 587 non
1301 533 1424 606 suscipit,
1442 550 1497 591 nou
1521 538 1704 610 recognoscit.
1721 537 1803 600 licvit

157 616 280 676 videntes
293 623 410 672 estutam
425 615 528 672 inimici
541 615 680 686 malitiam,
700 615 823 688 spiritum
843 631 951 674 reaum-
1008 618 1079 674 illem
1112 617 1258 691 sapientie
1284 622 1411 678 menibus
1438 629 1602 694 contextam,
1631 627 1739 684 tinctam
1774 623 1802 684 et'

157 712 278 779 pserunt,
292 721 366 762 erma
378 703 440 760 fidei
463 705 651 776 corripuerunt
665 721 673 760 :
689 711 716 761 et
732 705 831 760 melum
846 720 883 762 ex
906 721 951 763 se·
1006 715 1136 763 secretam
1155 707 1227 780 Agni
1245 707 1388 780 sanguine,
1404 725 1419 764 e
1433 709 1542 782 Sponso
1563 714 1614 771 sibi
1633 715 1801 787 derelictam,

156 795 280 868 metipsis
302 793 417 850 viriliter
438 793 601 859 auferentes,
618 793 770 850 Alexander
783 809 845 852 cum
861 795 952 852 multis
1006 793 1097 851 efiliis
1110 797 1255 852 sublatam.
1270 795 1358 854 Aliam
1372 799 1469 868 nescit,
1484 801 1530 855 aed
1544 800 1634 871 abiicit
1648 811 1675 860 et
1689 805 1801 878 respuit.

155 883 270 955 Arinm3
294 881 462 958 Augustinus
482 881 660 948 Manicheum
690 883 842 956 multosque
863 882 949 952 elios;
1005 881 1070 938 ideo
1098 883 1235 955 abjicitur,
1261 884 1407 955 respuitur,
1428 888 1598 959 conspuitur,
1621 897 1648 946 et
1676 891 1802 950 omnibus

154 970 335 1044 Hieronymus
374 969 546 1040 epicureum
585 970 766 1039 Jovinieeum,
808 970 952 1044 ceterique
1005 971 1152 1043 opprobrie
1166 973 1289 1030 hebetur.

154 1067 266 1118 caemree
279 1059 413 1116 heresum
429 1065 456 1114 et
479 1059 652 1134 schismatum
667 1065 758 1130 pestes
773 1060 951 1131 persedentes
1040 1061 1068 1115 7.
1088 1060 1151 1119 llmc
1171 1070 1235 1118 stant
1247 1069 1348 1129 nostre,
1363 1063 1421 1118 bec
1434 1071 1498 1118 eant
1513 1063 1640 1121 Ecclesiae
1653 1066 1803 1136 periculose

152 1147 197 1205 vel
224 1146 330 1204 sortiter
347 1146 558 1214 trucidaverunt,
579 1148 623 1204 vel
652 1147 798 1220 prudenter
818 1164 834 1204 e
854 1148 952 1204 cestris
1005 1153 1127 1218 tempore
1152 1166 1159 1206 :
1185 1149 1332 1223 inquibus
1354 1151 1383 1206 iu
1407 1167 1472 1221 pace
1497 1151 1566 1207 iacta
1586 1163 1629 1208 est
1652 1155 1802 1213 amaritudo

155 1237 343 1307 propulerunt,
359 1248 509 1307 pacemque
523 1235 652 1294 Ecclesiae
667 1246 693 1292 et
712 1237 842 1309 gaudium
867 1238 950 1296 resti-
1004 1236 1064 1306 ejus
1077 1237 1248 1294 amarissime
1262 1239 1327 1310 (bc.
1338 1253 1462 1307 xxxvm,
1476 1239 1531 1297 tal.
1544 1239 1598 1298 Sed
1614 1240 1664 1298 tria
1676 1257 1717 1302 vae
1730 1244 1803 1302 abie-

155 1331 274 1384 tucrum.
1004 1336 1069 1383 rum
1083 1339 1090 1379 :
1104 1326 1192 1382 adbuc
1206 1333 1288 1385 restet
1301 1343 1384 1384 unum
1399 1343 1452 1397 voe,
1467 1328 1571 1386 scilicet
1588 1331 1700 1406 angelus
1721 1331 1802 1389 Seta-

190 1415 218 1466 6.
232 1410 286 1468 Sed
300 1411 364 1481 heu,
379 1410 449 1468 haul
466 1425 515 1470 nee
529 1427 603 1469 mare
616 1411 752 1488 fluctibus,
764 1429 816 1472 nee
831 1415 952 1474 interita
1004 1427 1057 1481 use,
1072 1413 1100 1469 in
1120 1415 1249 1489 angelum
1268 1417 1337 1474 lucis
1359 1433 1389 1473 se
1412 1415 1662 1491 transfiguraturus,
1677 1435 1804 1478 sessurus

154 1515 245 1556 cerere
265 1503 355 1570 potest
387 1499 600 1572 tentationibus3
626 1516 677 1558 nec
703 1509 795 1573 potest
814 1518 875 1558 esse
897 1518 951 1576 per
1004 1501 1032 1557 in
1051 1505 1151 1575 templo
1169 1504 1228 1574 Del,
1251 1512 1279 1561 et
1296 1513 1454 1563 ostensurus
1472 1521 1503 1563 se
1521 1513 1649 1579 tanquam
1668 1509 1702 1564 sil
1719 1503 1802 1566 Densi

154 1587 232 1644 lirme
250 1594 276 1642 et
300 1587 397 1657 solide,
412 1587 463 1644 nisi
488 1587 514 1643 in
534 1589 647 1662 regione
670 1605 730 1646 sua.
752 1588 854 1646 videns
877 1591 949 1650 enim
1003 1586 1056 1657 Qui
1073 1590 1131 1659 jem
1151 1592 1281 1662 mysteria
1299 1592 1447 1664 iniquitatis
1465 1602 1593 1667 operetur
1611 1594 1803 1668 (litteren,

46 1745 49 1752 ¹
153 1685 291 1748 peccator,
309 1684 337 1732 et
347 1669 439 1732 'invide
454 1676 587 1742 irascitur,
612 1676 738 1734 dentibus
760 1676 851 1734 fremit
865 1685 893 1735 et
907 1685 949 1736 te-
1005 1675 1093 1750 3-to),
1109 1679 1268 1748 praenuntiis
1286 1682 1346 1751 ejus
1363 1684 1419 1754 jem
1442 1683 1564 1756 undique
1587 1683 1714 1745 Ecclesiae
1737 1703 1804 1762 sug·

154 1765 295 1834 beseleet
314 1779 386 1821 nova
406 1780 504 1836 perans
520 1763 590 1822 bella
612 1765 646 1820 ed
670 1765 819 1839 spiritualia
842 1766 952 1824 malitia
1005 1764 1188 1837 gillentibua:
1205 1770 1273 1826 Ecce
1286 1770 1341 1836 bic,
1358 1776 1463 1830 cicccc
1482 1773 1544 1832 illic
1559 1773 1640 1846 (Luc.
1654 1789 1730 1847 xvir,
1744 1777 1803 1848 23).

153 1868 228 1909 erma
259 1869 289 1908 se
325 1852 474 1922 convertit3
507 1867 715 1926 convocansque
745 1855 789 1911 sui
820 1857 952 1914 exercitus
968 1825 1069 1922 BSed,
1084 1867 1102 1909 o
1117 1855 1223 1926 Sponsa
1236 1855 1347 1924 christi,
1362 1859 1417 1914 noli
1431 1861 1551 1932 credere,
1566 1865 1621 1920 noli
1642 1864 1716 1922 exire
1731 1881 1737 1922 :
1755 1864 1804 1920 sed

153 1942 284 2013 egregios
297 1941 357 1998 illos
372 1943 465 2009 duces,
482 1943 610 2012 spiritum
624 1942 726 2000 scilieet
740 1943 949 2011 Femicationis,
1004 1941 1108 1999 sustine
1136 1942 1273 2014 Sponsum
1300 1948 1386 2013 tuem,
1411 1947 1506 2018 qui-te
1529 1963 1584 2008 non
1608 1950 1730 2022 despicit,
1753 1967 1804 2009 nec

152 2029 275 2099 spiritum
289 2029 375 2099 Gulae,
396 2029 518 2102 spiritum
533 2029 661 2088 Avaritia
685 2049 691 2088 :
712 2030 830 2101 Videtis,
850 2032 950 2104 inquit,
1004 2027 1172 2086 obliviscitur
1191 2029 1220 2084 in
1243 2031 1419 2089 tribulatione
1435 2051 1441 2086 :
1459 2035 1507 2089 sed
1529 2045 1624 2108 quarte
1643 2037 1737 2111 vigilia
1754 2043 1806 2096 ve·'

153 2119 218 2190 quis
240 2119 306 2176 nibil
333 2118 501 2190 proficimus,
516 2129 545 2176 et
564 2120 623 2191 jem
646 2127 720 2178 totus
748 2121 868 2178 mundus
889 2128 952 2194 post
1004 2117 1059 2174 niet
1072 2117 1107 2172 ed
1122 2124 1149 2175 te
1163 2118 1303 2175 ambulem
1319 2135 1401 2192 super
1416 2137 1491 2178 mere
1503 2123 1616 2194 (thtlv.
1632 2139 1692 2191 nrv,
1703 2127 1759 2196 25).
1771 2129 1806 2182 Ea

152 2206 228 2278 ipsos
242 2207 318 2265 abiit.
330 2208 383 2265 Sed
392 2209 606 2280 edbucexperiri
621 2208 721 2266 babent
740 2209 814 2268 vires
833 2219 951 2276 nostres,
1003 2205 1078 2277 veni,
1105 2207 1236 2276 Domine3
1259 2209 1321 2267 veni
1343 2210 1378 2266 sd
1403 2209 1573 2268 liberandum
1598 2227 1670 2282 eam,
1692 2213 1806 2272 Domine

152 2297 199 2366 qui
209 2297 360 2370 glorientur
370 2297 463 2368 seiam
474 2297 600 2370 effugisse
608 2299 652 2356 vel
661 2298 776 2357 elusisse
784 2307 856 2356 artes
865 2316 949 2359 meas.
1007 2295 1082 2352 Deus
1094 2295 1235 2365 virtutum,
1247 2297 1294 2372 qui
1304 2297 1374 2356 vilis
1384 2305 1413 2354 el
1427 2315 1526 2373 rernm
1540 2300 1693 2374 peremnia
1706 2303 1805 2358 secula

150 2387 235 2456 Dixit,
264 2395 293 2444 et
316 2387 411 2446 cestris
433 2405 482 2448 eos
511 2389 862 2456 contaminatissimas
884 2389 950 2446 der·
1004 2384 1177 2442 seculorum.
1192 2384 1289 2442 Amen.

151 2475 268 2532 unientes
281 2490 379 2532 omnes
393 2486 420 2536 et
433 2476 525 2536 ebrios
543 2485 624 2536 nocte
647 2477 788 2535 inveniens
807 2477 865 2550 (qui
878 2477 951 2534 enim
1284 2474 1470 2532 analecta
1489 2475 1522 2534 V.

150 2563 302 2638 dormiunt,
330 2572 357 2624 et
384 2565 430 2639 qui
450 2566 517 2624 ebrii
547 2573 634 2637 sunt,
651 2574 728 2624 nocte
760 2566 899 2625 dormiunt
925 2575 952 2624 et
1198 2563 1238 2621 De
1250 2564 1316 2634 fide,
1330 2577 1388 2637 spe,
1405 2568 1434 2622 ct
1455 2565 1605 2624 clscritatr.

150 2659 231 2708 noete
243 2651 313 2709 ebrii
334 2653 408 2726 sunt)
435 2655 461 2724 (l
486 2655 576 2712 Ticer.
603 2668 633 2721 v,
655 2655 697 2721 il,
711 2653 838 2712 medeae
862 2655 952 2712 omnis
1042 2657 1069 2709 l.
1084 2653 1143 2708 ilex
1157 2651 1257 2708 nobilis
1269 2659 1299 2710 et
1313 2659 1413 2724 potens
1426 2661 1481 2710 tres
1496 2652 1589 2710 babuit
1602 2651 1681 2724 filias,
1696 2654 1799 2728 Fidem,

150 2741 279 2798 turbavit.
303 2742 364 2798 ilex
386 2742 460 2798 enim
483 2758 579 2800 ornnes
597 2759 628 2800 se
646 2742 720 2814 ipsos
742 2751 874 2815 ementes,
890 2759 951 2816 quse
1004 2741 1088 2814 Spem
1112 2748 1139 2797 et
1154 2739 1330 2798 charitatem.
1353 2741 1403 2798 iiis
1426 2741 1561 2815 delegavit
1584 2740 1718 2800 civitatem
1739 2746 1801 2800 exi-

151 2845 201 2884 soa
221 2837 285 2886 sunt
303 2839 468 2902 querentes,
485 2847 540 2888 nce
554 2847 616 2904 ques
629 2833 695 2889 iesu
709 2831 820 2900 Christi,
833 2833 951 2890 heredi·
1007 2820 1111 2899 mium,
1125 2827 1271 2886 humanam
1293 2828 1432 2886 Animam.
1457 2829 1488 2885 In
1511 2845 1565 2903 que
1588 2845 1651 2888 cum
1673 2837 1727 2888 tres
1749 2831 1803 2888 siret

151 2923 205 2974 tale
227 2915 280 2974 eibi
302 2915 507 2977 vindicaverunt
524 2919 708 2976 censuarium
723 2919 783 2989 Dei,
796 2927 824 2976 et
846 2920 951 2992 pollue-
1006 2933 1093 2988 trces,
1121 2915 1336 2988 Rationebilites,
1368 2917 1627 2990 concupiscibilitas,
1655 2918 1803 2976 lraseibili·

34 3020 37 3025 ·
152 3011 215 3062 runt
233 3004 439 3065 tabernaculum
461 3007 580 3065 neminie
604 3009 950 3082 ejeslPscl.1.uxrn,7):
1007 3012 1058 3075 tas,
1084 3005 1229 3078 unicuique
1253 3019 1330 3061 suem
1359 3004 1521 3062 contradidit
1544 3003 1651 3063 :Fidei
1678 3007 1803 3078 pn'mem,

151 3108 206 3151 non
219 3093 278 3152 Dec
290 3094 317 3151 in
331 3111 375 3164 eo,
391 3096 440 3154 sed
458 3097 646 3154 voluntatibus
658 3104 685 3154 et
698 3097 882 3170 voluptatibus
896 3097 954 3156 suis
970 3095 992 3174 c
1006 3092 1071 3166 Spei
1097 3093 1257 3159 secundem,
1286 3092 1416 3150 chamtati
1443 3094 1564 3151 tertiam.
1593 3093 1805 3152 Rationebiliteti

150 3183 308 3251 servientes,
324 3199 438 3256 quaeque
456 3186 513 3243 Deo
537 3186 626 3242 oblata
647 3185 689 3243 vel
704 3193 819 3256 secreta,
839 3185 868 3243 in
882 3201 946 3244 sues
1006 3182 1155 3255 praeficitur
1169 3182 1259 3250 Fides,
1275 3183 1338 3256 quie
1359 3181 1427 3240 lides
1445 3197 1500 3242 non
1514 3183 1595 3241 habet
1608 3185 1744 3253 meritum,
1759 3185 1804 3243 cui

149 3286 217 3326 usus
227 3277 374 3328 vertentes.
389 3272 531 3332 Feeieutes
544 3276 615 3332 enim
639 3275 690 3332 sibi
704 3275 739 3332 de
752 3275 906 3332 nominibus
918 3283 948 3332 et
1006 3273 1122 3327 bumana
1137 3271 1205 3328 ratio
1225 3272 1329 3342 prebet
1349 3271 1575 3345 experimentum.
1594 3271 1802 3344 concupiscibi-

150 3357 249 3418 officiis
270 3360 412 3434 religionis
437 3363 549 3420 nemine
571 3371 599 3420 et
623 3363 795 3422 securitates
818 3363 949 3434 avaritie,
1004 3358 1074 3418 litati
1086 3360 1163 3432 Spes,
1179 3359 1243 3433 quie
1256 3359 1450 3432 concupiscere
1465 3374 1515 3417 nos
1529 3375 1585 3417 non
1600 3359 1666 3417 lieet
1681 3374 1744 3432 quse
1757 3361 1802 3422 ri-

151 3447 276 3506 eletiouis
288 3457 317 3506 et
331 3449 468 3518 vanitatis,
479 3451 597 3509 tunicam
613 3451 686 3506 illam
699 3451 838 3508 charitatis
850 3451 947 3508 incon-
1006 3446 1171 3516 demus,sed
1186 3463 1247 3521 quae
1260 3463 1418 3520 speremus,
1430 3454 1527 3520 etspes
1541 3463 1603 3521 que
1617 3447 1735 3517 videtur,
1747 3464 1801 3507 non

151 3535 260 3602 sutilem
278 3537 396 3611 desuper
410 3545 511 3595 textam
527 3554 574 3610 per
598 3547 685 3595 totum
704 3537 796 3611 (iocre
817 3555 874 3613 xrx,
890 3539 947 3613 23),
1004 3544 1045 3592 est
1067 3551 1142 3609 spes.
1168 3535 1349 3594 lrasoibiliteti
1371 3536 1505 3608 charites,
1518 3536 1609 3594 fervor
1626 3537 1729 3594 seilicet
1748 3539 1804 3594 ier-

151 3641 372 3698 purpureumque
396 3626 463 3682 illud
483 3625 546 3682 fidei
562 3625 672 3698 pallium
685 3626 807 3700 pretioso
821 3627 952 3701 sanguino
1005 3626 1075 3694 rori,
1090 3632 1121 3682 ut
1143 3624 1235 3682 lervor
1257 3623 1364 3682 virtutis
1387 3624 1486 3684 terreri
1510 3632 1613 3682 nature
1636 3624 1802 3696 dominetur,

152 3715 276 3782 tinctum,
293 3713 392 3787 quibus
406 3714 556 3771 nuditatem
570 3730 680 3787 sponsae
701 3716 824 3787 Sponsus
837 3729 951 3788 operue-
1004 3714 1060 3771 imo
1075 3715 1166 3772 iervor
1181 3714 1310 3771 naturalis
1328 3714 1432 3771 attollet
1446 3725 1476 3772 se
1488 3715 1517 3772 iu
1535 3714 1669 3772 fervorem
1683 3716 1800 3773 emetis.

151 3809 194 3858 ret
217 3810 367 3875 caeteraque
395 3801 536 3876 religionis
559 3811 725 3872 ornamenta,
750 3803 896 3862 reluctanti
925 3813 952 3862 et
1006 3804 1138 3877 ingresse
1160 3802 1224 3870 illae,
1249 3818 1419 3876 unaqueque
1443 3817 1598 3876 proposse
1622 3820 1673 3863 suo
1687 3805 1800 3863 domum

151 3890 311 3948 reclamanti
337 3889 467 3948 Ecclesia
496 3892 670 3949 detresemnt
693 3910 700 3948 r
725 3907 837 3965 eamque
862 3892 952 3950 denu·
1006 3907 1083 3946 suern
1104 3891 1212 3947 ordinet
1233 3898 1261 3947 et
1283 3899 1418 3962 procurat.
1442 3889 1591 3948 Custodem
1614 3909 1681 3969 ergo
1702 3893 1802 3951 domus

152 3977 260 4046 dentes,
274 3979 624 4052 necseveetientee,qnum
638 3981 776 4038 custodire
789 3981 950 4051 debuerant,
1005 3993 1063 4035 sum
1086 3978 1114 4034 in
1137 3977 1354 4036 Detienebllitete
1375 3979 1456 4034 Fides
1478 3977 1555 4049 ponit
1574 3979 1757 4050 Prudentlem,
1772 3989 1803 4037 ut

153 4065 257 4121 nudem
272 4065 449 4138 reliquerunt,
464 4075 492 4124 et
505 4069 539 4124 de
553 4075 625 4125 stetu
652 4067 752 4142 quietis
772 4085 833 4126 eam
856 4075 952 4126 extur-
1006 4082 1086 4123 suum
1099 4068 1145 4138 ius
1160 4066 1187 4124 in
1201 4083 1234 4124 ee
1248 4067 1300 4124 sihi
1313 4073 1465 4138 conservet,
1481 4073 1509 4122 et
1523 4067 1655 4123 rationem
1669 4070 1719 4124 seb
1733 4069 1803 4143 legi—

153 4156 260 4225 bantes,
287 4161 416 4225 quantum
446 4154 473 4210 iu
502 4153 570 4230 ipsis
590 4166 649 4226 est,
669 4158 704 4214 de
727 4159 830 4215 mundo
855 4157 952 4233 ingere
1006 4157 1058 4212 bus
1076 4155 1139 4228 lidei
1156 4163 1183 4214 et
1197 4155 1269 4212 intra
1289 4157 1421 4213 terminos
1435 4169 1451 4210 e
1465 4154 1518 4212 lide
1543 4153 1647 4227 peritos
1668 4149 1801 4214 celibem.

154 4242 355 4313 compulerunt.
1005 4245 1040 4303 Ut
1067 4251 1156 4302 autern
1185 4243 1343 4303 fiducialiter
1362 4245 1390 4301 in
1411 4243 1494 4301 dorne
1518 4251 1621 4317 egeret,
1648 4244 1752 4302 eddidit
1776 4245 1808 4302 et'

191 4334 220 4391 d.
244 4331 299 4389 Sed
321 4331 368 4388 ille
395 4333 526 4402 clemens,
550 4333 670 4406 plerane,
689 4341 718 4391 et
739 4334 840 4391 nudate
859 4333 951 4406 turpi-
1006 4333 1205 4392 obedientiam.
1227 4335 1263 4390 Ut
1284 4331 1444 4390 obedientie
1465 4347 1623 4406 processum
1650 4325 1753 4407 operis,
1777 4342 1805 4391 et

156 4417 259 4486 tudine,
281 4416 392 4478 1254
409 4428 438 4476 et
462 4421 639 4494 discoopertis
665 4421 781 4490 nedbue
795 4421 886 4479 omnia
903 4437 952 4480 oc·
968 4379 992 4458 υ
1006 4421 1177 4480 tolerantiam
1197 4422 1308 4479 haberet
1330 4421 1442 4492 laboris,
1458 4421 1579 4478 subdidit
1593 4428 1621 4478 et
1634 4421 1802 4482 Patientiam.

156 4507 230 4564 culte
252 4517 279 4565 ct
302 4508 428 4580 pudende
452 4525 501 4568 sue
525 4509 592 4566 risui
615 4510 736 4568 omnium
753 4509 857 4568 dellens
869 4525 953 4583 expo-
1007 4511 1044 4567 Ut
1057 4518 1146 4569 eumen
1164 4509 1243 4568 etiem
1263 4507 1418 4567 inferiorem
1434 4516 1542 4567 ameum
1559 4509 1602 4567 vel
1617 4525 1747 4568 sensnum
1760 4511 1804 4568 e-

156 4595 218 4664 site,
233 4604 293 4655 oret
305 4596 376 4655 lilios
389 4599 460 4656 uteri
475 4599 528 4666 sui,
543 4615 593 4657 nec
612 4599 792 4667 miserentur;
816 4600 952 4668 obsecret,
1008 4599 1110 4656 milium
1129 4613 1224 4672 regere
1243 4599 1312 4656 bene
1330 4603 1421 4670 posset
1439 4605 1466 4654 et
1485 4597 1656 4671 dispensare,
1672 4588 1761 4673 ipsam
1777 4601 1803 4657 ei

156 4692 184 4742 et
211 4685 349 4744 irridetur.
365 4687 398 4744 Et
425 4694 538 4761 utreque
565 4703 645 4746 mane
674 4687 739 4745 totis
755 4687 859 4747 viribus
886 4704 952 4760 pen·
1006 4687 1242 4761 Dispensationem
1271 4684 1383 4745 suffecit.
1411 4685 1447 4744 Ut
1465 4687 1613 4744 secundum
1641 4686 1803 4762 Apostolum

156 4775 262 4830 niculos
280 4774 411 4846 quosdam
432 4775 570 4834 canonice
593 4777 637 4834 vel
664 4775 824 4834 monastice
846 4776 953 4849 religio
1009 4773 1122 4834 honeste
1135 4783 1163 4833 et
1176 4776 1327 4856 mundum
1342 4773 1464 4833 ordinem
1483 4774 1683 4833 emnmflerent
1696 4776 1724 4850 (l
1741 4777 1805 4854 der,

156 4861 211 4929 nis,
239 4863 285 4934 qui
309 4861 355 4921 vix
383 4879 483 4920 manus
503 4864 687 4936 diripientium
715 4863 877 4938 effugerent,
902 4863 956 4920 cir·
1009 4881 1070 4936 xvr,
1086 4865 1141 4938 to),
1157 4864 1260 4921 eddidit
1280 4865 1360 4922 etiem
1378 4871 1406 4920 et
1428 4862 1566 4923 Ordinem.
1588 4865 1629 4921 Ne
1652 4865 1807 4924 maledictio

157 4965 189 5007 ea
202 4965 251 5008 cor
274 4959 301 5007 et
324 4951 421 5009 vitales
439 4951 500 5009 illes
518 4961 610 5024 partes
632 4953 796 5028 astringens,
821 4951 885 5010 hos'
898 4952 955 5008 sel·
1009 4955 1123 5010 intraret
1145 4951 1255 5008 domum
1282 4951 1439 5022 (meledicta
1463 4950 1551 5008 omnis
1573 4951 1670 5009 demus
1692 4953 1807 5010 indisci-

158 5045 211 5095 tem
226 5038 324 5096 dimitti
339 5041 392 5098 sibi
404 5047 540 5114 precetur,
551 5057 604 5100 nec
618 5041 736 5100 auditur.
746 5043 783 5099 lit
794 5042 869 5114 ipsos
883 5041 955 5100 enim
1010 5040 1133 5114 plineta),
1147 5039 1287 5098 custodem
1300 5039 1329 5095 in
1343 5048 1424 5112 porte
1435 5040 1527 5112 posuit
1539 5038 1727 5113 Disciplinam.

157 5129 201 5184 sui
219 5128 270 5199 illi,
285 5143 340 5186 non
354 5131 494 5202 custodes,
509 5131 559 5187 sed
572 5132 700 5200 latrones,
715 5131 835 5203 diripere
849 5145 955 5188 conen·
1045 5134 1072 5186 2.
1095 5131 1163 5201 Spes
1185 5137 1272 5186 autam
1297 5129 1325 5186 in
1349 5127 1618 5202 concupiscibilitate
1640 5128 1734 5187 domui
1752 5145 1808 5185 soe

158 5225 220 5284 ter;
245 5225 276 5276 ut
298 5222 340 5277 vel
370 5218 518 5275 nuditatem
536 5234 613 5276 suam
641 5235 696 5276 uon
725 5219 826 5286 lereus,
842 5220 876 5276 de
901 5222 956 5278 ¹boe
1009 5219 1186 5278 sobrietatem
1202 5219 1331 5292 praeiecit,
1346 5226 1376 5276 ut
1388 5221 1434 5291 jus
1447 5233 1527 5274 suum
1540 5216 1569 5273 in
1582 5231 1614 5274 ee
1629 5216 1681 5274 sibi
1694 5231 1805 5275 conser-

157 5306 261 5363 mundo
274 5305 371 5379 lugiet.
382 5307 425 5366 vel
433 5307 506 5364 inter
515 5322 564 5364 eos
577 5307 605 5362 in
620 5305 724 5380 frigore
737 5307 848 5365 malitie
861 5323 954 5366 eorum
1009 5316 1093 5376 reret,
1109 5315 1136 5365 et
1151 5309 1312 5381 principales
1334 5307 1395 5381 ejus
1416 5305 1469 5363 sibi
1487 5321 1595 5379 semper
1614 5306 1719 5366 servire
1731 5320 1806 5364 com·

160 5394 302 5452 morietur.
323 5395 471 5470 Fingemes
493 5404 582 5453 tamen
604 5393 799 5471 nonnunquam
823 5413 853 5454 se
878 5398 956 5454 mise.
1010 5399 1133 5470 pelleret.
1154 5397 1293 5455 Utautem
1313 5395 1470 5454 interiorem
1493 5395 1663 5452 voluntatum
1685 5401 1713 5452 et
1726 5396 1805 5454 volu·

158 5483 223 5554 reri,
237 5492 341 5543 restem
355 5485 390 5544 de
407 5485 581 5544 simulatione
604 5487 734 5546 uirtutum
755 5495 783 5544 et
804 5486 957 5544 dissimula·
1010 5493 1114 5560 pletum
1132 5483 1262 5544 iarniliem
1281 5484 1396 5543 discrete
1415 5497 1510 5559 regere
1528 5479 1678 5551 ediliceret,
1699 5479 1761 5556 ipsa
1779 5483 1806 5540 ei

160 5573 238 5630 tione
251 5573 397 5646 Vitiorum,
412 5591 495 5634 menn
517 5575 676 5650 iigpoorisis
689 5575 827 5649 utrimque
845 5581 956 5634 centes·
1011 5575 1133 5633 subdidit
1154 5571 1359 5632 Discretionem.
1383 5572 1434 5630 cni
1456 5572 1537 5628 esiam
1559 5578 1653 5628 contre
1675 5571 1806 5645 concupi-

95 5683 97 5686 ·
161 5672 217 5719 tem
230 5665 353 5723 vendere
373 5664 413 5722 illi
440 5672 580 5725 conantur.
601 5665 690 5735 Quem
707 5665 754 5722 ille
773 5665 945 5723 demuense
1011 5663 1143 5723 scentiam
1161 5661 1251 5722 cernis
1273 5660 1377 5718 eddidit
1397 5659 1598 5718 continentiam
1617 5668 1715 5719 coutm
1736 5673 1806 5719 con-
