3950 6350
59 391 108 446 ssi
564 381 599 439 ΙΝ
616 376 716 438 PSAL.
739 379 796 448 QUI
811 375 961 441 ΗΑΒΙΤΑΤ
975 371 1092 432 subito
1110 374 1186 433 xiv.
1643 381 1696 436 838

56 511 174 584 quiedam
188 508 327 584 relig'ouis
347 505 497 572 subversio,
518 511 547 561 et
570 519 645 572 rere,
669 504 746 575 juxta
769 499 845 558 testi-
862 513 886 590 Α
903 511 980 553 ιιιιοι
1000 511 1170 569 expungere,
1186 495 1257 554 solet
1271 497 1351 554 bmor
1363 498 1461 558 timore
1474 499 1582 576 depelli.
1598 499 1697 561 Nolite

15 609 20 648 ι
56 600 171 657 menium
185 598 523 671 Legislatoris,uenertom
536 595 668 668 aspidem
687 589 847 650 insanabile
903 586 1003 644 timere
1016 601 1061 642 eos
1070 587 1119 658 qai
1127 601 1229 659 corpas
1240 584 1385 651 occidunt,
1395 587 1433 642 ait
1441 588 1580 660 Dominus,
1591 591 1697 648 enimc

15 699 18 738 t
57 689 144 758 (beet.
160 705 254 756 xxxix,
270 687 327 760 33).
342 686 445 742 Dicitur
459 685 532 758 aspis
547 684 610 739 biuc
619 683 733 738 alteram
740 695 845 748 aurem,
901 678 1060 732 aammcon
1068 674 1172 730 babent
1182 673 1248 747 quid
1255 675 1384 745 socient:
1395 680 1424 730 et
1432 675 1586 747 confestim,
1600 681 1697 738 Osien-

15 787 21 826 ι
55 793 132 848 quarn
146 778 267 850 pressius
281 781 380 848 potest,
397 783 477 830 terrae
490 772 620 848 infigere;
641 771 704 828 iude
717 785 784 828 vcro
804 768 848 824 al·
902 761 969 818 dem
983 765 1091 830 eutem,
1103 761 1149 833 ait,
1161 764 1235 820 uobis
1245 778 1326 835 queue
1337 764 1475 820 timeatis.
1490 765 1591 823 Timete
1600 772 1697 824 cutem

15 885 17 914 ι
57 876 139 922 teram
152 867 245 922 caudeo
264 865 430 920 immissione
454 862 633 920 nibilominus
656 860 796 928 obturare,
813 871 848 913 ne
903 851 1397 925 eumqutpotestetemtateteepes
1413 854 1576 908 eracemum
1584 857 1699 912 mittere

15 967 20 1006 ι
58 954 158 1014 adstat.
180 953 249 1022 Quid
271 955 305 1010 ad
320 955 378 1010 baec
401 953 563 1008 incantantis
587 966 652 1021 vox,
668 949 732 1021 quid
760 960 850 1002 sermo
903 941 935 996 in
949 941 1116 1013 gebennam.
1129 942 1173 996 ito
1182 940 1243 997 dieo
1252 939 1338 1007 uobis,
1358 940 1434 996 buue
1445 941 1544 998 timete
1553 939 1630 1014 (bue.
1647 957 1698 1013 xxx,

15 1043 19 1096 ι
58 1044 136 1100 iaciat
151 1043 338 1116 predicantis?
353 1040 445 1098 Orabc
459 1056 510 1113 pro
524 1055 569 1111 eo,
592 1037 741 1094 humiliabo
761 1035 790 1090 in
809 1035 852 1105 jc·
905 1031 931 1094 i,
944 1031 983 1102 5).
994 1030 1033 1084 Ac
1041 1029 1064 1084 si
1075 1027 1244 1086 manifestius
1252 1028 1340 1088 dicat:
1353 1028 1432 1084 Hunc
1438 1029 1542 1096 timete,
1555 1045 1590 1085 ue
1600 1029 1660 1087 illos
1671 1031 1702 1086 ti-

15 1147 19 1186 ι
56 1131 132 1202 junio
146 1131 264 1188 ammam
279 1147 379 1198 meam,
397 1128 555 1201 baptizabor
578 1142 627 1200 pro
647 1132 755 1182 mortuo
774 1124 853 1179 uber·
906 1117 1011 1174 mestis.
1028 1117 1204 1189 Repleatvos
1217 1116 1329 1190 spiritus
1343 1117 1449 1174 timoris
1467 1117 1585 1188 Domini,
1610 1127 1638 1175 et
1664 1119 1700 1176 ti-

15 1237 18 1276 ι
61 1221 127 1278 rimo
154 1221 272 1292 quodam
298 1219 430 1292 profluvio
453 1217 644 1290 lacrymarum,
671 1215 743 1288 apud
772 1227 853 1284 quein
906 1222 966 1263 mor
979 1205 1084 1263 ebenus
1096 1206 1186 1262 locum
1200 1221 1255 1262 uon
1270 1204 1382 1262 habebit
1394 1205 1422 1262 in
1436 1205 1523 1264 uobis.
1533 1207 1568 1264 Et
1583 1222 1635 1280 ego
1650 1222 1702 1266 vo·

15 1329 18 1366 ι
58 1309 169 1366 viderim
194 1309 260 1364 nibil
280 1311 406 1366 hnmanae
435 1305 628 1364 incantationis
647 1303 796 1378 quemlibet
813 1317 854 1356 se·
907 1293 1029 1366 bisdico,
1045 1308 1100 1351 uou
1116 1302 1208 1351 eutem
1223 1295 1348 1368 ego,sed
1363 1294 1482 1366 Veritca3
1499 1310 1555 1353 uon
1569 1311 1633 1368 ego,
1649 1297 1699 1353 scd

15 1417 18 1456 ι
58 1389 203 1460 pientiam,
231 1389 296 1445 nibil
323 1395 569 1461 quantamcumque
597 1382 789 1441 admonitionis
808 1382 852 1436 iu·
908 1383 1053 1440 Dominus:
1070 1383 1159 1439 Nolite
1173 1383 1252 1440 irasci
1263 1384 1302 1440 eis
1316 1383 1363 1456 qui
1378 1383 1535 1442 transitoria
1549 1385 1626 1444 robis
1651 1401 1703 1442 au-

15 1507 18 1546 ,
58 1477 189 1532 dustriem
204 1477 362 1550 praeualere.
379 1475 490 1533 Noverit
500 1484 590 1533 tamen
599 1474 640 1532 vir
650 1473 784 1546 pertinax,
797 1484 854 1527 non
907 1470 1009 1539 lerunt,
1037 1471 1083 1543 qui
1108 1470 1231 1531 convicia
1257 1472 1388 1541 inlemnt,
1419 1472 1465 1545 qui
1486 1473 1616 1546 iugemnt
1633 1472 1704 1532 lorte

15 1599 16 1634 ,
58 1564 208 1632 colossae,
224 1562 274 1618 sed
287 1562 345 1620 solo
359 1561 475 1638 infigere
496 1568 589 1636 caput,
613 1561 687 1634 quod
708 1558 853 1632 sapientia,
907 1559 1047 1631 supplicia,
1072 1567 1102 1616 et
1123 1569 1223 1631 practer
1247 1561 1307 1616 haec
1329 1560 1426 1633 letica,
1440 1569 1503 1634 post
1517 1561 1585 1635 bec]
1602 1563 1703 1620 iaciunt

15 1687 17 1724 ,
57 1667 117 1723 quee
131 1649 275 1708 desursum
292 1659 345 1719 est,
362 1667 418 1706 non
432 1650 515 1708 modo
528 1649 637 1722 pudice,
661 1648 712 1706 scd
731 1655 760 1706 ct
782 1645 854 1719 paot-
908 1649 982 1704 nibil.
999 1646 1149 1704 Ostendam
1161 1654 1253 1706 ιιιιιιιι
1267 1648 1344 1705 vobis
1358 1649 1402 1706 cui
1417 1649 1539 1706 debeatis
1547 1651 1638 1708 irasci.
1653 1651 1706 1708 lra-

15 1807 16 1810 ,
58 1739 108 1796 lica
123 1739 172 1806 sit;
188 1739 247 1796 baec
256 1745 346 1798 autem
358 1738 456 1812 magis,
467 1745 497 1795 ut
505 1737 650 1803 itadieam,
661 1735 790 1808 aspidica,
802 1733 855 1790 nisi
909 1735 1050 1794 scimiuici
1065 1751 1126 1808 quae
1145 1735 1204 1794 sola
1217 1736 1294 1794 uobis
1309 1752 1409 1794 uocare
1423 1746 1524 1810 potest,
1540 1738 1598 1796 sols
1612 1739 1704 1798 iacere

15 1881 16 1902 ,
58 1841 167 1884 terrena
186 1843 249 1884 esse
263 1841 319 1884 nou
332 1833 435 1900 potest.
453 1827 508 1884 Sed
522 1841 574 1884 nec
587 1826 657 1882 adeo
671 1823 854 1882 obsurdesce·
871 1817 894 1897 Β
909 1833 939 1882 ut
952 1825 1042 1880 omnia
1055 1824 1101 1878 illa
1116 1839 1173 1880 non
1187 1825 1304 1896 prosint.
1320 1825 1407 1884 Vultis
1421 1827 1491 1884 scire
1512 1843 1638 1902 quanam
1661 1829 1707 1886 illa

15 1957 16 1994 ,
58 1926 111 1986 ιιι,
131 1913 185 1972 nisi
197 1915 284 1974 caude
297 1932 408 1989 quoque
422 1917 564 1974 obturaret
586 1914 719 1972 auditum.
733 1912 800 1983 Quae
814 1918 857 1968 est
910 1911 962 1970 siti
976 1912 1108 1984 {niquitas
1118 1913 1238 1986 propris.
1261 1913 1302 1970 lte
1326 1913 1388 1970 dico
1411 1915 1500 1984 vobis,
1523 1915 1586 1976 buic
1607 1916 1705 1974 irasci·

57 2006 115 2061 base
128 2004 235 2064 caudet
248 2004 322 2060 Finis
338 2003 495 2062 intentionis
508 2006 644 2062 humane.
661 2004 725 2060 Ηιιι
738 2001 856 2058 surditas
910 2002 984 2058 mini.
999 2002 1078 2058 Nulla
1091 2001 1164 2058 cuim
1178 2002 1286 2060 nocebit
1299 2002 1460 2074 adversitas,
1475 2005 1499 2064 si
1512 2005 1586 2064 nulla
1610 2007 1706 2066 Domi-

56 2094 215 2166 desperata,
236 2093 301 2150 dum
322 2094 386 2150 binc
406 2094 517 2167 quidem
539 2093 613 2152 velut
642 2100 722 2150 terrac
750 2090 856 2158 infixus,
910 2099 990 2148 netur
1003 2090 1141 2163 iniquitas.
1155 2089 1207 2163 Qui
1221 2091 1343 2164 perlecto
1366 2094 1429 2152 huie
1451 2092 1587 2166 irascitur,
1601 2096 1708 2154 ιιιιιιίι

56 2183 176 2254 propriae
190 2182 306 2256 quisquc
321 2182 436 2242 inhaeret
450 2183 598 2252 voluntati;
623 2183 687 2240 inde
710 2181 783 2240 velut
808 2195 856 2238 re·
912 2195 967 2237 nou
981 2187 1116 2249 mouetur,
1131 2180 1218 2254 magis
1232 2190 1262 2239 ιι
1275 2181 1447 2254 amplectitur
1460 2199 1503 2242 ea.
1528 2187 1593 2258 Ego,
1608 2183 1708 2260 inqmt,

55 2273 172 2330 flectens
186 2271 310 2341 caudam,
326 2270 410 2329 finem
424 2271 541 2345 aliquem
558 2273 715 2341 meditatur,
729 2277 757 2328 et
771 2269 859 2344 infigit
912 2271 945 2326 iu
959 2269 1073 2342 bugella
1081 2273 1202 2342 perotus
1213 2271 1372 2341 eamdent.
1388 2287 1482 2343 xxvn,
1501 2273 1558 2346 ts).
1574 2273 1615 2332 Sit
1632 2275 1709 2332 dan-

56 2361 151 2420 animo
177 2361 253 2434 quod
279 2361 419 2418 desiderat
448 2361 572 2435 adipisci.
599 2360 703 2430 Nolite,
730 2360 857 2427 obsecro,
913 2356 1708 2435 nnm,siteouvicium,aitlasiocorporatis;paratussuun,

55 2450 170 2517 iratres,
186 2449 270 2508 nolite
289 2450 416 2508 obturare
430 2465 521 2520 aures,
536 2450 621 2507 nolite
641 2447 787 2522 aliquando
808 2447 859 2504 ob·
915 2456 1008 2504 etnon
1026 2461 1087 2504 suun
1100 2447 1238 2506 turbatus:
1254 2449 1382 2521 quoniam
1400 2450 1479 2510 dolor
1492 2467 1569 2508 meus
1590 2451 1620 2509 iu
1643 2467 1711 2510 cou-

55 2539 161 2594 durare
174 2538 258 2596 corda
272 2546 373 2596 uestra.
390 2539 457 2596 iude
467 2540 539 2596 euim
553 2545 608 2596 tem
622 2537 735 2596 mordax
749 2543 777 2594 et
790 2550 861 2593 ams-
914 2541 1010 2607 speetu
1023 2550 1085 2595 meo
1099 2551 1218 2609 semper.
1243 2535 1343 2606 Quidni
1364 2539 1499 2596 exteriora
1521 2540 1612 2598 omnia
1634 2556 1709 2613 perr·

59 2643 109 2682 rus
125 2641 218 2682 sermo
232 2625 368 2684 iuvenitur
382 2625 410 2684 in
426 2641 475 2684 ore
487 2625 605 2684 bominis
626 2623 764 2693 obstinati,
788 2625 862 2698 quod
915 2622 1034 2695 pendam
1048 2623 1076 2680 iu
1090 2625 1172 2699 hujus
1182 2625 1362 2684 estimatione
1372 2627 1494 2685 doloris?
1503 2628 1710 2703 Fitirndnquit,

54 2713 133 2772 uuila
141 2715 176 2771 ed
187 2730 251 2772 eum
261 2723 406 2786 penetrare
416 2723 500 2788 queat
508 2714 700 2774 benevolentia
708 2713 858 2773 monitoris.
916 2714 1713 2786 utmmetperreqetterma,etconuectantteruutetaett·

54 2803 127 2859 lude
142 2802 245 2875 aspidis
258 2803 370 2862 meusiu
386 2804 589 2880 liugnaeaculeo
606 2812 775 2877 perseuerat,
788 2802 862 2878 quod
916 2801 1043 2875 qnebor?
1056 2801 1170 2874 (illice.
1180 2816 1241 2870 xvi,
1257 2805 1313 2874 tt.)
1330 2803 1384 2863 Cor
1398 2821 1488 2862 meum
1503 2805 1648 2879 dereliquit
1661 2823 1714 2875 me,

53 2891 861 2968 adversuslinguamincantatoriatantoscstudioobturarit.
918 2889 1065 2962 dereliquit
1091 2906 1136 2949 me
1169 2890 1253 2948 uirtus
1284 2907 1357 2958 mea,
1390 2901 1419 2950 et
1449 2893 1542 2952 lumen
1574 2894 1714 2952 oculorum

89 2985 120 3040 4.
138 2983 175 3040 At
185 2980 336 3049 basiliscus,
352 2988 381 3040 ut
390 2980 476 3052 ciunt,
493 2995 630 3040 vencnum
642 2980 671 3037 in
685 2980 763 3038 oculo
777 2979 860 3053 gerit,
916 2995 1053 3038 meorum:
1069 2980 1202 3036 etdumns
1217 2980 1376 3052 temporalia
1390 2981 1527 3056 plangam,
1543 2991 1590 3040 aut
1604 2983 1712 3042 iucom-

53 3069 212 3142 pessimum
224 3068 335 3137 animm,
346 3075 374 3126 et
383 3085 440 3140 pree
452 3069 578 3128 omnibus
585 3067 762 3126 exsecrabile.
774 3069 862 3126 Nosse
917 3069 997 3126 mode
1011 3068 1161 3140 corporalia
1174 3068 1326 3142 reputabor

53 3160 138 3231 cupis
155 3159 262 3217 oculum
277 3166 454 3228 venenatum,
480 3159 589 3216 oculum
611 3174 736 3232 nequam,
755 3130 901 3216 oculumss
953 3162 978 3214 6.
995 3157 1065 3214 Hinc
1079 3157 1205 3216 nimirum
1229 3174 1285 3216 non
1307 3157 1389 3216 modo
1410 3161 1593 3218 mansuetudo
1616 3163 1712 3230 oritur,

51 3246 259 3306 fascinantem?
275 3248 405 3308 invidiam
419 3249 549 3322 cogitato.
561 3247 631 3319 Quid
645 3263 714 3306 uero
727 3247 862 3316 invidere,
917 3247 961 3304 oui
974 3245 1100 3304 draconis
1113 3245 1192 3302 ssatus
1206 3261 1261 3303 uon
1279 3253 1391 3315 noceam
1408 3247 1457 3304 sed
1473 3248 1554 3306 etiam
1569 3251 1714 3326 magnani-

52 3337 108 3394 nisi
125 3338 337 3398 malumvidere
352 3339 413 3396 esti
428 3338 457 3396 Si
471 3354 527 3398 nou
549 3343 623 3396 esset
644 3337 691 3394 ille
711 3335 861 3406 basiliscrts,
919 3337 1011 3406 mites,
1025 3351 1106 3407 quam
1122 3333 1323 3408 ragitxuleouis
1338 3343 1515 3394 conterreat.
1526 3339 1714 3400 Adversarius

51 3443 202 3498 nunqnam
211 3444 261 3500 per
275 3429 336 3498 eius
350 3427 481 3486 invidiam
495 3444 570 3486 mors
583 3427 712 3484 intrasset
725 3427 754 3484 iu
768 3425 863 3484 orbem
918 3429 1164 3500 senseresensere
1181 3427 1220 3482 leo
1228 3427 1356 3497 regmos,
1366 3425 1403 3480 sit
1414 3427 1508 3484 Petrus
1517 3427 1545 3500 (l
1549 3430 1669 3497 Peter,
1679 3433 1714 3499 8).

52 3525 207 3572 terrarum.
241 3517 289 3574 Vae
310 3515 413 3574 bomini
438 3517 546 3587 misero,
568 3515 642 3589 quod
666 3515 787 3574 invidum
808 3529 864 3570 nou
919 3512 1027 3570 Gratias
1041 3529 1140 3585 magno
1154 3513 1192 3569 illi
1206 3513 1338 3570 leonide
1354 3515 1425 3572 tribu
1441 3516 1525 3572 luda:
1549 3517 1641 3590 rugire
1664 3518 1716 3576 iste

50 3605 199 3677 praeviditl
221 3605 388 3677 superemus
401 3613 429 3663 ct
454 3606 624 3672 vitiumhoc,
641 3604 705 3661 dunt
719 3605 808 3662 adbuc
822 3601 864 3660 vi·
920 3608 1019 3674 potest,
1035 3602 1115 3660 ferire
1129 3617 1184 3660 uon
1193 3609 1294 3674 potest.
1308 3603 1410 3676 Rugist
1424 3612 1555 3678 quantum
1568 3607 1636 3666 vulta
1658 3613 1716 3666 tan·

49 3695 158 3761 vimus,
183 3693 207 3750 si
230 3704 293 3764 post
316 3702 433 3752 mortem
456 3695 580 3752 volumus
608 3693 760 3750 ministrum
784 3697 866 3748 tautae
921 3697 977 3748 tum
1009 3707 1063 3747 non
1092 3690 1177 3765 fugiat
1206 3691 1266 3751 ovis
1293 3691 1402 3752 Christi.
1428 3694 1535 3764 Quanta
1562 3695 1714 3756 nininturt

49 3782 197 3854 nequitiae
211 3797 266 3840 uon
287 3782 398 3840 bmere.
416 3783 504 3840 Nemo
526 3781 636 3840 alterius
653 3781 753 3838 boumn
773 3778 866 3836 invido
920 3786 1022 3854 quanta
1036 3780 1200 3854 exaggerati
1218 3786 1320 3851 quanta
1334 3780 1463 3840 intentati
1480 3784 1541 3843 Nou
1553 3784 1639 3842 simus
1651 3784 1710 3842 bes

51 3870 180 3943 aspiciat
194 3869 285 3928 oculo.
300 3871 407 3941 Nempe
422 3872 474 3929 boc
488 3871 575 3942 ipsum
597 3870 664 3940 iam,
688 3868 761 3940 quod
785 3867 813 3924 in
836 3883 865 3923 se
921 3869 976 3936 tiae,
991 3877 1020 3924 nt
1034 3882 1085 3925 uos
1100 3875 1256 3939 prosternat
1268 3885 1369 3926 vacuus
1383 3869 1426 3928 ille
1441 3872 1556 3944 rugitus.
1580 3873 1625 3931 Sic
1643 3873 1716 3930 enim

48 3969 107 4032 est,
126 3958 194 4036 taba
209 3974 259 4016 sue
272 3957 340 4016 illud
358 3958 483 4028 inficere,
498 3967 527 4018 et
550 3958 668 4030 quodam
682 3959 763 4014 modo
777 3957 865 4014 iuter·
919 3943 1066 4030 perbibent
1085 3955 1131 4029 qui
1148 3956 1209 4012 tsiia
1223 3957 1355 4016 curiosius
1366 3959 1578 4032 sestigauemut,
1610 3961 1646 4018 ud
1668 3976 1717 4018 ru-

48 4048 140 4106 ficere
172 4053 226 4107 est.
259 4047 313 4119 Qui
340 4049 477 4106 bominem
506 4048 573 4117 odit,
602 4045 764 4106 homicidam
790 4045 865 4102 illum
921 4045 1008 4119 gituxn
1022 4045 1109 4102 leonia
1128 4044 1229 4102 nullam
1249 4046 1365 4103 bestiam
1386 4055 1459 4106 stare
1481 4062 1574 4122 posse,
1597 4065 1633 4108 ne
1656 4065 1718 4110 ιιιιι

49 4137 169 4196 Veritas
183 4137 244 4209 ipsa
257 4137 412 4210 testaturll
425 4139 507 4195 ioco.
532 4153 573 4206 ιιι,
593 4137 649 4208 tn).
674 4134 746 4205 Quid
769 4143 796 4192 et
821 4133 866 4190 ille
920 4134 1031 4208 quidem
1045 4151 1106 4208 quae
1129 4134 1261 4193 advorsus
1282 4135 1366 4193 ictum
1385 4137 1447 4207 ejus
1467 4144 1524 4194 tota
1545 4138 1717 4197 animositate

47 4227 99 4300 qui
116 4225 227 4284 bonum
240 4225 297 4282 odit
316 4227 344 4283 in
364 4225 494 4290 homine?
509 4223 597 4284 888
609 4223 732 4298 uunquid
748 4239 802 4281 nou
818 4223 866 4278 luo·
920 4233 1070 4297 repuguut:
1087 4221 1286 4302 etplerumque
1299 4223 1575 4298 snperaticrieutcm,
1587 4243 1649 4300 ques
1662 4242 1717 4284 uon

50 4314 163 4371 micida
180 4314 282 4386 poterit
303 4315 456 4388 appellari?
469 4314 565 4372 adnue
579 4313 643 4372 vivit
663 4313 754 4380 bomo,
769 4321 798 4370 et
820 4311 865 4368 ille
921 4313 1038 4386 sustinet
1052 4312 1219 4386 rugientem.
1242 4313 1311 4372 Vere
1324 4314 1424 4386 bestia,
1446 4329 1513 4374 vere
1536 4317 1649 4374 rationis
1667 4332 1716 4373 ex·

42 4407 108 4474 jam
118 4417 191 4460 rcus
201 4410 243 4460 cat
252 4403 425 4474 mortieaJ'us.
437 4405 532 4461 Adhuc
542 4403 711 4477 ardetiguis,
724 4418 803 4476 quem
811 4402 866 4458 Do·
881 4436 904 4513 n
921 4418 995 4476 pers,
1012 4401 1058 4476 qui
1075 4407 1129 4458 tem
1143 4400 1322 4474 pusillanimis
1335 4411 1388 4471 est,
1400 4412 1430 4461 ut
1440 4404 1498 4462 solo
1514 4405 1610 4462 timore
1624 4405 1714 4475 cedat,

43 4493 146 4550 nunus
162 4492 329 4548 Jesusmisit
342 4493 370 4548 in
391 4492 579 4566 terrem(1.ue.
593 4490 865 4564 sententiatos
922 4492 967 4564 qui
987 4492 1043 4548 sola
1066 4490 1148 4546 futuri
1173 4491 1385 4564 exaggeratione
1409 4493 1510 4554 laboris
1533 4493 1630 4562 rictus,
1652 4501 1716 4552 ente

45 4591 196 4655 tanquam
210 4579 257 4652 qui
269 4579 394 4654 spiritum
409 4581 587 4648 exstinxerit,
597 4582 653 4653 jam
667 4581 821 4638 damnatur.
921 4581 1086 4652 conflictum,
1097 4595 1152 4636 non
1166 4580 1231 4647 telo,
1246 4580 1295 4638 sed
1305 4581 1369 4638 tuba
1387 4581 1717 4654 praeordinationem

84 4675 114 4727 5.
135 4671 190 4726 Van
205 4670 283 4728 vobis
298 4687 314 4727 a
329 4670 461 4728 dracone!
484 4672 612 4728 Immanis
626 4677 668 4729 est
682 4672 781 4739 bestia,
800 4672 865 4728 flatu
924 4670 1072 4729 restitistis
1090 4684 1179 4741 usqae
1194 4667 1232 4725 od
1245 4673 1415 4742 sanquinem
1429 4672 1519 4742 (debr.
1540 4686 1592 4738 ιιι,
1616 4671 1654 4742 i),
1680 4670 1718 4726 ait

40 4761 138 4834 igneo
151 4757 290 4831 quidquid
305 4759 436 4831 attigerit,
457 4768 556 4828 uccst3
580 4777 637 4818 nou
659 4761 740 4819 modo
765 4761 865 4818 bestias
920 4767 1050 4816 strenuus
1063 4756 1109 4812 ille
1122 4756 1188 4826 dux,
1202 4756 1249 4828 qui
1267 4756 1355 4814 leonis
1379 4758 1459 4830 hujus
1481 4769 1594 4817 nouerat
1616 4773 1715 4816 vanum

44 4859 150 4912 terrae,
169 4848 223 4903 sed
237 4853 265 4903 et
283 4847 408 4904 volueres
421 4851 492 4907 coeli.
519 4850 599 4906 Haud
621 4850 703 4907 elium
727 4867 779 4924 ego
801 4851 865 4908 dra·
921 4863 983 4904 csse
1004 4845 1132 4922 rugitum.
1156 4846 1192 4902 Et
1214 4845 1283 4902 alius
1305 4845 1429 4918 quidam:
1453 4850 1595 4916 desistite,
1617 4847 1715 4921 iuquit,

41 4955 159 4998 cenem
179 4936 265 5003 hunc,
281 4951 364 5007 quam
380 4937 502 5008 spiritum
523 4939 668 4998 iracundiae
686 4956 758 4996 reor.
773 4938 864 5010 Quan—
919 4937 1036 5007 diabolo,
1052 4940 1080 4998 et
1093 4937 1189 5008 fugiet
1202 4952 1221 4992 e
1234 4935 1308 4996 eote
1323 4936 1428 5009 (iacobi
1441 4955 1482 5012 tv,
1496 4938 1535 5012 Ἶ).

41 5037 89 5084 tos
104 5027 203 5084 ctiam
229 5023 354 5083 sublimis
376 5023 418 5098 (ut
433 5024 584 5098 ridebatur)
605 5027 677 5094 vitae,
696 5028 761 5086 flatu
784 5030 865 5100 hujus
1202 5043 1319 5100 sgppqo
1338 5044 1411 5101 xpp,

38 5115 186 5174 draconis
203 5113 304 5171 nubere
330 5113 397 5170 sutis
418 5113 543 5184 adustos,
567 5116 681 5189 turpiter
705 5117 733 5174 iu
756 5118 812 5188 ejus
833 5131 864 5174 os
919 5133 1270 5201 pgvgmgoegmomgg
1282 5151 1298 5185 «
1310 5135 1348 5191 3,,
1367 5150 1398 5191 0,
1411 5136 1535 5209 magen,
1553 5139 1582 5192 ,g
1600 5133 1713 5190 hagag.

37 5203 231 5277 ingemimus
244 5201 396 5260 cecidisset
411 5203 499 5275 Quam
511 5203 607 5262 melita
622 5205 673 5262 sibi
694 5205 761 5277 ipsis
782 5205 864 5262 irasci
1148 5219 1216 5261 cum
1228 5149 1392 5276 ombalossa,
1410 5229 1422 5260 ι
1438 5217 1491 5266 ιιι.

37 5297 211 5369 potuerant
225 5307 260 5348 ua
276 5294 447 5364 peccarent?
460 5292 591 5350 Nimirum
610 5293 719 5352 effando
734 5293 863 5352 naturalis
956 5297 983 5351 t.
999 5293 1130 5364 Agamus,
1149 5291 1258 5366 iratres,
1276 5294 1378 5368 gratias
1395 5294 1490 5354 iactori
1503 5302 1608 5361 nostro,
1625 5293 1712 5350 bene·

37 5388 85 5444 ira
102 5377 259 5440 hominnm
274 5389 334 5449 est;
351 5383 399 5438 sed
414 5382 589 5441 abutentibus
600 5384 673 5440 bono
685 5391 788 5441 naturae
800 5399 863 5456 gre·
916 5381 1014 5455 fectori
1044 5387 1147 5453 nostro,
1182 5381 1349 5456 redemptori
1380 5391 1486 5457 nostro,
1518 5383 1714 5442 remuneratori

37 5474 85 5536 vis
99 5466 238 5546 perditio
253 5478 304 5539 est,
321 5479 349 5528 et
362 5471 517 5530 miserande
530 5471 676 5546 pernicies.
692 5472 862 5544 Occupemus
919 5479 1024 5543 nostro,
1035 5477 1081 5528 aut
1090 5469 1181 5543 potius
1194 5470 1254 5544 spei
1266 5479 1376 5530 nostra.
1391 5474 1452 5546 lpse
1465 5473 1539 5530 cuim
1555 5473 1710 5540 retributor,

35 5563 144 5629 illam,
164 5558 283 5625 iratres,
297 5558 324 5616 in
339 5561 437 5634 quibus
461 5563 582 5635 expedit,
597 5579 633 5620 ue
647 5562 718 5620 sorte
741 5563 777 5634 ad
797 5563 862 5620 inu-
919 5563 977 5635 ipse
991 5560 1133 5620 retributio
1149 5567 1256 5618 nostra:
1276 5577 1328 5619 ucc
1346 5561 1418 5620 eliud
1440 5564 1497 5634 jam
1520 5577 1601 5636 qnaru
1623 5563 1712 5635 ipsum

38 5651 110 5712 'title
120 5647 461 5723 ibicitaqueprorumpat.
473 5653 518 5709 Sic
527 5652 654 5709 nimirum
663 5653 861 5712 soletsmorem
922 5657 1112 5725 exspectamus
1130 5649 1164 5707 ub
1182 5651 1252 5724 ipso.
1267 5651 1387 5722 Primum
1398 5655 1475 5727 qnod
1488 5653 1567 5718 uobis
1580 5651 1716 5724 prestitit,
