3950 6350
277 447 328 505 trs
736 442 765 498 S.
786 439 960 498 stantun!
972 433 1113 494 metris
1131 433 1461 495 casnm-vtuutsrtsts
1880 435 1927 489 lbi

275 569 321 644 qni
339 568 440 639 jugiter
458 567 629 624 machinatur
647 555 759 636 malum,
774 557 823 638 qui
834 560 970 620 desideria
983 557 1109 650 camisp
1126 557 1289 631 distiterit,
1301 561 1433 635 indicare
1448 557 1601 617 secondom
1615 557 1730 628 sedent,
1747 557 1797 616 ssd
1808 559 1927 630 jactam

273 657 394 730 instigat,
410 658 458 730 qni
477 655 701 731 concupiscentiae
721 656 814 728 ignem
831 653 986 728 naturalem,
1002 663 1070 724 quo·
1121 649 1266 722 judiciem
1275 647 1419 720 iudicate!
1431 646 1524 718 (toan
1540 658 1590 718 vn,
1606 645 1666 718 at.)
1678 640 1760 716 Quod
1772 651 1820 703 cst
1833 653 1926 702 anun

273 731 430 804 dammodo
443 746 585 803 venenatis
608 743 830 820 suggestionibus
843 742 944 809 sufflat,
963 739 1071 796 illicitos
1124 736 1227 810 justum
1241 737 1381 809 judicium,
1396 733 1447 790 nisi
1456 731 1585 805 judicium
1594 733 1675 790 fideii
1687 733 1828 804 Quoniam
1836 733 1926 803 justia

273 843 363 892 motus
376 836 545 902 indammst3
565 832 668 906 peccati
682 830 839 889 occasiones
853 836 942 903 parat,
956 836 984 885 ει
997 827 1071 882 mille
1126 841 1160 883 er
1173 825 1227 883 tide
1241 824 1306 884 visit
1318 825 1430 896 (littae.
1446 837 1477 888 u,
1494 825 1533 891 t),
1554 823 1629 895 Ergo
1646 821 1780 894 indicium
1795 822 1866 879 fidei
1887 837 1925 879 se·

273 925 391 982 nocendi
410 923 514 980 artibus
526 922 609 980 corda
622 920 760 978 hominnm
776 925 882 977 tentare
897 934 952 975 non
970 921 1072 974 cessat.
1126 929 1222 988 quere,
1241 923 1269 972 ει
1288 929 1343 970 non
1357 912 1572 985 experimentum
1591 917 1683 968 tunm:
1704 910 1842 983 strunium
1859 910 1925 969 tides

273 1013 379 1071 ilicest
402 1013 449 1086 qui
472 1025 568 1068 manus
586 1017 694 1067 nostras
713 1009 825 1082 proprio
844 1007 952 1082 cingulo
967 1006 1068 1076 alligat,
1126 1002 1235 1075 quidem
1249 1018 1341 1070 verax,
1365 1003 1415 1058 sed
1439 999 1656 1071 experimentum
1676 997 1765 1055 iulias.
1793 998 1869 1066 Qnae
1888 1009 1925 1056 εει
1961 999 1962 1072 i

275 1110 313 1169 et,
328 1111 358 1159 ut
371 1101 478 1171 dicitnr,
499 1099 595 1157 baculo
610 1109 702 1155 nostro
716 1113 767 1154 nos
782 1095 873 1162 caedit,
888 1102 919 1153 nt
931 1109 995 1153 caro
1010 1109 1071 1165 quae
1125 1107 1192 1163 ergo
1206 1091 1308 1148 veritas
1322 1089 1393 1159 fidei,
1408 1087 1461 1144 nisi
1471 1087 1544 1160 qnod
1554 1085 1686 1158 promittit
1695 1086 1854 1157 ipseFiiius
1862 1088 1924 1144 Dei:
1961 1093 1962 1130 ὲ

273 1191 337 1248 data
361 1199 402 1248 est
424 1189 636 1260 mediatorium,
655 1187 683 1243 in
704 1185 810 1242 ruinam
832 1185 911 1242 nobis
935 1192 963 1241 ει
982 1181 1010 1239 in
1028 1181 1068 1238 la·
1127 1179 1267 1254 Quidquid
1277 1177 1508 1251 orantespcit'tt's,
1524 1177 1628 1233 modiis
1639 1175 1706 1248 poio
1718 1175 1885 1248 accipietis,
1902 1184 1925 1234 ει

274 1295 375 1353 qneum
389 1277 446 1334 liat.
1123 1267 1274 1342 fictvobis?
1284 1267 1395 1338 (Mattio.
1413 1281 1474 1332 xxi,
1490 1263 1548 1334 22.)
1562 1265 1649 1320 Nemo
1662 1273 1796 1333 restrum,
1812 1264 1923 1328 iratres,

310 1372 336 1422 3.
352 1367 406 1424 Sed
421 1366 486 1439 quid
504 1365 616 1437 prodest
637 1359 925 1434 indicassepericnla,
950 1361 972 1416 si
995 1359 1069 1417 nulla
1122 1357 1302 1433 parvipendat
1315 1356 1466 1413 orationem
1480 1371 1566 1411 suam.
1582 1352 1740 1410 Dioo'enim
1759 1354 1847 1410 votis
1867 1357 1923 1428 qtr'n
1961 1397 1962 1412 r

274 1455 443 1520 consolatio,
473 1453 546 1510 nulia
571 1453 753 1511 adhibeantur
783 1447 929 1507 remediat
959 1449 1068 1505 Grande
1121 1451 1180 1522 ipse
1194 1448 1228 1506 ad
1243 1463 1324 1520 quem
1339 1461 1458 1513 oramus,
1474 1461 1530 1500 non
1545 1443 1717 1518 parvipendit
1730 1457 1805 1500 curta
1828 1445 1922 1502 Prius-

274 1544 384 1616 quidem
405 1541 553 1615 periculum
569 1549 620 1608 εει,
637 1549 665 1596 ει
683 1539 773 1614 gravis
785 1539 858 1596 lucta
872 1539 1001 1594 adversus
1016 1538 1067 1594 do·
1123 1553 1206 1613 qnam
1232 1551 1344 1610 egressa
1363 1535 1397 1591 sit
1419 1533 1454 1589 ab
1476 1549 1524 1590 ore
1542 1538 1645 1599 nostro,
1662 1533 1721 1604 ipse
1743 1535 1829 1591 scribi
1850 1536 1923 1604 jubet

273 1631 414 1688 mesticnm
431 1631 538 1687 hostem
555 1647 560 1685 :
576 1629 693 1684 maxime
707 1645 768 1684 cnm
783 1643 833 1683 nos
846 1625 959 1682 advenae
973 1623 1066 1691 simus,
1124 1643 1184 1684 eam
1201 1625 1229 1682 in
1243 1625 1317 1681 libro
1329 1638 1388 1682 sno.
1403 1623 1436 1678 lit
1455 1637 1539 1678 nuum
1558 1621 1746 1678 indubitanter
1764 1630 1795 1678 et
1817 1623 1922 1680 duobus

273 1729 300 1776 et
325 1719 371 1777 ille
393 1719 476 1776 civis:
506 1718 551 1774 ille
574 1733 652 1774 snam
678 1716 811 1772 inhabitet
839 1714 989 1791 regionem,
1019 1729 1068 1770 nos
1123 1731 1235 1788 sperarc
1250 1727 1402 1786 possumus,
1419 1712 1546 1784 qnoniam
1562 1719 1607 1767 aut
1621 1709 1696 1766 dubit
1709 1711 1783 1782 quod
1795 1712 1921 1783 petimus

273 1806 381 1864 exsules
395 1807 487 1874 simus,
503 1812 530 1861 ει
543 1804 694 1880 peregrini.
710 1803 836 1876 lisgnnm
850 1819 959 1876 quoque
973 1803 1068 1858 discri-
1123 1814 1169 1862 ant
1183 1804 1256 1878 qnod
1274 1801 1355 1859 nobis
1369 1801 1476 1857 noverit
1491 1815 1553 1856 esse
1565 1799 1663 1856 utilius.
1682 1801 1741 1857 Nos
1757 1801 1836 1856 enim
1860 1805 1922 1875 qnid

272 1911 347 1962 men,
371 1895 502 1952 adversus
517 1894 657 1950 diabolica
678 1893 780 1949 iraudis
800 1891 910 1948 astutias
934 1899 989 1947 tam
1007 1905 1067 1947 ere·
1084 1879 1106 1956 R
1122 1909 1232 1951 oremus
1252 1893 1323 1948 sicut
1341 1895 1450 1963 oportet
1468 1889 1622 1946 nescimus:
1643 1889 1693 1945 scd
1711 1889 1862 1947 miseretur
1883 1893 1922 1948 ille

272 1984 346 2052 bros,
367 1985 421 2040 imo
440 1982 583 2041 continuos
603 1983 706 2040 habere
727 1981 890 2048 condictus3
915 1995 997 2054 quem
1018 1995 1069 2036 nec
1122 1997 1205 2054 snper
1218 1979 1372 2056 ignorantia
1384 1986 1493 2046 nostram
1510 1984 1538 2034 ει
1546 1977 1697 2034 orationem
1706 1978 1830 2052 benigne
1839 1983 1923 2038 susci-

271 2072 366 2129 videre
389 2072 499 2146 quidem
520 2087 676 2144 possumus,
696 2079 724 2129 et
741 2086 825 2142 quem
847 2068 927 2124 nimis
950 2075 1068 2124 astutum
1123 2071 1213 2143 piens,
1230 2068 1302 2141 quod
1317 2067 1396 2124 nobis
1410 2073 1458 2122 εει
1470 2065 1581 2122 omnino
1596 2081 1651 2122 non
1666 2073 1708 2123 est
1720 2067 1800 2132 utile,
1811 2079 1922 2127 autnon

272 2160 368 2218 iecerit
387 2168 442 2217 tam
461 2167 557 2216 natura
575 2159 691 2228 subtilis,
712 2175 793 2232 quam
810 2159 893 2233 longa
912 2157 1069 2215 exercitatio
1123 2167 1178 2216 tarn
1197 2157 1250 2215 cito
1268 2157 1326 2212 dari
1349 2169 1463 2213 necesse
1486 2162 1539 2221 est,
1564 2155 1675 2212 minime
1696 2155 1809 2216 tribuit:
1835 2159 1920 2217 oraio

270 2250 379 2308 malitie
396 2253 468 2322 ejus.
489 2251 678 2306 Verumtamen
692 2249 719 2304 in
734 2248 813 2305 nobis
832 2251 882 2318 cst,
898 2248 920 2304 si
932 2245 1005 2304 vinci
1020 2253 1069 2304 rto·
1124 2255 1215 2304 tamen
1229 2246 1396 2302 infructuosa
1410 2260 1465 2301 nou
1480 2244 1543 2300 erit.

270 2338 359 2394 lumns
377 2359 383 2395 ε
401 2347 428 2394 ει
442 2354 523 2395 nemo
542 2347 664 2394 nostrum
679 2338 707 2393 in
721 2338 773 2394 hoc
789 2336 938 2393 certamine
953 2334 1071 2405 diiicitnr
1159 2343 1185 2396 6.
1202 2338 1242 2395 Ιιε
1256 2355 1332 2408 sane,
1344 2337 1366 2394 si
1378 2337 1521 2394 fecerimus
1530 2335 1602 2408 quod
1613 2349 1756 2392 monemur
1766 2336 1793 2392 in
1803 2337 1917 2410 psalmo,

270 2425 379 2482 invitus.
405 2427 461 2483 Sub
481 2433 508 2482 te
524 2432 575 2496 est,
591 2427 714 2493 onemo,
735 2424 872 2497 appetitus
894 2432 964 2489 tuus,
989 2429 1018 2478 et
1041 2427 1069 2477 tu
1123 2425 1150 2483 id
1172 2435 1214 2486 est
1235 2429 1258 2484 si
1280 2429 1450 2485 delectemur
1467 2427 1495 2482 iu
1514 2425 1638 2483 nenton.
1658 2426 1789 2482 Aitenim
1811 2437 1919 2485 sanctus

269 2513 452 2571 dominaberis
469 2513 506 2570 itti
525 2515 606 2587 (Gen.
630 2526 668 2570 tv.
689 2515 727 2586 7).
749 2514 840 2571 Potest
857 2512 981 2569 inimrbns
994 2511 1068 2567 exci-
1122 2517 1227 2574 David:
1242 2518 1421 2576 Delecicrcc'tt
1433 2518 1562 2587 Domino,
1579 2515 1694 2572 astabit
1707 2516 1759 2572 libi
1766 2519 1917 2590 petitiones

269 2609 328 2662 tare
351 2603 508 2660 tentationis
526 2609 630 2660 motum
647 2621 653 2660 :
671 2603 718 2658 scd
738 2603 808 2658 inte
828 2609 879 2673 est,
903 2601 925 2656 si
939 2601 1067 2666 volneris,
1124 2606 1213 2664 cordis
1229 2607 1274 2662 toi
1289 2604 1375 2677 (Psoi.
1387 2618 1483 2670 xxxva,
1495 2604 1532 2672 4).
1544 2602 1598 2658 Sed
1609 2601 1672 2673 quid
1683 2611 1733 2672 εει,
1745 2603 1918 2676 ol’ropbets,

269 2691 336 2748 dare
351 2709 399 2748 seu
414 2708 517 2768 negare
537 2707 709 2749 consensum.
723 2691 753 2746 ln
770 2699 815 2748 tna
835 2691 963 2748 facultate
978 2699 1029 2756 εει,
1046 2690 1068 2746 εἰ
1123 2695 1195 2766 quod
1210 2703 1264 2750 tam
1279 2694 1401 2749 absolute
1413 2707 1508 2748 moues
1523 2692 1654 2749 delectari
1666 2693 1694 2746 in
1709 2693 1838 2760 Domino,
1856 2698 1918 2751 acsi

268 2781 397 2847 volueris,
421 2779 560 2836 inimicum
584 2787 659 2836 nrum
682 2780 773 2837 iacere
795 2795 905 2838 servum
932 2785 1019 2844 tuum,
1038 2785 1069 2835 nt
1123 2782 1156 2836 ad
1173 2797 1283 2837 manum
1297 2781 1374 2838 nobis
1388 2781 1422 2837 sit
1435 2781 1589 2856 hujusmodi
1609 2781 1777 2838 delectatio?
1792 2784 1916 2840 Delecta-

270 2870 361 2927 omnia
379 2869 427 2924 tibi
452 2876 632 2942 cooperentur
650 2867 678 2924 in
701 2869 813 2924 bonnm.
838 2869 909 2926 Ecce
931 2869 1004 2925 eninr
1022 2869 1068 2924 in·
1122 2868 1225 2925 'donem
1249 2868 1313 2940 cibi,
1334 2868 1429 2938 somni,
1449 2868 1549 2942 qnietis
1569 2877 1597 2924 et
1615 2877 1789 2942 ceterorum,
1815 2889 1877 2945 que
1895 2874 1919 2928 in

270 2955 390 3011 flammat
404 2953 527 3010 inimicus
545 2953 710 3010 desiderium
728 2954 793 3022 cibi,
812 2953 938 3011 veniatis
952 2961 999 3010 aut
1018 2953 1068 3008 im·
1124 2965 1197 3014 terra
1210 2965 1283 3029 sunt,
1299 2959 1436 3016 novimus:
1452 2959 1526 3016 Dens
1547 2963 1639 3016 autem
1659 2973 1739 3031 quam
1759 2961 1917 3020 delectatio-

269 3139 397 3189 motum:
414 3131 623 3188 tusolnmmodo
642 3145 678 3188 ne
696 3132 889 3201 consenserim
915 3135 943 3188 ει
961 3131 1070 3203 quoties
1122 3131 1194 3190 lares
1216 3135 1268 3190 hoc
1288 3134 1381 3191 dicere
1404 3143 1526 3206 possunt,
1551 3139 1602 3192 tos
1624 3151 1680 3193 non
1701 3138 1831 3210 potestis.
1860 3142 1920 3211 Quis

270 3218 411 3281 restiteris,
433 3219 514 3276 toties
528 3221 712 3278 coronaberis.
727 3285 729 3291 ¹
1083 3185 1194 3280 eenim
1209 3229 1330 3280 vestrum
1350 3223 1456 3296 estqui
1477 3240 1532 3280 non
1555 3241 1627 3296 saepe
1646 3235 1774 3295 expertus
1792 3228 1831 3284 sit
1856 3245 1919 3286 con·

305 3311 332 3365 t.
348 3305 539 3366 Vemmtsmen
553 3325 656 3385 negare
666 3325 720 3366 non
730 3325 883 3381 possumus,
894 3308 1070 3378 iratres,mo·
1123 3311 1243 3369 'scientia
1266 3313 1346 3368 bonae
1370 3312 1600 3369 delectationem?
1620 3313 1667 3386 qni
1689 3329 1744 3370 non
1767 3321 1919 3389 gustaverit

269 3399 339 3455 lesta
352 3407 416 3455 sunt
429 3401 498 3466 baec,
513 3403 542 3454 et
554 3397 707 3468 periculosa
723 3399 801 3465 :sed,
818 3404 846 3454 ει
860 3399 888 3454 in
903 3399 963 3470 ipso
977 3404 1068 3454 certa·
1123 3415 1248 3474 saporem
1269 3401 1413 3468 castitatis,
1435 3401 1603 3470 humilitatis,
1622 3402 1864 3463 charitatisiilo'n
1884 3419 1921 3465 est

270 3487 354 3554 mine,
374 3485 396 3543 si
410 3485 526 3544 viriliter
547 3486 707 3552 resistimus,
734 3487 857 3558 quaedam
875 3487 920 3560 pis
936 3485 1069 3560 tranquil·
1123 3491 1181 3546 haec
1196 3491 1340 3547 delectatio
1351 3499 1442 3563 potus,
1457 3507 1546 3564 neque
1560 3491 1622 3561 cibi,
1641 3499 1688 3548 aut
1701 3491 1799 3550 similis
1811 3497 1920 3567 cujusli-

270 3575 333 3632 litas
352 3575 386 3632 de
406 3573 572 3631 conscicntia
586 3574 657 3630 bona
676 3574 804 3630 nascitur.
827 3575 916 3632 Credo
939 3575 1029 3643 etiam,
1045 3572 1068 3630 si
1124 3579 1170 3634 bet
1192 3578 1248 3634 rei:
1270 3577 1415 3636 delectatio
1440 3587 1531 3637 tamen
1555 3589 1606 3648 est,
1632 3587 1660 3637 et
1682 3585 1772 3653 major'
1788 3585 1920 3642 ⁴omnibns

273 3662 453 3737 cogitationes
475 3663 541 3717 istas
564 3676 644 3733 qnam
669 3661 723 3717 cito
744 3660 772 3717 in
791 3663 870 3718 nobis
904 3663 1069 3721 advertimus
1122 3667 1183 3728 illisa
1207 3667 1303 3725 Divina
1327 3669 1398 3726 enim
1425 3677 1477 3736 est,
1497 3675 1525 3727 ει
1543 3686 1599 3728 non
1622 3672 1737 3728 carnalis
1755 3673 1918 3732 delectatio:

272 3765 327 3807 non
341 3750 460 3823 patimur
474 3749 614 3821 remorari,
629 3749 678 3806 sed
692 3750 721 3806 in
735 3750 832 3820 spirito
845 3753 1000 3808 vehementi
1014 3754 1069 3809 ani·
1124 3769 1226 3814 etcum
1240 3757 1268 3814 in
1282 3759 1325 3814 his
1340 3758 1515 3828 delectamur,
1533 3759 1612 3832 plane
1626 3759 1798 3818 delectamur
1815 3764 1848 3819 in
1867 3767 1918 3821 Do-

272 3855 332 3896 mus
346 3839 475 3896 adversns
489 3837 549 3895 illas
563 3839 705 3910 excitetur,
722 3839 849 3912 quoniam
865 3839 989 3898 inimicus
1003 3847 1068 3899 c'on'-
1122 3846 1204 3902 mino.
1640 3867 1645 3876 ’

270 3929 348 3986 insns
366 3927 495 3985 abscedet
510 3943 526 3984 a
540 3924 630 3993 nobis,
650 3943 702 3984 nec
723 3934 776 3983 tam
800 3929 919 3986 libenter
937 3930 1008 3986 illico
1028 3947 1070 3987 rc·
1157 3935 1184 3990 t.
1213 3935 1267 3991 Sed
1289 3941 1435 3992 causantur
1457 3936 1532 3992 multi
1556 3936 1671 3994 tortasse
1689 3939 1764 4010 qnod
1790 3941 1919 4000 allectum
1961 3925 1962 4012 ι

269 4024 401 4075 vertetur.
417 4015 471 4073 Sed
487 4016 533 4090 qui
547 4031 640 4072 snmus
654 4031 714 4084 nos,
729 4023 775 4069 aut
791 4031 851 4087 quse
870 4016 1001 4074 tortitudo
1018 4033 1068 4074 no·
1123 4025 1194 4080 hunc
1208 4022 1395 4080 delectabilem
1411 4031 1439 4081 et
1453 4025 1600 4083 dulciorem
1615 4043 1698 4098 snper
1710 4027 1766 4084 mel
1781 4037 1812 4086 et
1832 4031 1920 4088 iarum

271 4114 337 4172 stra,
352 4111 450 4159 uttam
462 4103 554 4159 multis
572 4101 661 4160 82³
673 4102 867 4159 tentationibus
881 4105 1009 4162 resistere
1023 4121 1069 4163 va·
1123 4111 1209 4168 rarius
1222 4111 1405 4182 experiantur,
1425 4113 1549 4170 nimirum
1565 4116 1628 4188 quia
1642 4117 1840 4175 tentationibus
1855 4122 1922 4178 inte

270 4191 403 4248 lsamnsi
424 4190 483 4246 Hoc
500 4196 559 4245 erat
579 4197 654 4246 certe
672 4188 747 4261 quod
766 4189 906 4262 quaerebat
920 4191 1003 4262 Dens,
1019 4193 1071 4249 boc
1124 4199 1173 4254 rim
1188 4208 1366 4260 exercentur:
1383 4203 1523 4276 multoque
1537 4203 1635 4262 virilius
1654 4211 1749 4276 agunt,
1766 4205 1789 4260 si
1807 4207 1922 4265 virtutes

272 4285 332 4338 erat
345 4277 380 4333 ad
395 4277 467 4349 quod
482 4293 533 4333 nos
551 4278 701 4350 perducere
720 4279 863 4350 satagebat
876 4296 883 4334 ε
898 4286 928 4337 ut
947 4279 1071 4338 videntes
1123 4287 1195 4359 ipsas
1209 4305 1264 4345 non
1277 4304 1328 4361 pro
1347 4291 1537 4360 delectatione,
1558 4309 1640 4366 marn
1658 4292 1851 4368 experiantur,
1876 4298 1921 4354 sed

271 4368 407 4426 deiectum
428 4373 559 4433 nostrum,
581 4375 609 4423 et
626 4365 700 4439 quod
721 4382 774 4421 non
794 4373 821 4422 ct
841 4368 920 4424 nobis
943 4369 1070 4426 auxilium
1124 4393 1174 4449 pro
1188 4377 1331 4434 viantibus
1342 4377 1408 4451 ipsis
1423 4385 1451 4436 et
1464 4395 1514 4452 pro
1533 4381 1591 4436 solo
1612 4381 1784 4454 beneplacito
1801 4385 1922 4442 Dei'totr

267 4457 343 4515 aliud
363 4453 398 4513 sd
417 4458 478 4528 ejus
498 4455 713 4511 misericordiam
735 4462 792 4511 tota
810 4455 960 4515 hnmilitate
973 4473 1068 4516 curra·
1084 4486 1109 4565 n
1124 4465 1284 4542 intentione,
1301 4469 1352 4525 etsi
1371 4485 1426 4525 non
1448 4477 1504 4526 tota
1522 4469 1667 4528 aiiectione
1691 4481 1845 4530 sectantur.
1869 4477 1922 4532 Nec

270 4561 342 4605 mns.
357 4546 506 4618 Propterea
519 4559 586 4618 rogo
601 4559 664 4616 vos,
676 4544 784 4612 iratres,
798 4552 828 4601 ut
842 4559 951 4617 semper
964 4547 999 4603 ad
1012 4563 1069 4603 ma·
1124 4553 1234 4612 dubinm
1255 4557 1319 4630 quin
1341 4557 1442 4630 optime
1465 4559 1599 4632 compleat
1622 4560 1668 4633 qui
1691 4563 1854 4632 hujusmodi
1874 4576 1922 4628 est.

270 4654 335 4695 num
348 4636 473 4692 babeatis
487 4633 642 4690 tutissimus
661 4631 790 4690 orationis
809 4632 953 4710 refugium,
966 4637 1002 4694 de
1016 4655 1069 4712 qun
1124 4647 1265 4718 Prophetes
1292 4645 1514 4714 admonitionem,
1539 4664 1592 4721 qna
1613 4649 1697 4706 dicit:
1722 4652 1923 4711 detectorem

269 4727 350 4783 etiam
366 4723 476 4780 memini
495 4737 540 4779 me
556 4721 636 4794 paulo
656 4729 720 4778 ante
736 4722 764 4777 in
785 4721 840 4781 fine
858 4725 990 4782 sennonis
1007 4743 1069 4785 esse
1123 4737 1240 4793 Domino
1251 4755 1261 4804 ‚·
1277 4734 1404 4807 qnoniam
1417 4750 1472 4792 non
1491 4736 1525 4794 ds
1546 4737 1648 4794 aflectu
1664 4737 1795 4812 loquitur,
1820 4742 1875 4799 sed
1895 4743 1924 4800 dc

269 4815 399 4872 locutum.
1122 4823 1261 4880 exercitio.
1276 4821 1715 4882 titeotnsentmittebeatituutnis
1737 4834 1790 4895 cst,
1822 4832 1925 4888 eremi

305 4905 331 4960 3.
347 4887 540 4958 Verumtamen
555 4898 661 4973 quoties
674 4897 840 4958 deorationa
862 4900 968 4976 loquor,
983 4906 1067 4962 rerba
1122 4913 1189 4969 tium
1202 4927 1267 4968 vero
1282 4911 1396 4968 virtutis.
1412 4915 1564 4983 Delectorc,
1581 4915 1676 4988 inquit,
1693 4919 1725 4972 io
1740 4919 1885 4978 Domino:
1896 4921 1925 4974 ad

270 4992 395 5064 quaedm
409 4991 535 5046 humanae
553 4988 728 5063 cogitationis.
744 4991 837 5048 audite
851 4990 917 5047 milti
930 4992 1026 5050 videor
1039 4996 1064 5050 in
1121 5002 1172 5058 hoc
1189 4999 1280 5068 tendo,
1297 5001 1330 5056 sd
1345 5001 1398 5057 hoc
1411 5015 1521 5070 conare,
1542 5011 1571 5059 nt
1590 5005 1617 5060 in
1631 5004 1746 5062 Domino
1761 5005 1926 5072 delecteris,

269 5079 467 5150 cordevestro,
489 5093 550 5150 quae
569 5088 596 5134 ct
613 5079 649 5134 ab
668 5077 725 5134 aliis
747 5075 906 5151 trequentes
924 5081 1023 5148 auditi,
1040 5091 1066 5139 ει
1120 5095 1151 5145 ct
1160 5088 1238 5144 notit
1249 5086 1300 5143 titi
1307 5089 1459 5159 petitiones
1467 5091 1558 5147 cordis
1566 5092 1619 5147 itti.
1630 5090 1684 5146 Sed
1693 5091 1843 5150 conddera
1851 5095 1926 5168 quod

268 5173 603 5240 nonnunquamexpertns
616 5183 675 5224 sum
689 5169 808 5225 incomle
823 5185 895 5226 meo.
911 5171 981 5242 Quid
994 5173 1064 5228 enim
1118 5178 1273 5249 petitiones
1296 5176 1385 5234 cordis
1405 5176 1514 5244 dixerit,
1537 5193 1604 5250 quas
1627 5179 1765 5250 approbat
1786 5182 1926 5251 indicium

269 5267 321 5326 est,
337 5257 410 5330 qnod
428 5257 493 5315 licet
511 5271 648 5330 uunquam
661 5258 696 5314 ab
711 5259 834 5316 oratione
856 5274 1007 5329 cessemus,
1023 5263 1066 5320 vix
1121 5263 1240 5319 rationis.
1257 5263 1313 5320 Nec
1328 5265 1411 5321 babes
1426 5265 1499 5321 unde
1512 5265 1642 5335 causeris,
1666 5267 1715 5325 sed
1727 5269 1815 5327 unde
1839 5273 1928 5347 magis

267 5359 389 5420 unquam
410 5346 528 5420 experiri
551 5346 674 5404 rideatur
693 5347 791 5421 aliquis
811 5353 936 5404 nostrum
955 5350 1017 5420 quis
1031 5351 1065 5406 sit
1121 5357 1177 5408 toto
1192 5351 1291 5410 aiieotn
1302 5353 1330 5409 in
1343 5353 1490 5426 gratiarnm
1505 5355 1611 5414 actione
1630 5357 1775 5416 vemens:
1790 5363 1927 5432 quando·

268 5435 397 5492 orationis
416 5451 471 5492 sne
494 5435 617 5492 irnetnsi
639 5435 713 5492 Sicut
733 5435 935 5492 adorationem
957 5437 1064 5493 accedi·
1119 5441 1228 5514 quidem
1244 5447 1316 5498 tenu
1329 5457 1412 5515 snper
1426 5448 1452 5500 tc
1467 5459 1532 5500 cttra
1551 5453 1592 5501 est
1608 5445 1668 5503 Deo
1680 5453 1737 5515 tuo,
1760 5457 1790 5504 nt
1815 5451 1927 5520 quoties

268 5539 338 5597 mus,
354 5525 393 5582 sic
407 5531 435 5581 et
448 5525 539 5582 redire
561 5525 684 5582 videmur
701 5541 706 5579 :
723 5537 804 5580 nemo
824 5524 903 5579 nobis
917 5525 1066 5598 respondet
1117 5529 1247 5603 ignorans
1261 5530 1358 5602 queris
1371 5533 1444 5604 quod
1459 5531 1506 5588 tibi
1518 5531 1614 5591 inutile
1626 5541 1679 5603 est,
1700 5549 1756 5591 uon
1777 5543 1809 5593 te
1830 5539 1928 5594 audiat

267 5615 389 5684 vahan,
405 5631 487 5677 nemo
498 5614 647 5691 qmdquam
665 5615 761 5684 donst,
775 5613 825 5670 sed
839 5613 979 5674 laborasse
992 5617 1065 5676 vide·
1118 5619 1340 5692 supernomen
1354 5628 1442 5684 mutat
1453 5621 1518 5679 iltnd
1537 5622 1637 5684 citiori
1649 5623 1732 5684 douo.
1749 5625 1796 5690 sto
1819 5635 1855 5686 et
1874 5642 1926 5700 pa·

267 5719 326 5759 mur
339 5703 485 5765 inermum.
495 5704 550 5762 Sed
565 5702 630 5774 quid
640 5701 669 5759 in
679 5701 829 5776 Evangelio
837 5700 1064 5762 dicitltominntt
1117 5715 1160 5765 ter
1172 5706 1288 5765 caronis
1300 5709 1560 5783 purus-querenti
1573 5727 1673 5786 panon
1686 5712 1810 5773 libenter
1827 5715 1928 5790 porri-
