4052 6340
169 385 238 452 1185
801 385 973 448 SERMONBS
991 385 1025 446 ut
1045 386 1193 447 deduius.
1740 397 1810 456 isso

167 517 300 571 Virtutem
330 513 395 569 nulli
424 512 539 594 accedit,
568 512 639 569 cedit
669 513 747 569 nulli.
767 513 816 568 Cui
845 514 963 580 accedat,
982 525 1006 602 Α
1022 512 1093 567 enim
1108 512 1224 569 sivulti
1238 513 1462 582 lacetrolnntas,
1478 517 1525 572 ubi
1539 515 1651 575 lacnltts
1669 533 1724 576 nou
1744 537 1806 592 sup·

168 621 250 678 quam
266 603 340 659 nulle
356 602 504 674 praecedit?
518 603 561 657 oui
574 601 663 669 cedat,
678 617 738 674 que
749 603 869 658 omnium
878 606 967 682 magis
1023 601 1098 670 petit.
1113 600 1204 656 Nam:
1225 599 1297 657 Velle
1319 605 1428 675 adjacet
1450 605 1533 672 milri,
1560 606 1656 679 inquit,
1680 609 1815 681 perficere

167 694 361 753 consummatio
388 692 451 748 esti
478 692 544 762 Qum
577 693 648 747 enim
671 692 864 750 virtusasoribi
879 701 968 767 possit
1022 691 1816 769 aulemmimiuminvm10(fl0m·v¹¹,¹⁸)·0uid0¹'8⁰

168 799 222 838 non
250 781 379 854 quaerenti
398 781 494 845 Deum,
524 787 569 836 aut
593 780 653 852 quis
673 781 805 837 terminus
837 789 969 856 quaerenti
1021 777 1165 850 ilicium
1184 779 1218 833 ὅθ
1238 778 1341 850 psalm
1360 781 1721 853 issdsslifflusssquaeiillNoss
1735 786 1817 855 plane

168 869 262 944 [elion
278 868 428 941 querendi]
451 869 560 924 Deum?
587 869 722 938 Qaoerlte,
743 869 843 942 inquit,
862 875 969 944 sacrem
1023 864 1105 931 alind,
1120 881 1203 938 qnam
1217 866 1320 938 qnaeri:
1335 868 1405 938 quod
1420 885 1474 924 non
1490 880 1634 942 quereret,
1650 871 1702 927 nisi
1716 873 1816 943 quaesi·

168 963 229 1031 ejus
241 973 352 1030 semper
376 957 464 1028 (Prot.
479 971 535 1027 cxv,
550 955 587 1028 l).
604 956 735 1012 Existimo
754 959 882 1030 quianon
906 979 969 1019 eum
1023 953 1187 1026 tusiuiase13
1214 963 1240 1010 et
1260 971 1367 1012 rursum
1393 972 1447 1012 noo
1470 967 1615 1030 quaereret,
1639 963 1662 1016 si
1684 961 1816 1032 quaesitus

167 1047 293 1102 inventus
307 1043 401 1110 luerit,
417 1041 593 1102 cessabitnra
607 1044 765 1115 quaerendo.
789 1047 849 1102 Non
865 1049 966 1120 pedum
1024 1041 1087 1097 salis
1101 1041 1204 1098 suisset.
1216 1041 1295 1111 Quod
1304 1053 1330 1100 ιι
1339 1043 1474 1116 postulat:
1489 1047 1598 1118 Quaere,
1614 1049 1816 1121 inquinassen-

170 1133 305 1206 passibus,
330 1134 378 1188 sed
394 1131 536 1189 desideriis
563 1133 694 1202 queritur
721 1135 804 1190 Deus.
827 1137 861 1192 Et
875 1137 968 1210 utique
1022 1147 1089 1189 vum
1104 1136 1201 1200 tuom,·
1216 1142 1246 1189 ut
1266 1133 1314 1205 qui
1333 1133 1407 1189 dedit
1427 1133 1504 1204 velle,
1520 1135 1568 1191 det
1581 1143 1608 1191 et
1622 1135 1752 1208 perlicere
1768 1153 1817 1209 pro

169 1239 224 1278 non
237 1221 358 1278 extundit
373 1220 537 1277 desidorium
549 1232 673 1278 sanctum
688 1223 751 1277 lelix
772 1224 900 1293 inventio,
922 1227 969 1282 sed
1023 1218 1094 1275 bona
1107 1220 1253 1278 voluntale·

169 1309 297 1365 extendit.
334 1308 460 1379 Nunquid
490 1309 686 1365 consummatio
708 1311 809 1381 gaudii,
841 1313 970 1370 desiderii
1059 1310 1085 1363 ι.
1097 1308 1261 1365 militenen
1270 1311 1437 1368 nonaidetur
1449 1311 1528 1368 istius
1543 1311 1616 1370 modi
1630 1311 1727 1370 animae
1737 1329 1817 1384 posse

169 1397 342 1468 consumptio
359 1397 427 1452 est?
442 1396 537 1454 Oleum
554 1397 642 1470 maqis
662 1405 703 1452 est
720 1397 778 1452 illl:
796 1415 860 1456 nam
881 1402 969 1473 ipsum
1023 1406 1176 1469 competere
1199 1399 1272 1455 locus
1296 1415 1426 1471 presens,
1448 1416 1509 1471 quae
1534 1401 1681 1458 secundam
1703 1403 1816 1474 gratiam

169 1485 286 1541 flamme.
302 1484 347 1541 Sic
360 1492 411 1540 est.
423 1483 622 1555 adimplebitur
631 1485 737 1554 laetitia;
766 1488 815 1543 aed
843 1488 970 1546 desiderii
1024 1486 1138 1542 necdum
1160 1487 1291 1558 percepit,
1315 1487 1408 1543 solens
1431 1488 1549 1559 quidem,
1573 1490 1620 1544 aed
1646 1505 1701 1546 non
1715 1491 1818 1550 'valens

170 1575 288 1628 nouerit
320 1571 391 1640 finis,
414 1587 446 1629 ao
465 1587 516 1644 per
529 1573 582 1629 hoc
610 1589 659 1629 nec
673 1575 822 1647 querendi.
847 1579 888 1632 Tu
905 1593 970 1635 roro
1024 1575 1098 1630 adire
1112 1591 1194 1646 quem
1207 1575 1296 1649 diligit
1310 1577 1399 1631 anima
1421 1591 1477 1634 sua.
1495 1579 1565 1633 Nam
1579 1579 1715 1649 quomodo
1728 1585 1818 1650 potest

171 1662 270 1734 rogita,
287 1661 310 1716 si
336 1669 425 1731 potes,
448 1661 609 1732 queritandi
624 1663 675 1716 hoc
690 1664 807 1718 studium
821 1665 880 1722 sino
894 1664 969 1720 indi-
1024 1661 1062 1716 iili
1085 1664 1231 1719 contenire
1254 1665 1328 1735 quod
1343 1665 1522 1738 misequitur,
1540 1681 1649 1740 surpere
1664 1675 1691 1722 at
1703 1667 1818 1724 ιιιιιιιιι

170 1749 269 1821 gentio,
285 1759 313 1805 et
326 1748 489 1804 desiderium
516 1748 577 1804 sine
591 1750 738 1809 anxietate.
753 1752 875 1809 Altonum
896 1767 967 1827 pro·
1024 1747 1168 1817 ciuitatem,
1184 1749 1270 1806 sedet
1294 1767 1342 1823 per
1365 1752 1441 1808 vicos
1458 1760 1485 1808 ot
1498 1753 1599 1822 plateas
1612 1768 1734 1825 querere
1747 1753 1818 1811 dile-

171 1836 242 1894 lesto
263 1836 544 1908 praesentia,alterum
559 1837 637 1909 copia
650 1838 783 1897 excludit.
985 1801 1095 1892 Bntum
1118 1838 1215 1909 (Cant.
1239 1854 1280 1904 ιιι,
1305 1842 1343 1911 2),
1367 1855 1429 1911 qum
1452 1849 1516 1912 eget
1537 1840 1596 1911 ipsa
1610 1841 1818 1913 quontitate

207 1929 233 1980 2.
259 1925 337 1978 Nunc
353 1925 409 1993 jam
423 1923 514 1978 videte
537 1939 585 1979 cur
600 1926 650 1980 ista
677 1926 864 1996 praemiserim.
880 1925 970 1982 Nimi-
1025 1923 1077 1980 hoc
1098 1939 1159 1995 quae
1185 1931 1296 1993 potest:
1321 1934 1422 1983 tantum
1446 1943 1477 1982 ιι
1501 1929 1652 1985 meminerit
1678 1930 1818 2001 quesitam

171 2027 241 2078 rum,
259 2019 287 2066 et
306 2012 394 2068 omnis
419 2010 489 2066 inter
504 2026 552 2067 sos
568 2011 656 2066 anima
671 2027 796 2084 quaerens
810 2014 908 2080 Deum,
937 2031 972 2070 ne
1027 2011 1110 2079 prins,
1127 2011 1196 2068 siam
1217 2020 1245 2067 et
1268 2013 1345 2084 prins
1367 2012 1506 2080 dilectam3
1523 2009 1604 2086 atque
1626 2017 1689 2072 inde
1707 2033 1776 2084 esse,
1792 2027 1819 2073 et

171 2115 298 2174 magnum
318 2101 419 2155 bonum
434 2097 460 2152 iu
476 2111 604 2169 magnum
614 2100 666 2154 sibi
681 2100 840 2172 detorqueat
858 2101 969 2170 mulum,
1025 2101 1099 2170 quod
1114 2099 1219 2173 quaerit,
1235 2108 1263 2157 ιι
1286 2101 1359 2171 quod
1381 2101 1477 2172 diligit.
1500 2100 1617 2158 Oremus
1638 2113 1666 2160 et
1680 2120 1740 2172 nos,
1755 2107 1818 2161 cha-

172 2189 276 2245 novetit
291 2203 321 2241 se
335 2195 496 2257 praeventam
512 2187 538 2241 in
548 2188 607 2258 illo,
622 2196 650 2243 et
663 2196 725 2244 ante
738 2189 880 2261 quaesitam
890 2205 970 2263 quam
1025 2187 1136 2257 tissimi,
1147 2196 1177 2245 ut
1186 2189 1241 2247 olto
1250 2190 1397 2259 anticipent
1406 2205 1459 2246 uos
1470 2189 1665 2249 misericordie
1675 2192 1743 2259 istm,
1755 2194 1819 2265 quia

173 2284 350 2349 querentem.
371 2276 416 2332 Sic
434 2275 507 2332 enim
521 2277 555 2332 de
582 2277 688 2351 magnis
716 2278 794 2334 bonis
817 2279 888 2335 mala
905 2277 971 2336 oriri
1025 2293 1158 2350 pauperes
1172 2277 1235 2334 lacti
1250 2278 1343 2334 sumus
1356 2278 1437 2334 nimis
1455 2298 1461 2334 :
1479 2280 1552 2352 quod
1573 2295 1628 2336 non
1647 2281 1680 2337 de
1694 2282 1820 2339 omnibus

172 2380 227 2422 non
242 2365 352 2420 ininime
372 2367 470 2432 solent,
496 2380 556 2420 cum
572 2363 636 2420 lacti
649 2365 744 2421 eximii
761 2366 795 2421 de
816 2368 895 2424 bonis
913 2369 971 2424 Do-
1026 2366 1105 2422 vobis
1116 2365 1188 2422 dico.
1203 2365 1267 2423 Scio
1281 2367 1355 2422 enim
1368 2365 1582 2439 quamplurimos
1594 2378 1714 2424 restrum
1727 2369 1820 2424 ambu-

172 2454 249 2520 miui‚
264 2456 362 2510 utimur
379 2451 585 2510 lmdonis
600 2462 726 2524 tauquam
742 2470 797 2511 non
820 2455 902 2526 detis,
917 2471 971 2512 non
1026 2451 1112 2510 lantes
1126 2454 1154 2510 in
1168 2453 1322 2522 dilectione,
1339 2471 1394 2526 qna
1416 2454 1540 2510 Christus
1563 2455 1657 2512 dilexit
1675 2470 1741 2522 nos,¹
1751 2463 1778 2512 et
1791 2456 1819 2512 in

173 2545 267 2598 damus
282 2541 397 2616 glorium
414 2541 482 2598 Deo.
498 2543 538 2597 ltu
559 2541 680 2613 proiecto
704 2543 749 2614 qui
765 2543 882 2599 maximi
895 2545 972 2601 side·
1027 2541 1197 2614 simplicitate
1210 2543 1300 2601 cordis
1313 2550 1467 2616 quaerentes
1481 2543 1565 2599 illum.
1581 2543 1634 2600 Sed
1649 2553 1712 2601 sunt
1723 2544 1818 2617 aliqui,

174 2635 279 2688 bantur
293 2645 342 2703 pro
356 2638 468 2702 accepta
481 2629 579 2703 qratia,
590 2646 640 2702 pro
658 2646 713 2688 non
724 2632 857 2691 redhibita
868 2632 975 2692 minimi
1026 2631 1098 2705 quod
1112 2632 1196 2691 tristis
1210 2633 1282 2702 dieo,
1297 2633 1346 2705 qni
1361 2633 1463 2689 nullum
1478 2633 1556 2690 uobis
1575 2634 1664 2691 adhuc
1682 2633 1710 2688 in
1723 2650 1754 2692 sa
1766 2635 1817 2690 do-

173 2726 331 2790 reputuntur
353 2721 423 2790 apud
452 2718 549 2775 Deum.
574 2720 633 2793 ligo
661 2728 751 2778 antem
776 2737 859 2792 porco
886 2721 972 2780 tobia.
1026 2721 1092 2777 dere
1106 2720 1234 2778 indicium
1247 2721 1328 2792 hujus
1343 2729 1397 2778 tam
1420 2722 1545 2780 salutaris
1562 2722 1769 2794 anticipationis,
1787 2737 1820 2780 ac

173 2808 245 2864 Usus
259 2823 319 2862 sum
334 2807 545 2864 modestioribus
557 2808 681 2877 sonibus,
696 2810 824 2883 maximo,
839 2809 970 2866 minimo·
1026 2825 1075 2880 per
1089 2811 1141 2865 hoc
1155 2826 1204 2867 nec
1226 2825 1283 2866 suae
1306 2808 1401 2866 salutis
1418 2827 1424 2865 :
1441 2810 1563 2866 homines
1584 2827 1614 2866 ae
1631 2809 1705 2882 ipsos
1727 2823 1820 2866 snam·

172 2913 223 2970 que
235 2915 242 2964 ;
258 2895 306 2952 sed
321 2895 396 2968 quod
413 2897 501 2954 sentio
515 2911 570 2954 non
585 2899 716 2969 expressi.
746 2899 898 2955 Discrimen
925 2898 971 2954 in·
1027 2905 1077 2965 tes,
1093 2913 1148 2954 non
1161 2899 1323 2970 Dominum3
1338 2906 1366 2955 et
1380 2905 1603 2973 quaerentesque
1617 2914 1666 2954 sus
1680 2905 1751 2965 snut,
1767 2913 1820 2954 non

173 2984 259 3054 volvi,
274 2983 334 3056 ipse
352 2985 479 3041 nudabo:
495 2985 636 3057 optimum,
653 2988 854 3060 pessimumque
873 2986 973 3042 dixisse
1026 3001 1088 3056 quae
1103 2985 1221 3053 Domini,

172 3072 334 3129 debueram.
367 3073 435 3128 Nam
464 3082 567 3130 verset
588 3072 1010 3150 absquedubimeoquisqucss
1062 3077 1088 3127 5.
1115 3073 1246 3142 maini,
1272 3073 1309 3130 ait
1328 3071 1382 3140 ills,
1407 3088 1491 3146 quem
1512 3072 1605 3144 dilipit
1627 3074 1725 3131 neimo
1745 3087 1819 3128 otoo.

172 3161 315 3234 pessimus,
337 3175 391 3233 quo
424 3161 543 3232 optimus
571 3171 621 3228 est,
638 3164 661 3218 si
676 3164 728 3218 hoc
751 3163 841 3232 ipsum
858 3178 913 3236 quo
933 3172 972 3217 est
1026 3160 1129 3230 Nempe
1141 3162 1367 3233 hucteprovoeat
1380 3159 1554 3232 anticipantis
1572 3159 1723 3232 benignitas
1736 3157 1819 3226 ilios,

172 3249 302 3322 optimus,
325 3248 443 3307 ascribat
456 3249 520 3304 sini.
534 3249 638 3321 Nempe
653 3250 801 3322 pessimum
815 3252 876 3306 hoo.
893 3250 971 3320 Quod
1025 3249 1071 3322 qui
1086 3255 1112 3304 tc
1133 3258 1161 3305 et
1184 3249 1259 3321 prior
1283 3248 1418 3320 quesivit,
1433 3256 1460 3304 et
1484 3249 1558 3321 prior
1582 3247 1685 3305 dilexit.
1710 3247 1820 3310 llicime

172 3338 278 3394 sidicat
308 3338 388 3408 quis:
416 3337 506 3393 Absisl
542 3353 673 3410 agnosco,
699 3338 786 3412 gratio
806 3339 930 3393 Deisum
945 3337 972 3392 id
1026 3353 1139 3408 prorsus
1152 3337 1205 3392 nisi
1219 3338 1296 3409 prius
1318 3337 1432 3410 quaesita
1445 3349 1594 3406 quereres,
1610 3335 1678 3392 ιιιοιιι
1691 3351 1740 3392 ιιι
1753 3335 1818 3392 dili-

173 3429 243 3500 quod
273 3441 348 3496 sum3
376 3426 482 3480 studeat
513 3431 604 3480 antem
625 3435 734 3496 captate
761 3424 903 3496 gloriolam
923 3441 972 3496 pro
1026 3439 1106 3496 qenes
1119 3423 1280 3480 nisidilecta
1294 3422 1379 3495 prius.
1395 3423 1457 3479 Non
1475 3424 1503 3478 in
1518 3435 1574 3478 una
1588 3427 1692 3480 tantum
1704 3421 1819 3480 noneni-

178 3513 264 3588 qratia
278 3529 358 3585 quam
373 3513 497 3584 accepit;
512 3527 603 3568 nonne
617 3513 660 3569 lur
673 3521 754 3570 estet
772 3513 860 3568 latroi
873 3511 973 3568 Audiat
1027 3513 1125 3579 ctione,
1149 3511 1197 3568 sed
1217 3511 1245 3566 in
1269 3511 1373 3566 duabus
1398 3519 1534 3581 preventa
1559 3526 1600 3582 es,
1624 3509 1765 3566 dilectione
1793 3518 1820 3566 ιι

173 3602 220 3676 qui
229 3601 361 3672 ejusmodi
371 3608 414 3657 ιιι
426 3620 433 3656 :
445 3603 489 3658 Ec
497 3615 545 3660 ore
556 3606 605 3659 tuo
619 3607 646 3658 te
652 3602 760 3675 judico,
771 3617 973 3675 amoenaqunm
1027 3599 1195 3672 quesitione.
1211 3597 1326 3656 Dilectio
1338 3614 1419 3656 cause
1431 3597 1612 3670 quaesitione
1626 3597 1748 3670 quaeaitio
1761 3596 1819 3654 irn-

174 3689 253 3762 (ioc.
277 3705 342 3759 xxx,
365 3689 425 3761 ιι).
448 3689 520 3758 Quid
534 3689 652 3762 nequius
666 3706 744 3748 serto
760 3697 907 3762 usurpante
921 3690 973 3745 sibi
1026 3697 1084 3746 otus
1098 3688 1249 3746 dilectionis
1272 3696 1313 3744 ast
1336 3698 1364 3746 et
1387 3687 1530 3744 certitudo.
1553 3687 1655 3744 Dilecta
1679 3703 1718 3756 es,
1738 3684 1819 3747 need

174 3779 288 3852 ploriem
302 3777 407 3833 domini
421 3775 482 3833 suii
1027 3777 1188 3850 supplicium
1204 3775 1294 3846 potios
1306 3775 1447 3848 quaesitam
1468 3774 1628 3848 suspiceriaq
1651 3775 1766 3848 quesita
1778 3789 1819 3839 es,

173 3937 177 3944 ν
209 3867 397 3932 sistemate
411 3871 639 3940 meopcrcootcr
653 3869 769 3940 quaesiui
781 3882 867 3940 quem
880 3866 974 3938 dilipit
1027 3882 1061 3922 nc
1076 3865 1174 3922 frustra
1187 3864 1310 3922 dilectam
1326 3864 1510 3936 conqueraris.
1528 3864 1644 3936 Utraque
1658 3871 1713 3921 tum
1736 3862 1820 3922 amica

174 3970 354 4013 nemorosa.
372 3953 476 4024 Querit
487 3955 712 4022 animaverbum,
722 3955 841 4027 sedquae
854 3970 870 4010 a
883 3955 974 4012 Verbo
1027 3962 1167 4026 comperta
1181 3953 1300 4010 suavitas
1315 3961 1342 4008 et
1355 3968 1450 4009 ausum
1473 3951 1558 4022 dedit,
1583 3962 1611 4010 et
1629 3952 1821 4011 veoeoundinn

174 4045 248 4114 prins
261 4043 377 4117 quesita
388 4043 432 4098 sit.
446 4043 763 4116 Alioquinsemelalacie
772 4043 852 4100 Verbi
865 4057 975 4114 egressa
1027 4043 1143 4115 depulit,
1169 4048 1197 4098 et
1221 4042 1336 4098 reditum
1360 4039 1503 4113 persuasit,
1528 4047 1555 4096 et
1579 4040 1661 4100 ntotit
1685 4040 1818 4098 allectum.

173 4131 214 4190 vel
241 4133 338 4202 ejecta,
360 4147 416 4188 non
443 4137 593 4188 mvertetur
618 4131 715 4190 oculus
736 4132 798 4202 ejus
829 4138 861 4189 nt
885 4130 975 4188 videat
1027 4131 1193 4198 limandus,
1210 4131 1271 4188 hino
1293 4130 1375 4185 ardor
1399 4129 1450 4185 iste
1473 4128 1612 4201 querendi
1632 4144 1712 4202 quem
1735 4129 1822 4202 diligit

175 4223 254 4288 bona,
285 4222 308 4276 si
335 4236 390 4278 non
406 4223 556 4294 requiratur
575 4221 705 4278 averio.
721 4219 803 4290 Quasi
818 4235 884 4278 voro
898 4219 971 4276 aliud
1029 4219 1119 4275 anima
1142 4228 1201 4286 tua;
1229 4218 1292 4290 quie
1314 4217 1434 4288 prolecto
1455 4231 1560 4272 necnon
1577 4215 1689 4289 quaesita
1702 4231 1823 4288 quaerere

174 4309 262 4365 anima
285 4319 377 4364 nostra
398 4309 441 4378 sit,
459 4327 540 4380 qnam
563 4311 673 4383 spiritus
687 4310 789 4370 vadens
807 4315 835 4364 et
858 4323 912 4364 non
926 4324 972 4366 re-
989 4345 1012 4422 u
1030 4316 1146 4381 poteras,
1161 4323 1266 4366 necnon
1280 4321 1402 4390 quaerere
1416 4305 1530 4379 quesita
1544 4320 1616 4364 nuno
1629 4316 1716 4378 potes.

175 4395 265 4464 diens,
293 4397 317 4452 ιι
333 4397 385 4452 sibi
409 4397 488 4455 luerit
515 4399 650 4459 derelicta.
674 4398 747 4455 sudi
774 4395 919 4471 profugam
946 4406 973 4454 et
1071 4395 1178 4456 158!
1198 4400 1226 4455 6.
1238 4395 1292 4453 Sed
1307 4393 1494 4452 noliobliuiaci
1509 4392 1580 4450 unde
1593 4395 1647 4452 hnc
1661 4393 1777 4452 veneris.
1790 4393 1824 4449 Et

174 4487 288 4554 damam,
303 4486 368 4560 quid
380 4486 479 4557 doleat,
488 4499 516 4544 et
529 4489 594 4558 qnid
605 4496 690 4559 petat.
707 4489 817 4556 Errant,
834 4489 882 4556 ait,
896 4490 973 4546 siout
1028 4485 1100 4541 utin
1114 4501 1157 4540 me
1170 4485 1262 4558 potius
1277 4483 1463 4558 transfigurem
1478 4497 1541 4555 quae
1558 4481 1694 4549 dicuntur,
1709 4482 1738 4538 id
1751 4481 1822 4538 enim

174 4578 232 4635 ovis
243 4593 305 4650 ιιι
317 4577 421 4649 perlit:
436 4593 531 4650 putere
544 4593 658 4635 servom
672 4581 758 4634 tuum
770 4577 857 4647 (Psoi.
871 4591 972 4643 oxvrst,
1029 4574 1121 4640 tutius,
1136 4581 1202 4630 tune
1217 4590 1257 4639 ιι,
1273 4588 1290 4630 o
1304 4572 1393 4628 anima
1417 4587 1483 4638 mea,
1508 4586 1571 4644 quae
1595 4570 1691 4626 relicto
1705 4571 1764 4626 viro
1778 4579 1823 4626 tuo

176 4667 249 4735 lto).
263 4663 286 4720 O
301 4666 395 4732 homo,
407 4665 495 4722 redire
510 4664 576 4722 visi
591 4665 637 4721 sed
648 4664 671 4720 ιι
680 4664 708 4720 iu
718 4663 853 4723 voluntate
866 4674 971 4737 recent,
1025 4661 1132 4735 priore,
1153 4677 1213 4718 cnm
1233 4675 1287 4736 quo
1302 4660 1350 4718 tibi
1363 4661 1433 4718 bene
1446 4659 1543 4730 luerat,
1561 4657 1674 4733 primam
1690 4656 1771 4716 iidem
1784 4657 1823 4714 ir·

173 4754 240 4826 quid
253 4767 334 4825 opem
352 4752 481 4826 ilaqitaai
495 4753 559 4826 qnid
589 4753 697 4810 aliunde
713 4753 861 4824 mendicas,
875 4752 903 4808 in
919 4768 972 4825 quo
1029 4752 1109 4808 sitam
1134 4749 1230 4816 iecisti,
1257 4749 1315 4806 iens
1342 4759 1403 4819 post
1429 4756 1564 4814 amatores
1592 4746 1672 4804 tuost
1697 4747 1733 4804 Et
1753 4762 1825 4804 nnnc

176 4841 299 4897 abundas
311 4850 340 4897 tu
354 4840 402 4896 tibi
427 4839 441 4895 i
462 4841 551 4896 Palam
566 4841 693 4915 estquis
710 4842 778 4908 vult,
794 4850 820 4897 et
845 4855 899 4896 non
918 4855 954 4913 po
1029 4839 1101 4911 quod
1125 4839 1202 4895 libuit
1224 4836 1355 4894 fornicata
1375 4852 1436 4894 oum
1458 4835 1521 4906 illis,
1538 4834 1609 4891 lorte
1633 4841 1660 4891 et
1673 4842 1827 4908 contempta

176 4937 242 4987 test:
274 4930 322 4986 sed
350 4929 463 5000 spiritus
488 4936 528 4986 est
555 4930 656 4987 tudens
682 4936 710 4986 et
723 4945 777 4986 non
790 4929 905 4994 rediens,
920 4928 973 4986 etsi
1030 4929 1063 4985 ab
1079 4927 1142 4998 illis,
1158 4925 1243 4985 audes
1263 4923 1405 4997 impudens
1424 4933 1451 4980 et
1463 4921 1584 4998 frontosa
1597 4923 1664 4980 aelle
1678 4923 1777 4981 reverti
1790 4921 1824 4978 td

175 5019 200 5074 is
220 5019 254 5074 sit
275 5019 382 5093 longina
403 5033 498 5092 agens,
518 5020 567 5092 qui
585 5033 635 5076 neo
653 5019 720 5076 vult.
740 5017 898 5090 Quanquam
916 5033 972 5074 nou
1028 5017 1114 5086 illum,
1131 5032 1212 5090 quem
1228 5013 1345 5086 superba
1357 5012 1562 5084 contempsisti?
1577 5009 1669 5080 Quid?
1684 5012 1767 5084 digne
1779 5012 1823 5067 la-

175 5107 285 5164 omnino
300 5107 376 5162 illam
389 5107 504 5163 animam
526 5107 676 5181 expositam
694 5107 808 5164 dixerim
832 5105 874 5165 vel
906 5106 972 5162 reli·
1028 5107 1111 5166 tebris
1126 5104 1225 5180 quaeris
1240 5105 1336 5170 lucem,
1352 5109 1379 5160 ιι
1399 5103 1486 5160 curris
1507 5102 1540 5158 ed
1556 5116 1699 5172 sponsum,
1716 5100 1825 5173 dignior

176 5205 255 5266 οιιιιι,
272 5212 332 5269 quae
351 5195 448 5253 reverti
462 5197 548 5269 cupit,
564 5204 591 5252 et
606 5195 706 5271 requiri
721 5197 795 5268 petit.
811 5197 888 5256 Unde
900 5195 971 5252 enim
1029 5197 1125 5271 plagia,
1141 5211 1221 5269 quam
1236 5191 1352 5250 osculis?
1365 5190 1462 5248 illrum
1477 5190 1569 5246 sinon
1584 5203 1634 5261 pro
1654 5202 1755 5260 sponso
1773 5188 1824 5258 ju·

176 5287 433 5348 volontasnaeoillit
448 5289 524 5356 Inde,
540 5289 569 5344 ni
582 5288 672 5360 fallor,
687 5289 760 5360 quod
778 5287 974 5345 averborisi-
1029 5286 1116 5344 dicem
1140 5284 1274 5342 olioudas.
1297 5279 1381 5350 Felix,
1405 5280 1451 5354 qui
1477 5281 1510 5334 ad
1532 5280 1590 5338 hmo
1611 5277 1726 5334 animam
1749 5291 1824 5333 suem

176 5386 230 5433 tata
247 5378 305 5448 jam
332 5377 368 5434 sit
381 5385 409 5435 et
423 5377 549 5451 quesite.
563 5378 622 5434 Nec
650 5377 739 5435 otiosa
753 5376 888 5449 quesitio,
913 5392 974 5450 qum
1028 5375 1242 5450 respondentem
1255 5371 1386 5430 audierit:
1402 5369 1464 5426 Non
1479 5367 1573 5438 timeo,
1588 5366 1650 5439 quia
1664 5381 1740 5434 amo;
1752 5366 1824 5438 quod

176 5473 285 5537 operata
312 5473 354 5523 est
371 5468 548 5535 uoluntatem,
578 5466 637 5522 sine
658 5481 713 5538 qus
727 5464 829 5522 reditus
842 5477 903 5522 essa
918 5478 974 5522 non
1029 5481 1085 5522 non
1099 5469 1187 5521 amata
1200 5461 1309 5520 omnino
1322 5473 1377 5516 non
1392 5455 1517 5514 lacerem.
1533 5455 1627 5526 ltsqna
1641 5456 1724 5510 etiem
1736 5469 1823 5512 amor.

176 5561 294 5626 poteret.
322 5553 375 5610 Sed
401 5571 454 5613 non
486 5554 587 5614 sufficit
601 5555 686 5613 semel
701 5553 799 5627 queri:
829 5559 917 5610 tentus
932 5559 975 5609 est
1031 5552 1104 5610 Nihil
1118 5551 1224 5610 dilecte
1250 5546 1408 5606 timendum.
1432 5545 1548 5600 Pareant
1571 5557 1632 5614 quae
1656 5555 1710 5598 non
1723 5553 1823 5620 emant.

177 5641 414 5718 animosiusque,
440 5645 606 5718 motaquein
620 5643 708 5702 reditu
726 5641 881 5704 difficultas.
903 5639 974 5712 Quid
1031 5639 1132 5711 Quidni
1155 5639 1264 5702 assidua
1281 5632 1443 5708 ¹inimicitias
1469 5627 1740 5726 suspicientum-Ego
1762 5645 1828 5716 vero
