4118 6346
219 391 270 448 tia
618 426 630 448 s
672 383 839 456 invitatio
856 385 906 444 SS.
921 387 1029 456 ΦΕΤΒΙ
1046 387 1093 446 ΕΤ
1111 385 1216 444 vibit
1234 385 1351 446 subito
1367 387 1414 443 iti.
1441 435 1458 460 ,
1814 389 1866 444 tii

217 509 849 586 quoniamomnespeccavimvs,etegemusbac
857 512 943 584 gioria
953 513 1014 573 Dei.
1029 527 1053 608 Ι
1069 511 1169 568 enimi
1189 510 1260 567 iorte
1282 511 1401 582 peccasti
1424 511 1588 584 insaecula,
1613 512 1735 584 nunquid
1749 511 1866 584 amplius

251 605 278 657 t.
299 601 404 659 Verum
423 601 494 673 apud
507 600 614 656 beatum
629 600 738 656 Petrum
751 601 825 658 aliud
842 601 930 660 liabeo
942 602 1017 676 quod
1069 599 1174 658 Paulo?
1195 599 1274 670 Quod
1296 598 1318 654 si
1337 598 1441 671 etipsa
1460 598 1487 654 iu
1503 601 1652 673 religiouc3
1668 601 1789 677 nunquid
1804 603 1866 676 plus

216 706 364 766 apponam,
380 707 414 748 eo
428 689 526 756 carius,
542 703 597 762 quo
612 689 822 764 rarius;ctquo
841 690 1015 765 singularius,
1072 689 1174 747 Petro?
1209 688 1337 744 Attamen
1362 687 1399 763 iili
1426 687 1455 742 in
1485 695 1540 746 toto
1567 691 1650 748 eorde
1677 692 1866 764 poenitentiam

216 797 250 838 eo
275 781 425 840 sublimius.
447 779 517 836 Nam
538 778 660 850 peccavit
680 779 788 846 Paulus,
815 779 865 836 scd
888 779 1019 852 ignoraus
1070 789 1193 852 agentes,
1209 793 1265 834 non
1278 777 1362 834 modo
1375 777 1499 850 salutem,
1520 778 1569 834 sed
1583 785 1611 835 et
1624 783 1795 840 sanctitatem
1804 798 1868 840 con·

218 869 282 927 iecit
296 873 323 927 in
338 867 528 926 incredulitate
543 884 591 922 sua
607 886 612 925 :
630 867 725 923 Petrus
739 885 801 924 cum
816 869 924 936 cecidit,
939 885 1019 941 aper·
1072 869 1158 926 secuti
1177 874 1257 938 sunt;
1281 867 1364 924 ctiam
1376 875 1403 922 et
1419 865 1512 922 salutis
1531 866 1720 937 ministerium,
1735 879 1763 927 et
1776 872 1866 946 magi-

215 969 258 1017 tos
281 960 397 1016 babebat
419 958 522 1014 oculos.
548 956 631 1013 Porro
646 956 692 1011 ubi
711 957 859 1014 abundavit
879 959 1018 1030 delictum,
1073 958 1185 1013 sterium
1199 957 1289 1028 adepti
1303 963 1366 1012 sunt
1383 955 1541 1010 sanctitatis.
1558 957 1594 1009 Et
1608 963 1635 1011 tu
1650 972 1721 1029 ergo
1736 957 1778 1016 iac
1791 959 1866 1016 simi·

218 1050 256 1106 ibi
278 1046 508 1123 superabundavit
531 1053 560 1103 ct
582 1046 681 1117 gratia.
702 1047 805 1106 Eorum
822 1046 957 1119 siquidem
973 1047 1019 1120 qui
1072 1047 1143 1116 liter,
1169 1046 1295 1120 quoniam
1315 1053 1427 1117 propter
1446 1049 1473 1100 te
1487 1045 1623 1116 Scriptura
1647 1045 1777 1118 loquitur,
1795 1047 1868 1106 viros

218 1143 332 1212 peccant
345 1143 493 1210 antequam
509 1137 595 1192 Deum
615 1135 752 1208 notuerint,
772 1143 918 1209 auteqttam
935 1138 1017 1194 mise·
1072 1136 1133 1193 illos
1151 1153 1212 1192 esse
1226 1134 1411 1194 misericordia
1427 1147 1432 1188 :
1449 1134 1544 1206 utique
1557 1146 1670 1207 propter
1688 1136 1798 1192 multam
1814 1136 1867 1194 mi-

216 1228 336 1283 rationes
355 1227 416 1298 ejus
430 1224 610 1296 expertisint,
627 1231 772 1296 antequam
790 1226 957 1298 portaverint
972 1227 1018 1297 ju·
1072 1225 1257 1292 scricordiam‚
1278 1242 1359 1298 quam
1374 1225 1503 1295 consequi
1522 1232 1689 1281 meruerunt.

215 1332 280 1392 gum
293 1331 378 1373 suave
392 1321 421 1371 et
434 1331 503 1372 onus
520 1314 593 1381 leve,
612 1312 771 1385 priusquam
786 1314 938 1372 devotionis
952 1329 1017 1388 gra·
1107 1319 1133 1371 5.
1155 1317 1236 1372 Potes
1259 1323 1349 1370 tamen
1364 1313 1391 1368 in
1406 1315 1457 1370 hoc
1472 1314 1556 1371 vcrbo
1579 1315 1660 1371 ctiam
1674 1315 1739 1371 illud
1754 1331 1808 1372 non
1823 1315 1868 1371 in-

216 1405 331 1472 tiam,et
358 1403 559 1461 consolationes
586 1402 742 1476 acceperint
768 1403 883 1474 Spiritus
907 1403 1014 1473 sancti;
1071 1405 1267 1461 convenienter
1294 1404 1435 1476 accipere,
1463 1403 1537 1460 viros
1565 1405 1758 1462 misericordiae
1787 1405 1868 1462 inisse

216 1509 322 1564 eorum,
352 1493 474 1566 iuquam,
495 1493 605 1564 copiosa
628 1493 782 1564 redemptio
807 1501 859 1548 est.
887 1494 921 1548 Et
950 1493 1017 1550 tales
1072 1494 1219 1564 apostolos,
1244 1493 1272 1548 id
1300 1501 1341 1550 est
1369 1493 1465 1566 plenos
1492 1494 1690 1561 misericordia,
1719 1511 1769 1551 seu
1796 1495 1869 1551 viros

215 1600 311 1642 omues
326 1598 377 1638 nos
391 1582 499 1639 iuimus.
518 1584 551 1637 itt
566 1597 661 1638 eorum
676 1581 723 1655 qui
733 1582 1017 1653 postconversionem
1071 1583 1274 1648 misericordie,
1298 1581 1326 1637 id
1350 1590 1392 1638 est
1414 1583 1628 1640 misericorditer
1649 1585 1727 1641 datos
1740 1583 1868 1641 Ecclesiae

218 1690 295 1732 suam
314 1671 433 1746 pcccatis
452 1679 480 1728 et
497 1671 569 1729 vitiis
583 1669 765 1743 implicantur,
784 1670 884 1744 ingrati
898 1680 1018 1743 acceptas
1071 1672 1215 1728 universae.
1230 1671 1337 1727 Scimus
1351 1673 1500 1744 enimquod
1511 1674 1561 1729 viri
1576 1675 1619 1730 isti
1632 1690 1683 1731 nco
1697 1675 1749 1731 sibi
1763 1675 1867 1741 vixere,

218 1763 326 1838 gratiae,
346 1771 374 1819 et
396 1769 458 1835 post
486 1761 595 1818 missam
624 1775 733 1815 manum
747 1758 781 1814 ad
802 1767 920 1817 aratrum
944 1768 1018 1817 retro
1072 1777 1124 1818 nec
1142 1759 1193 1817 sibi
1214 1761 1313 1816 mortui
1331 1769 1404 1826 sunt,
1423 1762 1471 1817 sed
1491 1763 1516 1818 ei
1532 1763 1578 1833 qui
1597 1779 1646 1834 pro
1666 1765 1731 1837 ipsis
1747 1773 1869 1820 mortuus

218 1851 379 1924 respiciunt,
401 1850 483 1924 tepidi
493 1856 521 1908 et
535 1849 660 1906 carnales
674 1848 747 1916 iacti,
762 1855 808 1905 aut
821 1859 883 1927 post
897 1849 1018 1922 agnitam
1034 1839 1056 1921 Β
1072 1861 1133 1920 cst3
1154 1851 1240 1924 magis
1264 1857 1356 1908 autern
1380 1852 1459 1910 nobis
1491 1853 1617 1909 omnibus
1647 1867 1760 1926 propter
1784 1855 1867 1910 illum.

218 1940 290 2000 viam
300 1941 423 1998 veritatis
437 1947 511 1998 retro
525 1947 591 1996 eunt
606 1944 736 2010 apostate
750 1937 888 1996 manifesti
904 1947 1018 1996 :corum
1072 1941 1208 2012 Quantum
1224 1941 1297 1996 anim
1315 1940 1523 2013 proderitnobis
1534 1944 1751 2012 commissarii,
1761 1943 1870 2016 quando

218 2031 312 2103 utique
333 2045 485 2103 perpaucos
503 2028 635 2097 invenias,
652 2027 698 2100 qui
713 2029 847 2100 posthaec
862 2028 1018 2086 redeuntia
1072 2030 1131 2102 ipsa
1146 2045 1265 2103 quoque,
1281 2031 1353 2086 sicat
1364 2029 1451 2088 995
1466 2037 1605 2086 εειειιειιιιι
1621 2037 1672 2099 εει,
1690 2039 1792 2088 tantum
1808 2048 1871 2104 pro·

219 2119 334 2195 gradum
347 2119 502 2192 pristinum,
519 2118 568 2174 sed
583 2115 706 2189 magisin
720 2116 846 2174 sordibus
865 2117 946 2189 positi
960 2133 1019 2174 sor·
1072 2118 1152 2176 luere
1170 2119 1301 2191 peccata?
1324 2121 1377 2176 Pro
1400 2119 1479 2176 nobis
1502 2119 1567 2176 iacit
1586 2135 1681 2176 eorum
1695 2120 1759 2188 vita,
1776 2137 1871 2177 corum

220 2209 333 2266 desecat
346 2208 444 2268 adbuc.
455 2209 544 2280 Super
562 2222 631 2279 quos
642 2205 775 2278 propbeta
789 2207 931 2277 deplorat:
951 2209 1021 2276 Quo-
1073 2207 1206 2270 doctrina,
1222 2205 1304 2264 etiam
1319 2215 1346 2264 et
1361 2223 1434 2263 mors
1448 2208 1518 2278 ipsa.
1537 2209 1645 2264 Etenim
1657 2211 1683 2266 in
1694 2211 1871 2267 conversione

218 2297 1022 2368 modoobscuratumestourom.mutotuaectcoloropti·
1074 2296 1282 2365 continentiam,
1302 2298 1331 2353 in
1354 2297 1547 2370 predicatione
1568 2299 1740 2370 sapientiam,
1754 2299 1783 2355 in
1805 2315 1872 2370 pas-

219 2403 284 2444 moa
296 2386 310 2441 i
324 2392 351 2442 et
360 2402 374 2447 ,ι
403 2387 458 2456 Qui
471 2388 676 2444 nutriebantur
694 2389 727 2444 ia
737 2386 853 2455 croceis,
864 2384 1022 2457 amplexati
1076 2387 1152 2444 sione
1167 2403 1216 2442 sua
1226 2387 1374 2460 paticutam
1384 2386 1463 2442 nobis
1478 2387 1549 2442 beati
1564 2387 1677 2459 apostoli
1688 2389 1870 2444 contulerunt.

218 2483 287 2533 aunt
303 2480 430 2534 stercora
446 2474 560 2544 (ibren.
577 2491 617 2542 tv,
635 2479 661 2546 i,
677 2477 716 2547 a).
1075 2474 1205 2544 Quartum
1221 2489 1307 2548 usque
1321 2475 1401 2533 hodie
1418 2474 1543 2531 conferre
1568 2491 1622 2531 non
1645 2485 1752 2532 cessant
1768 2476 1872 2532 miscri-

256 2570 284 2624 3.
303 2564 361 2622 Νεε
376 2571 467 2620 emes
482 2564 504 2619 si
524 2563 584 2636 quis
606 2563 761 2635 hujusmodi
776 2571 829 2630 cst,
844 2563 1022 2634 desperamus
1074 2564 1169 2622 cordia
1183 2563 1355 2636 pieni,‘quod
1369 2570 1411 2620 cst
1424 2569 1576 2618 sanctarum
1591 2563 1694 2620 tructus
1708 2565 1871 2623 orationum.

219 2653 254 2709 de
271 2668 316 2724 co,
337 2659 442 2708 tautum
457 2659 486 2708 ut
502 2668 645 2726 resurgere
664 2651 730 2711 velit
745 2652 807 2708 cito.
825 2651 933 2721 Quanto
948 2651 1021 2707 eninr
1075 2653 1204 2723 Quamvis
1219 2662 1247 2708 ct
1260 2653 1289 2707 in
1303 2653 1362 2724 ipsa
1377 2667 1471 2708 eorum
1487 2653 1541 2709 vita
1561 2653 1648 2708 adbuc
1663 2653 1786 2710 invenias
1800 2654 1872 2726 quod

219 2742 324 2798 diutius
347 2741 530 2814 permanebit,
554 2749 629 2799 tanto
650 2743 749 2798 evadet
762 2740 907 2797 difficilius.
923 2740 1022 2796 Beatus
1075 2757 1250 2812 annumeres,
1266 2740 1390 2797 fiduciam
1404 2741 1520 2812 scilicet,
1540 2757 1622 2814 quam
1636 2743 1716 2799 nobis
1729 2743 1873 2802 miraculo·

217 2845 287 2888 vero
308 2831 356 2903 qui
380 2830 492 2900 tenebit,
517 2839 545 2887 ει
564 2830 658 2887 allidet
676 2830 802 2902 parvulos
820 2828 965 2901 Babylonis
987 2828 1021 2883 acl
1075 2847 1136 2887 rum
1170 2829 1337 2887 exhibitione
1366 2830 1552 2902 praebuerant.
1580 2832 1613 2887 lit
1640 2832 1702 2904 quis
1734 2842 1874 2890 enumeret

219 2927 328 2992 petram
344 2938 350 2976 :
365 2918 466 2975 atenim
483 2917 506 2975 si
524 2919 670 2990 creverint,
685 2918 728 2977 vix
744 2925 872 2991 poterunt
886 2917 1022 2990 superarit
1075 2933 1157 2992 quam
1181 2919 1265 2975 multa
1289 2917 1369 2975 uobis
1386 2934 1435 2989 per
1453 2934 1501 2974 eos
1515 2918 1648 2976 beneficia
1661 2923 1873 2992 provenerunt?

220 3006 320 3074 Filioli,
340 3007 400 3064 haec
414 3006 476 3063 dico
489 3014 584 3064 utnon
601 3008 731 3078 peccetis.
745 3007 799 3065 Sed
813 3015 841 3063 ει
850 3007 871 3062 εἰ
886 3007 946 3079 quis
959 3021 1022 3078 peo-
1075 3009 1148 3064 Βειιε
1171 3023 1238 3081 ergo
1254 3008 1288 3063 de
1311 3007 1351 3063 eis
1371 3007 1512 3079 Scriptura
1528 3008 1649 3081 loquitur
1666 3027 1673 3063 :
1691 3009 1824 3078 Quoniam
1845 3011 1873 3067 lii

221 3097 335 3163 caverit,
355 3096 521 3168 Advocatum
537 3097 668 3153 babemus
683 3096 754 3169 apud
772 3097 892 3164 Patrem,
908 3095 954 3168 qui
971 3111 1021 3167 po-
1075 3105 1145 3154 sunt
1159 3101 1214 3154 viri
1222 3096 1436 3166 misericordiae,-
1447 3105 1474 3153 ct
1485 3097 1604 3153 addidit:
1620 3100 1741 3168 Quorum
1750 3100 1874 3174 justitie

222 3191 276 3242 test
299 3185 372 3259 quod
387 3201 438 3243 nos
457 3185 567 3242 minime
582 3201 748 3258 possumus:
767 3191 871 3242 tantum
886 3185 932 3257 qui
946 3183 1021 3240 occi-
1039 3149 1061 3229 Β
1077 3186 1242 3244 obliuionem
1260 3197 1318 3242 non
1329 3187 1500 3257 'occeperunt
1519 3184 1616 3255 (Secti.
1633 3187 1721 3260 xciv).

222 3275 274 3340 dit,
290 3290 345 3332 nou
363 3275 472 3346 adjiciat
485 3274 514 3330 in
528 3276 627 3330 malurn
640 3283 670 3331 ut
684 3275 845 3347 profundius
862 3273 961 3339 cadiat,
972 3274 1021 3330 sed
1085 3293 1086 3300 ¹
1115 3280 1140 3332 t.
1155 3275 1202 3331 Vis
1215 3282 1244 3331 ut
1258 3289 1310 3331 nec
1329 3281 1374 3330 tua
1394 3273 1508 3344 accipiat
1532 3275 1719 3331 oblivioncmt
1740 3276 1873 3348 atriplici

223 3364 310 3436 magis
324 3370 354 3420 ut
369 3371 504 3438 resurgat,
524 3363 665 3420 confidens
680 3364 751 3436 quod
767 3379 819 3420 nec
836 3363 861 3420 si
876 3361 1022 3438 negabitur
1075 3379 1141 3422 cave
1149 3362 1269 3436 periculo
1281 3379 1288 3417 :
1299 3367 1329 3418 et
1342 3362 1449 3417 ilorebit
1462 3360 1490 3417 ln
1502 3369 1631 3418 aeternam
1647 3365 1870 3421 anteliominum.

222 3453 315 3520 venia,
329 3453 351 3509 si
366 3459 456 3510 ιειιιειι
472 3469 505 3510 cx
524 3452 606 3509 corde
621 3451 783 3510 confiteatur
792 3459 904 3525 peccata
922 3467 980 3508 sua.
993 3450 1020 3508 Si
1074 3451 1236 3524 Legisenim
1249 3469 1255 3506 ε
1270 3452 1340 3520 Quia
1350 3449 1691 3524 tepiduaes,incipiemtc
1705 3469 1828 3511 emouere
1838 3472 1874 3512 ecc

223 3541 295 3598 enim
311 3542 344 3609 is,
359 3543 393 3598 de
409 3558 463 3616 quo
483 3541 627 3614 loquimur,
645 3542 740 3597 Petrus
759 3547 821 3612 post
835 3548 890 3596 tam
908 3556 1019 3615 gravem
1073 3557 1188 3600 oremeo
1202 3541 1297 3614 (Apoc.
1312 3553 1354 3602 itt.
1371 3538 1435 3612 io);
1452 3539 1537 3610 legis:
1550 3541 1580 3598 a·
1589 3542 1726 3599 auerterit
1741 3543 1873 3616 sejustus

223 3629 330 3702 lapsum
352 3631 386 3686 ad
413 3636 514 3686 tautam
542 3628 621 3685 rediit
648 3628 823 3686 eminentiam
851 3629 1018 3698 sanctitatis;
1072 3631 1222 3703 ajuatitia
1234 3645 1298 3694 auo,
1318 3639 1384 3696 cta,
1399 3632 1528 3687 mucium
1541 3630 1726 3702 justitiarum
1742 3633 1803 3704 ejus
1817 3648 1874 3690 non

223 3717 329 3791 quiade
344 3723 445 3774 cetero
459 3719 595 3791 desperet,
615 3717 639 3774 si
651 3724 756 3774 tantum
767 3717 861 3790 egredi
874 3717 1021 3774 voluerita
1073 3722 1237 3778 recordabor
1258 3720 1367 3789 (Eteri.
1383 3733 1467 3790 xvnr,
1488 3721 1547 3790 tib
1563 3719 1633 3795 legis
1653 3720 1814 3794 quibusdam
1828 3720 1872 3776 di-

221 3806 369 3879 peccatisi
382 3806 501 3863 Attende
516 3807 590 3878 quod
604 3806 733 3878 scriptum
749 3813 790 3863 εει
805 3825 812 3862 :
828 3809 960 3880 Egressus
974 3808 1021 3880 fo-
1075 3809 1190 3865 cendum
1204 3808 1233 3864 in
1246 3807 1348 3880 judicio
1363 3825 1369 3863 ι
1393 3809 1452 3864 Non
1465 3810 1532 3868 noui
1547 3825 1592 3866 oca
1607 3809 1720 3882 (licitis.
1741 3811 1790 3876 vu',
1811 3811 1871 3882 23);

223 3894 1022 3968 ros.{levitumurc(liuttlt.xnvr,it).1negressuoou-
1073 3896 1127 3953 illis
1147 3897 1205 3953 sine
1232 3897 1325 3967 dubio,
1351 3895 1397 3968 qui
1419 3903 1583 3966 receperunt
1605 3898 1761 3953 mercedem
1784 3913 1871 3953 suam.

223 3983 371 4041 sessionem
382 3983 448 4050 oris,
463 3983 491 4038 in
506 3999 598 4040 amaro
608 3983 919 4056 iletucompunctioncm
934 3984 1023 4041 cordis
1075 3987 1149 4059 Ergo
1168 3987 1256 4043 omnis
1269 3986 1371 4056 justitia
1383 3984 1485 4056 tepida,
1503 3985 1590 4040 omnis
1604 3986 1767 4055 transitoria,
1785 3986 1874 4042 omnis

224 4073 356 4146 intellige.
380 4073 415 4130 iit
431 4072 552 4140 attende,
566 4073 638 4144 quod
654 4079 719 4128 tunc
733 4073 849 4144 primum
864 4074 1023 4131 recordatus
1075 4076 1195 4143 vendita,
1211 4075 1263 4131 erit
1276 4077 1303 4130 in
1318 4075 1454 4130 oblivione
1478 4089 1570 4131 coram
1584 4076 1654 4132 Deo.
1677 4073 1732 4131 Sed
1756 4089 1812 4130 uon
1835 4075 1874 4131 ita

225 4169 267 4220 est
276 4162 352 4220 verbi
362 4162 435 4236 quod
450 4161 642 4220 dixeratlesus
657 4181 663 4217 ι
676 4169 740 4217 tunc
753 4163 871 4233 primum
885 4162 962 4219 cordi
973 4161 1024 4219 luit
1077 4164 1259 4237 apostolorum
1272 4163 1392 4235 justitiae.
1403 4163 1482 4234 Quod
1494 4169 1572 4220 cx‘co
1586 4164 1651 4219 satis
1661 4169 1785 4236 apparet,
1800 4165 1873 4237 quod

225 4252 348 4324 verbum,
358 4268 409 4324 pro
423 4251 553 4325 predicta
564 4251 652 4306 iuerat
663 4251 723 4322 ejus
734 4250 1023 4318 infirmitascumeva·
1076 4254 1221 4326 sequitur:
1241 4254 1311 4312 Cum
1327 4256 1538 4312 reminiscerent
1547 4253 1806 4326 peranoitcatbono.
1817 4255 1874 4310 iia-

226 4340 285 4398 nuit
298 4349 462 4414 presumpta
477 4341 627 4398 temeritas.
643 4341 691 4397 Vae
706 4339 765 4412 tibi,
782 4339 827 4413 qui
839 4347 900 4410 post
918 4341 1023 4413 lapsum
1077 4353 1144 4399 nent
1170 4342 1243 4399 caim
1267 4359 1354 4416 usque
1369 4342 1451 4399 hodie
1472 4342 1513 4398 in'
1526 4343 1604 4398 nobis
1626 4343 1811 4415 apostolorum
1824 4359 1874 4400 ve·

225 4429 364 4487 fortiorem
376 4437 401 4486 tc
416 4430 494 4487 nobis
508 4430 632 4486 exhibes.
645 4429 746 4502 thuid
762 4437 815 4486 ιειιι
829 4429 931 4503 rigidus
946 4443 980 4485 ‘es
993 4429 1021 4482 in
1077 4431 1176 4506 stigia3
1193 4439 1222 4488 et
1235 4446 1329 4487 eorum
1343 4431 1450 4510 religio,
1466 4431 1528 4505 quia
1538 4447 1571 4488 ex
1585 4431 1644 4488 Deo
1655 4441 1704 4500 est,
1717 4447 1771 4488 non
1786 4436 1876 4505 potest

227 4527 299 4578 tuam
318 4519 405 4592 ipsius
421 4519 598 4593 perniciem?
618 4519 753 4576 inclinare
767 4518 866 4589 potius,
882 4524 912 4574 ut
925 4517 1023 4573 melius
1078 4520 1198 4578 dissolvi.
1213 4521 1313 4578 Vestes
1327 4520 1465 4576 israelitici
1490 4519 1582 4593 populi
1596 4521 1774 4593 quadraginta
1796 4520 1875 4578 annis

225 4609 351 4682 erigaris,
365 4616 394 4666 et
408 4625 444 4665 ne
457 4607 605 4680 prohibeas
621 4608 708 4678 irangi
723 4607 797 4679 quod
813 4606 956 4662 distortum
970 4613 1022 4675 ost,
1077 4611 1105 4666 in
1120 4610 1229 4666 deserto
1248 4616 1495 4682 perseveraverunt
1508 4609 1622 4683 integrae
1637 4609 1728 4682 (ucat.
1750 4625 1808 4680 viu,
1825 4611 1873 4682 t);

224 4707 256 4756 ut
268 4697 355 4770 possit
368 4697 464 4754 mebus
478 4697 602 4754 solidari.
618 4696 689 4766 Quid
705 4694 854 4770 indignaris
872 4691 1025 4767 increpanti
1078 4698 1162 4755 multo
1183 4697 1271 4772 magis
1293 4699 1478 4770 apostolorum
1500 4707 1590 4756 vestes
1618 4713 1701 4770 super
1722 4700 1875 4772 jumentum

224 4786 322 4860 galloi
337 4786 384 4842 tibi
398 4787 486 4860 potius
506 4785 658 4858 indignare.
678 4786 806 4845 Plocium
819 4787 1024 4855 voluntariam,
1079 4787 1226 4845 Salvatoris
1247 4786 1392 4858 impositae.
1422 4790 1491 4845 Cum
1509 4790 1624 4860 semine,
1647 4787 1744 4860 inquit,
1764 4803 1875 4848 corona.

226 4877 263 4932 ait
276 4876 429 4942 Psalmista,
447 4875 612 4950 segregabat,
632 4879 713 4944 ocor,
736 4874 897 4932 hereditati
912 4879 980 4944 tue,
998 4880 1025 4935 ct
1078 4877 1159 4948 Quod
1173 4885 1214 4933 est
1228 4891 1333 4941 semen,
1354 4874 1416 4948 quia
1435 4885 1544 4932 secutus
1557 4877 1681 4953 adjungit
1697 4891 1703 4934 :
1720 4879 1875 4938 lioercditoa

224 4967 375 5037 infirmato
389 4970 440 5023 cst.
456 4964 529 5021 Bnna
543 4963 696 5032 infirmitas,
712 4979 773 5036 quae
791 4971 953 5038 segregatur
965 4967 1024 5022 bae·
1078 4971 1299 5038 sonctunepotca
1308 4963 1429 5022 coram?
1440 4964 1514 5019 idem
1525 4963 1647 5036 proiecto
1658 4975 1685 5023 ει
1694 4981 1789 5024 εειιιειι
1801 4975 1874 5035 ειιιιι,

222 5055 343 5125 reditati,
354 5070 415 5127 qua
431 5055 566 5111 medicum
581 5069 636 5112 non
651 5053 769 5126 repellit.
784 5053 926 5132 induratos
940 5055 1024 5125 enim,
1079 5063 1107 5112 ει
1124 5062 1248 5126 nepotes.
1270 5051 1431 5110 bicministis
1449 5053 1532 5109 credo
1554 5071 1560 5111 :
1581 5055 1728 5113 scientibus
1747 5058 1819 5113 enim
1833 5058 1874 5112 le-

225 5153 353 5219 taoquam
384 5157 434 5202 vas
456 5142 530 5218 figuli
557 5144 586 5199 in
614 5142 691 5216 virga
718 5142 808 5200 terrea
834 5150 958 5200 conteret
973 5161 981 5200 a
997 5152 1023 5202 et
1078 5159 1141 5218 gem
1160 5143 1278 5217 loquor:
1300 5141 1471 5211 meministis,
1490 5141 1611 5215 inquam,
1635 5145 1731 5221 legalis
1745 5144 1874 5214 mandati,

217 5233 372 5293 beneditus
390 5234 540 5305 infirmoto
554 5236 606 5302 eat,
618 5233 665 5301 ait,
683 5236 716 5289 tu
727 5248 788 5293 uero
801 5233 947 5306 perfecisti
961 5247 1024 5291 eum
1077 5242 1107 5291 ut
1133 5233 1245 5290 suscitet
1264 5231 1349 5290 irater
1369 5238 1508 5305 superstes
1531 5248 1627 5290 semen
1650 5233 1727 5290 iratri
1745 5232 1875 5290 defuncto

224 5324 313 5396 (Paul.
330 5338 417 5392 nxvtt,
435 5322 490 5396 to).
1078 5323 1137 5379 sine
1157 5321 1262 5378 semine
1279 5323 1359 5394 (Gen.
1376 5335 1500 5388 xxxviii,
1517 5325 1548 5390 83
1564 5325 1645 5380 Dect.
1662 5317 1732 5387 xxv,
1752 5321 1790 5394 5).
1809 5321 1875 5392 Quis

261 5415 287 5469 ι.
308 5411 429 5469 Audistis
450 5417 524 5468 certe
548 5427 628 5484 quam
652 5410 864 5468 misericordiam
887 5413 1023 5469 consecuti
1077 5411 1138 5468 sine
1151 5409 1490 5484 semineiSiapuloritcr,
1507 5410 1555 5477 ait,
1566 5427 1629 5469 aum
1640 5409 1778 5484 epodouec
1786 5415 1877 5469 trans-

223 5501 280 5560 siut
303 5501 417 5576 apostoli
436 5501 534 5573 nostri,
557 5509 587 5558 ut
606 5503 662 5574 jam
686 5515 766 5558 nemo
789 5516 823 5559 ex
849 5500 926 5558 vobis
941 5517 1024 5576 super
1077 5517 1140 5558 com
1171 5500 1260 5574 (Paci.
1285 5515 1349 5568 nnc,
1369 5500 1423 5574 it).
1452 5499 1573 5572 ideoque
1600 5515 1765 5577 resurgens:
1794 5501 1874 5568 Vade,

226 5591 345 5665 peccatis
360 5590 504 5666 pueritia
517 5591 588 5649 ultra
602 5607 682 5665 quam
693 5607 806 5649 necasse
820 5591 856 5648 sit
873 5591 1023 5650 conlauda·
1078 5590 1176 5664 inquit,
1188 5591 1381 5664 dictionibus
1390 5589 1628 5663 maiomam,
1641 5591 1870 5664 inimicicia:

226 5689 281 5752 tur,
305 5682 334 5745 iu
356 5681 438 5744 oabili
457 5680 631 5742 mnsoieutiae
660 5697 716 5739 sae
743 5687 930 5755 compunctus.
952 5681 1023 5753 Quid
1076 5681 1185 5739 Fratres
1199 5689 1272 5751 sunt,
1293 5679 1391 5739 isaiam
1404 5679 1479 5754 quod
1494 5677 1605 5738 batres.
1627 5675 1702 5756 lingo
1723 5681 1874 5755 peruran-
