4052 6340
317 315 388 370 ttae
549 308 576 364 S.
600 302 780 361 satutant
800 298 944 360 luterus
962 291 1294 356 mium-vauterius
1313 292 1495 352 SERMONES
1510 292 1547 350 ut
1566 291 1726 351 caputet.
1867 319 1923 374 pipp

561 427 675 485 sunno
707 425 859 482 uxxxvl.
1123 420 1308 513 pirnstretur
1321 416 1460 475 ellectum.
1481 416 1536 474 Sed
1555 416 1665 488 doceris
1682 416 1840 486 nihilominus
1864 451 1925 496 vere

316 522 467 582 Decaatela
477 524 504 576 et
513 516 683 575 vescendus
692 531 801 586 sponse
809 510 962 586 querentis
978 511 1107 580 Verbum·
1161 508 1286 564 cundiam
1310 505 1443 562 sententia
1466 505 1527 560 hac.
1552 503 1623 574 Quid
1645 511 1699 560 um
1719 513 1842 580 preprium
1858 539 1924 580 We·

454 595 483 646 ssi
492 590 524 648 αθ
531 586 773 645 ⁶0mm0'2d‘122'0'20
782 582 965 642 ”mundiff-
1160 597 1277 668 cundiae,
1291 613 1373 668 quam
1387 594 1510 667 proprias
1527 593 1613 650 vitare
1627 591 1732 660 laudes,
1746 596 1823 659 mure
1839 607 1926 676 potan-

350 685 376 735 ¹·
391 679 452 735 N⁰¹¹
466 683 508 734 0⁵²
526 676 686 748 <lu⁰d³¹¹¹⁰
712 674 767 743 itm
782 681 926 744 quaeratur,
942 685 990 725 ⁰1¹?
1004 677 1108 742 ‘lumi
1160 685 1248 741 tiam?
1271 687 1349 740 Patet
1372 685 1444 756 quod
1475 683 1616 755 signanter
1640 689 1670 738 et
1697 682 1732 738 ad
1769 701 1927 760 verecundiae
1979 687 1981 692 ’

314 768 406 826 &nimii
415 767 534 824 verbum
546 781 553 820 :
564 763 630 820 siliis
638 777 774 834 Sllpel'qlle
785 760 812 814 id
826 759 981 815 intimatum
993 755 1105 815 ¹5⁸⁷
1161 771 1300 829 ommibus
1317 780 1412 843 petere
1426 779 1561 827 georgium
1576 768 1703 826 indixerit
1718 773 1819 841 pudppjp
1832 779 1890 841 filius
1905 801 1927 846 ep

312 873 404 929 supra.
421 858 491 927 Age,
507 849 817 925 prosequamurreliqua
833 846 976 920 presentis
986 845 1106 918 capituli,
1161 858 1287 931 magister
1310 857 1404 930 letter,
1430 856 1574 929 ministeri.
1609 854 1681 926 Quid
1705 864 1757 913 mm
1783 861 1927 940 indecorum,

312 945 440 1001 duntaxat
454 958 515 1015 quae
534 942 568 998 ad
582 955 672 996 mores
686 943 819 1010 spectant.
837 936 885 992 Ubi
895 935 1015 1008 primam
1036 950 1108 992 nuno
1159 945 1276 1002 maxime
1298 943 1474 1014 adolescenti,
1503 960 1584 1017 quam
1619 945 1763 1002 ostentatio
1784 956 1930 1016 sapeuapsp

311 1031 423 1090 adverte
438 1046 545 1104 sponsae
558 1027 760 1096 verecundiam,
781 1041 834 1097 qne
856 1023 947 1080 nescio
969 1040 1004 1080 an
1025 1023 1105 1096 quid·
1160 1034 1227 1091 Cum
1246 1039 1338 1089 tamen
1351 1031 1385 1089 ab
1408 1033 1458 1088 hac
1482 1030 1653 1104 potissimum
1677 1039 1753 1089 aetate
1774 1041 1859 1110 aptum
1878 1063 1930 1118 pre-

312 1136 393 1193 quam
413 1118 517 1193 gratius
531 1118 634 1174 adverti
658 1114 687 1171 in
709 1113 829 1171 moribus
851 1112 987 1170 hominum
1012 1121 1103 1183 queat.
1159 1122 1230 1180 tecto
1266 1121 1389 1192 capiatur
1419 1127 1679 1192 temporaneumque
1712 1121 1841 1196 religionis
1867 1148 1931 1190 erar.

310 1209 387 1266 Hane
402 1208 488 1281 primo
502 1205 621 1263 omnium
634 1204 701 1261 libet
714 1203 831 1275 quodam
845 1202 927 1258 modo
940 1201 968 1256 in
983 1199 1106 1256 meamus
1158 1209 1242 1278 dium,
1257 1208 1514 1266 separabamus:
1527 1209 1636 1266 ponam
1646 1213 1688 1267 aaa
1700 1209 1811 1280 bamini,
1821 1217 1845 1272 ,p
1853 1227 1930 1290 pom

310 1311 429 1367 sumere,
449 1303 477 1352 et
498 1293 576 1368 quasi
599 1292 752 1364 speciosum
775 1291 920 1364 quemdam
943 1289 1037 1346 liorem
1055 1287 1106 1343 de·
1158 1301 1339 1372 pertajppam
1351 1297 1387 1356 aa
1400 1296 1592 1354 magmate,
1610 1313 1663 1354 aaa
1689 1296 1799 1368 (ptam,
1827 1318 1863 1371 m,
1885 1311 1930 1380 ῃ),

308 1400 423 1457 Vellere
451 1382 522 1452 ¹0⁰⁰,
551 1381 692 1453 n⁰Sititlue
713 1393 851 1450 timete
874 1375 1103 1434 adolescentibus.
1158 1387 1232 1443 Bona
1248 1385 1448 1444 commendatio
1463 1390 1597 1442 secuturae
1610 1383 1750 1454 orationis,
1765 1385 1787 1441 si
1804 1393 1929 1460 paratu„

308 1475 371 1531 Non
385 1472 449 1546 quia
465 1486 521 1529 nen
535 1470 569 1525 sit
581 1476 609 1525 et
623 1469 652 1524 in
665 1465 830 1541 provectiori
839 1471 918 1522 aetate
928 1465 1001 1521 omni
1015 1465 1105 1522 studio
1161 1473 1273 1533 1568
1292 1473 1495 1539 verecundiam,
1509 1472 1621 1530 dicens:
1646 1472 1865 1536 Adulescentulus
1880 1499 1930 1543 aaa

310 1560 460 1630 retinenda,
476 1575 537 1632 quae
550 1563 592 1614 est
606 1563 681 1614 certe
694 1554 815 1612 omnium
839 1562 951 1610 ornatus
974 1561 1101 1626 aetatum3
1158 1579 1205 1637 ⁶9⁰
1225 1570 1252 1621 et
1277 1565 1466 1636 consaeptus,
1484 1561 1706 1634 justificationes
1734 1566 1796 1621 tuat
1813 1583 1864 1626 rtea
1881 1587 1928 1630 aaa

308 1650 357 1709 sed
379 1650 452 1723 quod
480 1656 583 1706 tenerae
609 1647 697 1718 gretia
723 1644 894 1704 verecundiae
922 1644 950 1700 in
976 1643 1104 1701 teneriori
1158 1651 1359 1724 oblitaa(Psat.
1374 1665 1474 1716 oxvur,
1491 1649 1565 1722 ttt).

307 1747 387 1798 etate
401 1736 529 1812 amplius,
543 1735 734 1808 pulchriusque
749 1733 860 1790 eniteat.
878 1731 948 1802 Quid
962 1733 1104 1788 amabilius
1120 1737 1142 1816 fl
1194 1743 1221 1796 3.
1244 1740 1302 1796 Nee
1324 1739 1406 1796 modo
1433 1736 1533 1805 locum,
1559 1737 1608 1792 sed
1632 1745 1660 1794 et
1683 1744 1790 1808 tempus
1809 1741 1929 1802 obeam

311 1827 461 1888 verecundo
479 1824 678 1882 adolescente?
692 1821 976 1895 Quampulchrahaee,
987 1828 1104 1893 atquem
1159 1835 1268 1899 oportet
1282 1843 1356 1894 eum,
1372 1825 1419 1899 qui
1433 1825 1484 1882 sibi
1495 1841 1574 1892 orare
1592 1825 1719 1900 voluerit.
1734 1825 1847 1900 Tempus
1866 1829 1927 1888 [aaa.

322 1915 451 1988 plendida
463 1928 572 1986 gemma
589 1927 695 1968 morurn
709 1912 737 1966 in
753 1911 807 1966 vita
821 1916 849 1966 et
858 1909 931 1965 vultu
945 1909 1105 1965 adolescen-
1160 1925 1215 1974 aum
1239 1915 1406 1972 commodius
1433 1915 1595 1986 aptiusque;
1625 1913 1745 1970 maxime
1779 1923 1862 1974 aptam
1885 1936 1929 1977 pm

310 2003 359 2060 tisl
377 2017 458 2076 quam
473 2019 539 2060 vora
552 2011 580 2058 et
594 2001 704 2056 minime
718 1999 800 2055 dubia
814 1999 893 2055 bonae
915 1997 1011 2053 nuntia
1035 1996 1104 2068 spei,
1159 2005 1324 2076 profundunt
1336 2010 1486 2060 nocturnus
1505 2017 1590 2074 sopor
1604 2001 1698 2075 indicit
1721 2001 1860 2072 silentium,
1884 2019 1928 2065 tune

310 2095 389 2151 bonae
404 2091 502 2149 indolis
519 2087 615 2146 indexl
630 2089 714 2160 Virga
728 2086 878 2161 disciplinae
902 2095 944 2142 est
968 2085 1015 2154 illi,
1045 2103 1105 2158 quae
1159 2094 1239 2166 plana
1255 2093 1367 2150 liberior
1393 2091 1448 2148 exit
1463 2091 1610 2164 puriorque
1632 2091 1729 2148 oratio.
1761 2092 1887 2166 doasarpe
1909 2101 1928 2153 bt

307 2181 441 2256 pudendis
454 2179 597 2236 aflectibus
611 2177 765 2244 imminens,
779 2178 890 2233 lubricae
904 2175 992 2233 aetatis
1005 2183 1105 2248 motus,
1159 2187 1250 2249 necte,
1267 2182 1363 2255 inquit,
1380 2184 1411 2238 ιη
1428 2181 1572 2254 principle
1600 2180 1765 2252 eigilierum
1781 2183 1893 2250 tuarum,
1910 2193 1927 2243 a

308 2282 439 2344 actusque
450 2271 525 2327 leves
538 2274 674 2334 curerceat,
690 2267 850 2339 comprimat
864 2266 1021 2322 insolentes.
1033 2264 1105 2334 Quid
1159 2272 1276 2342 effunde
1285 2271 1468 2343 shetopenm
1479 2284 1527 2326 cor
1537 2272 1620 2324 tcum
1631 2271 1700 2325 ente
1709 2275 1880 2342 compactam
1890 2273 1929 2332 lte-

303 2361 345 2416 ita
361 2358 526 2431 turpiloquii,
544 2364 572 2413 et
588 2355 679 2412 omnis
692 2355 822 2425 deinceps
836 2353 1009 2425 turpitudinis
1031 2350 1104 2428 fugi·
1158 2359 1231 2417 anim
1241 2361 1293 2416 Dei
1307 2358 1350 2415 itti
1365 2359 1480 2428 (Three.
1497 2372 1526 2428 u,
1538 2353 1785 2427 lllJQuamseeura
1794 2359 1929 2415 aseenditdp

308 2449 391 2506 taust
405 2449 488 2505 Soror
519 2444 694 2504 continentia
713 2451 764 2500 est.
788 2443 895 2499 Nullum
918 2457 996 2514 aeque
1018 2440 1105 2496 moni·
1159 2455 1239 2503 necte
1253 2447 1350 2514 oratio,
1376 2445 1435 2502 sole
1459 2444 1561 2502 arbitro
1584 2444 1652 2511 Deo,
1677 2451 1824 2517 sanetmue
1844 2447 1929 2522 mpetu,

307 2537 407 2594 lestum
430 2535 558 2592 indicium
582 2532 744 2591 columbine
766 2531 968 2604 simplicitatis:
996 2537 1024 2586 et
1041 2531 1105 2588 ideo
1158 2537 1204 2609 qui
1223 2535 1296 2592 illam
1320 2547 1439 2606 snpemo
1471 2532 1549 2589 altari
1576 2532 1688 2605 suscipit
1719 2535 1928 2604 praesentandanl

307 2625 389 2684 etiam
403 2625 479 2682 testis
493 2624 666 2682 innocentie.
689 2623 804 2692 Lampas
831 2627 873 2676 est
888 2619 992 2691 pudicae
1005 2619 1105 2676 mentis
1159 2625 1218 2695 Qua
1233 2629 1311 2696 grata
1335 2630 1362 2678 et
1385 2621 1485 2694 lucida,
1508 2620 1664 2678 verecundo
1687 2619 1808 2678 colorata
1830 2623 1929 2679 roboret

303 2715 405 2788 jugiter
418 2714 512 2770 lucens
538 2720 567 2768 ut
577 2711 643 2767 nihil
656 2711 684 2765 in
699 2726 731 2767 ea
746 2716 823 2782 turpe
841 2709 885 2767 vel
893 2709 1051 2766 indecorum
1061 2724 1105 2764 re-
1158 2714 1245 2784 Quam
1259 2727 1357 2768 serena
1371 2719 1399 2767 et
1413 2709 1528 2783 placida,
1550 2709 1625 2766 nullo
1638 2709 1816 2765 interturbata
1836 2710 1930 2768 elanus

260 2791 266 2804 ⁸
305 2803 395 2859 sidere
409 2807 534 2868 attentet,
548 2799 622 2873 quod
636 2814 690 2856 non
703 2797 748 2854 illa
769 2797 839 2855 illico
862 2796 967 2870 prodat.
991 2796 1032 2852 lta
1055 2811 1104 2852 eu·
1157 2801 1201 2860 vel
1214 2801 1353 2872 strepitui
1377 2800 1466 2870 Quam
1480 2797 1598 2872 denique
1621 2799 1816 2870 mundantque
1837 2799 1928 2861 dusera

305 2891 432 2963 l>¹¹¹1⁰²rix
450 2888 593 2956 mimium,
618 2896 646 2946 0²
665 2884 860 2959 PP⁰P¹18¹¹³V11
878 2885 1003 2957 paritatis
1024 2884 1102 2939 inut-
1158 2890 1231 2946 nullo
1246 2905 1372 2960 resparsa
1384 2886 1496 2960 pulvere
1519 2893 1636 2944 terrenas
1663 2885 1856 2952 sollicitudinis,
1878 2889 1931 2942 nub

307 2985 352 3043 tae,
367 2975 491 3048 specialis
506 2973 593 3046 gloria
616 2973 790 3030 conscientiae
812 2979 864 3041 est,
893 2971 972 3027 lemae
998 2979 1102 3036 custos,
1156 2977 1311 3051 aspicientis
1332 2977 1412 3033 laude
1433 2991 1485 3032 eeu
1511 2975 1668 3032 adulatione
1695 2975 1812 3032 tenuta!
1841 2977 1931 3045 Propter

306 3064 370 3121 vitae
381 3063 474 3126 decus,
498 3061 604 3118 virtutis
614 3060 705 3128 sedes,
716 3061 844 3118 virtutum
854 3058 989 3132 primitie,
999 3066 1103 3114 naturae
1159 3069 1211 3124 boe
1224 3080 1403 3138 erppsponea
1417 3080 1473 3121 non
1487 3062 1576 3120 minua
1589 3058 1755 3134 verecunde,
1772 3077 1850 3136 pam
1863 3075 1932 3126 mute,
1980 3061 1981 3103 t

306 3152 374 3221 laus,
390 3157 418 3208 et
432 3150 539 3220 insigne
554 3148 636 3204 totins
647 3149 764 3204 honesti.
778 3149 870 3206 Rubor
884 3149 944 3220 ipse
958 3163 1101 3220 genarum,
1158 3163 1186 3212 et
1201 3155 1292 3211 lectuli
1305 3159 1443 3210 secretum
1458 3152 1570 3225 petebat
1585 3161 1613 3210 et
1628 3152 1722 3222 nentia
1739 3167 1828 3220 orate,
1843 3153 1891 3208 hoc
1904 3165 1932 3208 est

307 3255 388 3314 quern
403 3237 472 3295 lente
483 3235 621 3294 invexerit
635 3237 733 3309 pudor,
756 3245 886 3310 quantum
901 3237 998 3310 gratiae
1009 3245 1037 3293 et
1050 3237 1101 3293 de·
1157 3243 1276 3302 Verbum
1291 3257 1416 3315 qnaerere
1433 3239 1538 3298 volens.
1554 3242 1641 3298 Unum
1656 3247 1698 3297 est
1720 3240 1802 3298 enim.
1830 3241 1933 3312 Alioquin

306 3327 377 3384 coris
391 3323 609 3412 suslnsoxesierre
624 3324 709 3382 vultui
720 3323 815 3381 soleat
1158 3347 1213 3390 non
1226 3337 1301 3387 recte
1321 3345 1395 3396 oras,
1415 3329 1439 3385 si
1463 3329 1567 3387 orando
1590 3337 1687 3400 praeter
1705 3329 1829 3386 Verbum
1857 3329 1933 3400 alipii

342 3417 434 3489 Usque
448 3415 517 3472 adeo
538 3413 686 3486 genuinum
710 3412 791 3468 animi
814 3407 915 3469 bon'um
938 3413 1102 3470 verecundia
1156 3435 1274 3494 quaeras,
1289 3425 1336 3476 aut
1348 3418 1549 3491 quodpropter
1562 3419 1681 3476 Verbum
1694 3433 1751 3474 nou
1765 3433 1935 3490 quernaque

306 3513 358 3574 est,
373 3513 404 3562 ut
423 3514 450 3562 et
463 3504 511 3575 qai
523 3503 593 3557 male
609 3517 690 3575 agere
701 3517 756 3558 uon
766 3511 904 3566 vorentur,
915 3501 1002 3558 videri
1013 3509 1102 3558 temen
1156 3510 1228 3565 niam
1243 3510 1270 3564 in
1284 3508 1344 3578 ipse
1358 3515 1422 3562 sunt
1436 3506 1537 3562 omnia.
1549 3505 1589 3562 lbi
1609 3505 1732 3562 remedia
1750 3505 1898 3570 vulnerum,
1905 3505 1935 3558 ibi

310 3593 539 3656 verecundemur·
556 3591 665 3646 dicente
679 3589 794 3645 D⁰mi¹¹⁰
810 3605 816 3643 :
848 3589 944 3645 Omnia
954 3591 1002 3659 qui
1028 3589 1103 3644 maie
1158 3596 1280 3654 subsidia
1295 3595 1496 3662 necessitatum,
1510 3594 1548 3649 ibi
1564 3594 1712 3650 resarcitus
1737 3591 1895 3660 defectuum,
1908 3592 1934 3646 ibi

307 3681 378 3751 apii,
394 3678 453 3735 odii
465 3679 555 3734 lucem
565 3677 656 3747 (loatt.
668 3690 709 3743 lll,
721 3678 775 3744 20).
785 3671 838 3730 Sed
849 3681 876 3729 ei
885 3677 933 3746 qui
942 3675 1101 3744 wentani,
1156 3684 1330 3758 profectuum
1351 3683 1447 3756 copiae,
1461 3683 1498 3738 ibi
1512 3683 1630 3754 denique
1658 3681 1796 3756 quidquid
1835 3681 1937 3752 accipere

307 3771 388 3826 nocte
401 3767 566 3834 dermieet‚·
581 3770 608 3822 et
627 3766 756 3838 qaiehrit'
769 3767 848 3830 sent,
865 3763 1102 3821 rwcteebriisent
1156 3773 1200 3830 vel
1233 3773 1333 3830 babere
1360 3771 1513 3828 hominibus
1536 3769 1656 3841 expedia,
1695 3769 1828 3842 quidquid
1866 3769 1934 3832 tepet

306 3855 332 3926 (Ι
353 3854 440 3912 Thett-
467 3869 498 3920 Vs
520 3853 574 3924 7)2
595 3867 679 3923 ⁰l10r8
706 3851 831 3906 '11¹⁰in
860 3854 1043 3919 tenebratum,
1075 3861 1103 3908 et
1156 3860 1288 3933 quidquid
1302 3867 1420 3932 oportet.
1448 3860 1512 3916 Sine
1538 3874 1620 3916 cansa
1647 3873 1715 3931 ergo
1729 3857 1805 3914 ahud
1827 3871 1843 3910 e
1866 3857 1936 3914 Verbo

307 3942 389 4018 digm
402 3941 524 4012 latebris,
542 3942 662 3998 tenebris
672 3941 850 3998 occultantes.
865 3942 983 3998 Interest
1001 3949 1101 4010 tamen,
1157 3948 1267 4021 petitur,
1297 3965 1359 4005 epm
1373 3947 1622 4020 ipsametspmnta,
1644 3946 1712 4002 Nam
1729 3953 1759 4003 et
1778 3945 1864 4002 siba
1881 3951 1935 3998 teu·

307 4036 380 4110 qued
395 4036 500 4093 occulta
514 4037 668 4103 dedecoris,
684 4053 744 4108 quaa
759 4035 923 4094 verecundia
937 4037 1033 4092 horum
1047 4051 1102 4092 non
1158 4036 1271 4110 patalia,
1286 4053 1347 4094 cum
1362 4053 1474 4094 necesse
1489 4045 1539 4104 est,
1552 4035 1690 4107 postulare
1700 4034 1839 4102 videntur,
1852 4031 1873 4088 ai
1886 4031 1937 4088 Vae

307 4127 418 4194 habere,
434 4125 484 4182 sed
498 4125 616 4196 prodere
640 4124 787 4191 erubescit,
812 4139 920 4196 sponsae
941 4124 1103 4180 verecundia
1158 4126 1222 4182 bum
1235 4124 1265 4182 in
1283 4134 1429 4194 causaest,
1447 4134 1476 4182 ut
1489 4124 1600 4201 quidem
1608 4123 1720 4196 dignum
1731 4130 1788 4196 est,
1798 4138 1852 4180 non
1861 4119 1935 4192 ntiqm

311 4214 419 4271 omnino
430 4229 485 4270 non
498 4214 597 4284 operit,
609 4212 657 4268 sed
668 4213 784 4284 exspuit,
795 4212 844 4268 sed
854 4212 988 4284 propellit.
1001 4212 1103 4268 ideireo
1158 4214 1213 4282 illu,
1228 4215 1277 4270 sed
1297 4215 1348 4271 hoc
1371 4214 1461 4286 potius
1484 4213 1641 4286 querimus,
1669 4219 1787 4284 propter
1812 4209 1881 4284 qnod
1899 4206 1937 4262 alia

311 4303 348 4359 ait
362 4302 495 4374 Sapiens:
513 4305 561 4359 Eat
574 4300 667 4373 pedor
681 4301 821 4357 addacem
839 4305 995 4372 peecatum.
1021 4306 1103 4360 otest
1158 4301 1336 4374 postulamus,
1349 4301 1456 4358 Norunt
1478 4302 1539 4370 hoo,
1568 4301 1615 4374 qui
1633 4315 1744 4357 omnem
1758 4316 1840 4356 usum
1862 4299 1935 4352 herm

308 4389 398 4462 pudor
407 4388 548 4445 adducens
557 4389 679 4459 pieriam
688 4387 786 4458 (Eceli.
796 4401 836 4454 ιν,
847 4387 902 4456 25).
914 4385 1104 4459 Qnaeritspon·
1159 4406 1248 4448 rerum
1261 4392 1295 4447 ad
1310 4389 1520 4464 promerendum
1536 4389 1656 4446 Verbum
1673 4388 1800 4462 dirigere
1810 4399 1937 4446 musnet·

307 4493 338 4533 su
352 4477 472 4533 Verbum
485 4476 640 4533 verecunde
652 4473 774 4546 quidem,
794 4475 858 4546 quia
871 4474 899 4530 in
913 4473 1023 4546 lectulo,
1041 4477 1104 4548 quia
1158 4487 1231 4536 runt.

308 4581 358 4636 per
372 4572 480 4633 noctes3
498 4563 547 4619 sed
562 4564 620 4619 haec
635 4562 798 4620 verecundia
812 4563 895 4618 hahet
908 4563 1033 4637 gloriam,
1048 4580 1103 4621 non
1194 4570 1220 4621 b.
1236 4566 1295 4622 Non
1312 4566 1405 4640 pigent
1419 4574 1509 4622 umen
1534 4563 1650 4620 scrutari
1671 4563 1761 4620 adhue
1784 4569 1888 4618 secreto
1910 4557 1937 4612 le

308 4662 459 4723 peceatum.
475 4649 579 4720 Quaerit
592 4652 645 4708 hoc
666 4649 701 4705 ad
725 4649 939 4720 purificationem
960 4651 1102 4708 eonscien·
1157 4653 1222 4710 ctuli
1236 4656 1316 4725 hujus
1330 4663 1359 4712 et
1372 4653 1513 4726 temporis,
1528 4653 1550 4708 si
1564 4649 1637 4708 lorte
1651 4651 1679 4706 in
1699 4649 1743 4706 his
1757 4649 1862 4724 aliquid
1875 4647 1939 4702 lnett

310 4740 363 4808 tiae,
379 4739 474 4813 quaerit
489 4741 522 4794 ad
540 4739 731 4806 testimouium,
749 4745 778 4795 ut
791 4739 877 4810 possit
886 4739 976 4794 dicere
988 4760 995 4794 :
1009 4743 1103 4798 Gloria
1157 4742 1307 4814 spirituale,
1321 4741 1395 4814 quod
1406 4745 1501 4799 venire
1516 4742 1550 4796 ad
1569 4739 1689 4796 medium
1702 4738 1802 4811 prosit.
1817 4735 1884 4792 Etsi
1900 4733 1938 4806 ph

310 4847 372 4886 mea
382 4829 441 4886 hoee
452 4835 504 4898 cst,
517 4831 712 4888 testimoninm
722 4829 900 4886 concientia
909 4845 978 4886 ntem
992 4830 1029 4899 (ll
1040 4833 1101 4888 Cor.
1157 4838 1200 4886 cet
1214 4831 1315 4886 sentire
1330 4829 1420 4886 lectuli
1434 4829 1543 4903 quidem
1558 4828 1668 4885 nomine
1682 4827 1835 4883 humanam
1850 4823 1939 4898 ligarem

306 4935 327 4985 r,
339 4921 394 4990 itt.
405 4921 437 4974 ln
448 4921 552 4978 lectule
561 4935 620 4976 meo
628 4935 680 4993 per
690 4923 785 4976 aceles
794 4920 909 4991 quesivi
918 4934 999 4991 paean
1008 4918 1103 4990 diligit
1157 4918 1350 4987 infirmitatem,
1366 4917 1508 4975 nocturnis
1522 4925 1613 4974 autent
1633 4915 1756 4973 tenebris
1771 4911 1938 4988 ignorantiae

307 5009 404 5064 aalma
417 5000 590 5080 medicant.
605 5024 648 5076 ιιι,
662 5008 706 5078 l.)
716 5007 886 5063 Verecundin
902 5007 957 5073 tihi,
970 5006 992 5062 si
1006 5005 1102 5064 adver·
1156 5023 1233 5079 aeque
1249 5009 1393 5062 humanam
1406 5025 1414 5074 ;
1429 5022 1601 5078 consequens
1619 5011 1661 5062 cst
1675 5011 1703 5061 et
1713 5017 1872 5078 congruum
1879 4999 1937 5057 satu.
1976 4973 1979 5052 i

306 5097 348 5166 tis,
367 5103 396 5152 et
410 5096 469 5152 loco
488 5097 619 5169 signatur,
635 5102 663 5152 et
677 5103 810 5166 ternpore.
831 5094 902 5164 Quid
917 5103 970 5150 mm
984 5095 1100 5151 amicum
1155 5105 1184 5152 ut
1198 5093 1246 5150 Dei
1260 5096 1345 5153 virtus
1358 5106 1386 5152 et
1400 5094 1451 5151 Ilei
1466 5094 1599 5166 sapientia
1611 5092 1732 5150 Verbum
1741 5099 1843 5146 contra
1856 5099 1939 5144 uuun-

305 5187 459 5242 verecundo
474 5185 564 5241 animo
578 5201 658 5256 quam
677 5185 836 5242 secretum?
860 5188 942 5241 Porro
966 5191 1100 5241 secretum
1154 5201 1208 5257 qne
1223 5184 1354 5256 originale
1369 5185 1468 5240 malum
1483 5183 1627 5240 instantius
1659 5179 1831 5254 requiratur.
1855 5176 1939 5246 Nempe

303 5285 331 5331 et
346 5291 408 5344 nox,
433 5283 459 5332 et
484 5273 598 5331 lectulus
618 5274 710 5328 habet.
734 5273 857 5346 Denique
877 5289 956 5330 orare
978 5273 1100 5330 volentos
1154 5275 1219 5347 quid
1233 5273 1451 5340 convenientius,
1460 5287 1541 5345 quam
1557 5280 1586 5327 ut
1601 5269 1747 5326 infirmitati
1762 5267 1867 5332 virtus,
1877 5264 1939 5338 igno·

301 5366 430 5436 jubemur
444 5364 546 5419 intrare
569 5362 721 5418 cubiculum
743 5363 854 5433 (batth.
879 5379 918 5430 vr,
942 5361 981 5431 6),
1005 5361 1098 5432 utique
1153 5363 1250 5418 rantiae
1264 5361 1397 5434 sapientia
1411 5359 1585 5434 opponatur?
1608 5359 1643 5413 Et
1656 5373 1691 5413 ne
1714 5354 1781 5429 quid
1807 5350 1939 5424 simplicio·

305 5453 402 5508 secreti
425 5453 521 5523 gratia.
548 5449 575 5503 ld
592 5449 703 5521 quidem
727 5451 761 5506 ad
784 5450 926 5516 cautelam,
949 5465 984 5505 ne
1006 5464 1097 5504 coram
1152 5466 1211 5506 rum
1222 5451 1348 5506 cordibus
1357 5451 1392 5507 de
1404 5447 1687 5519 bneinterprstatione
1699 5441 1939 5500 resideatdubion.

302 5541 442 5594 oranubus
463 5543 520 5594 laus
543 5540 659 5594 lauriana
683 5538 814 5594 orationis
843 5538 946 5594 iuretur
969 5540 1093 5610 l'ruetum,
1150 5539 1260 5594 audiant
1284 5537 1350 5611 quiid
1373 5555 1456 5611 super
1476 5539 1528 5594 bc
1555 5544 1664 5592 sanetus
1696 5533 1839 5604 Propheta
1863 5529 1941 5586 dett:
