3996 6350
177 303 211 366 11
911 307 1093 371 enniano.
1793 303 1833 366 3²

177 431 381 506 quinquaginta,
396 446 464 506 quas
480 451 492 484 1
508 430 688 490 dilectissimis
703 430 831 492 iratribus
845 431 963 490 (iirardo
982 442 1010 491 et
1024 433 1141 491 llenrico
1159 455 1171 485 ι
1186 433 1362 505 nuncupavit,
1377 433 1405 488 id
1424 439 1465 490 est
1485 431 1602 488 Girardo
1616 430 1651 486 de
1667 430 1785 497 Perona,
1799 438 1834 486 et

178 521 295 579 ilenrico
310 519 438 579 Ludovici
450 519 545 578 Grossi
559 521 625 585 tilio,
639 521 758 578 iunioris
780 537 924 598 germano,
939 528 1004 578 tuuc
1028 523 1168 582 monachis
1181 523 1253 596 apud
1275 522 1496 580 clarem-Vallem
1513 540 1518 578 :
1534 535 1648 592 quorum
1663 518 1692 575 in
1709 533 1834 590 persone

178 610 259 668 etiam
274 607 416 666 nonnullas
434 607 539 666 litteras
561 609 679 683 scripsit.
696 610 771 666 Inter
784 611 843 667 illas
867 625 935 682 quas
949 611 1062 669 liualsni
1076 611 1186 669 nornine
1210 611 1370 682 composuit,
1386 609 1545 667 mendosum
1561 614 1603 665 est
1623 607 1704 664 unius
1717 607 1831 670 lemma,

178 712 275 770 nempe
287 697 412 769 epistolae
427 701 473 764 aa,
485 697 565 768 cujus
588 697 728 770 inscriptio
742 699 783 754 his
797 699 888 756 verbis
909 707 1043 773 concepta
1058 707 1101 757 est
1118 718 1123 758 :
1143 722 1155 753 ι
1172 700 1287 757 Domino
1309 707 1337 756 et
1350 698 1434 770 digne
1449 695 1600 754 reverendo
1614 695 1727 767 Hugoui
1740 696 1832 752 Turo-

177 784 254 842 nensi
269 785 476 858 archispiscopo
496 783 581 842 frater
595 786 627 842 li.
645 806 657 838 ι
672 785 725 857 Qui
740 787 841 844 lemma
854 787 976 860 epistole
1000 788 1134 860 apposuit,
1150 788 1188 845 ita
1209 787 1275 844 illud
1290 785 1463 844 concinnavit
1478 803 1485 840 :
1503 805 1515 836 ι
1531 785 1561 840 11
1577 798 1694 854 persona
1717 782 1835 842 Rivallis

177 873 276 946 prioris
288 874 324 929 ad
337 873 572 946 archiepiscopum
586 874 784 932 Turonensem.
802 893 814 926 ι
829 877 861 931 Et
875 876 994 932 loannes
1009 876 1136 932 Picardus
1151 877 1186 932 sd
1205 875 1357 947 marginem
1371 874 1496 939 1111111,
1511 870 1643 928 liirallem
1665 886 1726 928 esse
1742 870 1831 928 ebba·

177 961 241 1018 tiam
257 959 449 1018 Cisterclensis
463 961 569 1018 ordinis
581 962 609 1018 in
632 961 730 1035 buglis
745 966 774 1020 et
795 963 906 1020 dimensi
920 963 1096 1020 Eboraceusi.
1111 965 1197 1020 liecte
1217 963 1326 1035 quidem
1342 981 1348 1020 :
1365 961 1414 1018 sed
1438 960 1504 1032 quid
1522 959 1727 1031 archiepiscopo
1741 959 1830 1014 Turo-

175 1049 254 1106 nensi
269 1063 331 1107 cum
345 1049 487 1108 lileralle?
500 1052 536 1106 nt
550 1058 655 1108 certum
669 1059 711 1107 est
731 1051 873 1123 epistolam
886 1051 1014 1124 scriptam
1040 1068 1102 1109 esse
1117 1050 1228 1108 nomine
1251 1049 1366 1108 liualeni
1381 1050 1488 1121 prioris,
1505 1050 1583 1118 cujus
1608 1063 1709 1104 nomeu
1724 1046 1752 1103 in
1768 1048 1834 1118 epi-

177 1138 253 1194 stolae
267 1137 444 1210 inscriptione
461 1139 643 1207 decurtatum,
658 1139 767 1196 errandi
781 1140 954 1196 occasionem
968 1141 1072 1196 auctori
1085 1139 1225 1196 lemmatis
1244 1140 1330 1196 dedit.
1347 1139 1423 1194 ldem
1439 1146 1559 1193 erratum
1573 1136 1603 1192 in
1617 1135 1734 1208 epistola
1750 1138 1795 1191 21.

215 1224 334 1283 XLVlll.
352 1228 433 1282 Petro
458 1225 614 1284 Venerabili
625 1226 718 1283 abbati
741 1227 921 1293 cluniacensi,
937 1234 966 1283 ut
987 1229 1043 1298 jnrn
1057 1227 1184 1293 diximus,
1201 1227 1234 1282 ed
1249 1225 1362 1282 delicies
1383 1240 1470 1298 usque
1485 1225 1588 1281 amicus
1611 1231 1670 1278 erat
1688 1221 1829 1287 Nioolaus,

180 1328 263 1387 quern
278 1311 428 1372 identidem
450 1315 605 1372 bernardus
624 1315 657 1370 ad
682 1331 742 1372 eum
764 1316 895 1382 mittebat,
911 1324 941 1372 ut
963 1323 1055 1372 mutua
1075 1315 1197 1372 cordium
1210 1329 1312 1371 arcana
1334 1321 1362 1370 et
1377 1313 1512 1386 reciproci
1530 1311 1647 1369 affectus
1670 1310 1743 1382 apud
1758 1311 1832 1367 hunc

182 1409 358 1475 sequestrum
380 1403 608 1474 deponerentur:
624 1405 728 1475 quade
744 1419 774 1462 re
788 1405 906 1478 legenda
930 1405 1002 1460 Petri
1021 1402 1146 1475 epistola,
1162 1419 1223 1474 quae
1238 1409 1281 1460 est
1294 1402 1391 1459 ordine
1410 1402 1549 1460 26111111
1570 1399 1762 1458 hemardinas.
1778 1399 1835 1456 Sed

178 1488 287 1546 taudem
301 1489 412 1557 accidit,
428 1507 445 1548 o
460 1490 614 1548 mortalium
631 1490 724 1550 infelix
739 1493 859 1550 conditio
872 1495 878 1548 l
891 1501 920 1549 ut
933 1493 1058 1550 Nicolaus
1072 1491 1203 1549 Bernardi
1218 1490 1388 1563 indulgentia
1402 1498 1431 1548 et
1446 1489 1576 1546 facilitate
1590 1489 1701 1554 abusus,
1712 1485 1834 1568 sigillum

182 1579 243 1650 ejus
256 1577 285 1634 in
299 1577 385 1636 malos
399 1595 465 1636 usus
487 1579 694 1654 adulteraverit,
708 1582 818 1639 demum
831 1581 859 1637 in
874 1582 1038 1638 horrendam
1049 1581 1201 1653 prolapsus
1225 1579 1420 1644 delectionem,
1434 1593 1516 1651 quem
1539 1577 1652 1634 dubium
1666 1582 1709 1632 est
1732 1590 1768 1630 an
1781 1589 1834 1632 un-

180 1682 262 1740 quam
276 1665 350 1726 serio
373 1668 536 1726 emendarit.
551 1669 592 1726 De
616 1669 705 1742 sigillo
719 1669 813 1728 uitiato
827 1671 992 1738 liemardus,
1007 1669 1089 1726 tacito
1107 1669 1211 1726 Nicolai
1235 1668 1355 1734 nomine,
1370 1683 1432 1740 quse
1450 1664 1536 1723 sancti
1558 1665 1608 1721 uiri
1630 1664 1748 1722 charitas
1762 1668 1834 1728 erat,

181 1754 307 1828 Eugenio
320 1755 484 1830 significavit
498 1758 612 1830 epistola
627 1761 680 1814 211
696 1777 703 1816 :
722 1779 733 1811 ι
751 1757 894 1816 Periclitati
909 1773 1003 1814 sumus
1020 1758 1050 1814 iu
1074 1757 1150 1814 falsis
1164 1755 1303 1825 fratribus,
1320 1765 1348 1813 et
1362 1756 1454 1812 multae
1468 1755 1566 1810 litterae
1590 1752 1694 1810 falsatas
1715 1751 1766 1809 sub
1780 1750 1835 1808 fal-

180 1850 239 1900 sato
253 1842 343 1918 sigillo
358 1851 452 1902 nostro
468 1845 494 1902 in
510 1861 606 1903 manus
619 1847 764 1904 multorum
780 1845 920 1915 exierunt;
937 1853 975 1919 et,
991 1847 1064 1919 quod
1079 1845 1167 1918 magis
1180 1859 1290 1914 vereor,
1306 1844 1389 1901 etiarn
1408 1859 1496 1916 usque
1510 1842 1607 1899 advos
1621 1839 1835 1898 diciturfalsitas

179 1933 346 2004 pervolasse.
365 1955 376 1985 ι
393 1935 524 2006 Ejusdem
539 1935 676 1992 funestum
691 1949 783 1992 casum
798 1935 923 2008 deplorat
937 1935 965 1991 in
980 1934 1096 2008 epistola
1111 1939 1176 2000 298,
1192 1935 1226 1991 11
1246 1933 1373 1991 eumdem
1387 1931 1555 2006 Eugenium,
1566 1945 1621 1987 non
1636 1934 1692 2001 lam
1707 1928 1835 1986 dissimu-

178 2019 236 2078 lato
249 2021 333 2094 (quod
348 2022 484 2094 publicum
498 2021 601 2080 crimen
616 2023 686 2094 erat)
702 2031 823 2081 auctore.
842 2045 854 2076 ι
870 2023 998 2081 Nicolaus
1012 2023 1059 2080 ille
1073 2023 1138 2080 exiit
1152 2022 1269 2089 anobis,
1278 2021 1341 2095 quie
1356 2037 1411 2078 non
1426 2027 1485 2077 eret
1499 2037 1534 2078 en
1547 2020 1628 2076 nobis
1644 2037 1650 2076 :
1668 2018 1732 2076 exiit
1741 2028 1835 2074 autem

180 2105 253 2166 fmda
267 2119 328 2182 post
342 2127 373 2168 sc
388 2111 546 2183 relinquens
559 2111 684 2184 vestigia.
701 2112 734 2168 111
748 2127 801 2186 ego
814 2112 898 2185 longe
910 2122 974 2169 ante
990 2112 1127 2170 hominem
1141 2126 1271 2170 noveram
1288 2127 1294 2166 :
1310 2110 1358 2166 sed
1375 2109 1568 2180 exspectabam
1582 2114 1612 2165 nt
1624 2114 1671 2163 aut
1682 2107 1757 2163 Deus
1770 2121 1835 2164 eum

178 2207 364 2264 converteret,
380 2207 427 2256 aut
451 2199 537 2255 instar
558 2198 635 2256 tude
654 2199 714 2271 ipsc
738 2215 768 2256 se
792 2202 946 2272 proderet:
965 2222 976 2253 ι
1002 2200 1065 2258 vide
1087 2199 1250 2258 sanctissimi
1273 2197 1324 2257 viri
1345 2195 1626 2271 longanimitateml«
1651 2195 1724 2268 quod
1746 2203 1775 2252 et
1797 2192 1835 2249 fa-

178 2291 253 2342 ctum
267 2293 320 2343 cst.
335 2287 437 2344 Praeter
449 2287 542 2354 libms,
557 2287 687 2345 denarios
706 2296 737 2346 et
751 2303 851 2346 aureos
865 2289 974 2360 multos,
990 2289 1018 2345 iu
1033 2289 1093 2362 ipso
1106 2289 1180 2347 exitu
1194 2289 1306 2347 inventa
1321 2295 1385 2344 sunt
1398 2303 1481 2360 super
1495 2301 1558 2343 etun
1573 2284 1661 2359 sigilla
1676 2283 1737 2353 trie,
1749 2299 1834 2339 unum

179 2371 242 2444 eius
256 2374 405 2446 proprium,
421 2373 535 2432 alterum
559 2375 672 2448 prioris,
687 2377 798 2437 tertium
822 2385 978 2435 nostmm...
992 2379 1034 2436 De
1057 2377 1268 2451 turpitudinibus
1282 2377 1353 2448 ejus,
1369 2375 1468 2449 quibus
1491 2383 1566 2432 terra
1586 2374 1688 2439 sordet,
1709 2380 1738 2428 et
1756 2371 1835 2428 fecte

178 2469 242 2518 sunt
261 2462 387 2520 omnibus
399 2465 427 2520 in
440 2464 611 2535 parabolam,
622 2481 707 2538 super
720 2466 806 2524 sedeo
819 2466 942 2538 polluere
956 2465 1028 2524 labia
1042 2483 1104 2526 mes
1118 2473 1147 2524 et
1160 2465 1265 2524 uestras
1280 2479 1372 2522 aures.
1390 2485 1402 2518 ι
1419 2462 1503 2520 nodis
1515 2462 1682 2529 bernardus,
1692 2477 1755 2518 eum
1769 2459 1834 2516 siad

178 2549 278 2605 curiam
293 2549 419 2624 hugonii,
436 2553 475 2609 uti
489 2552 513 2609 is
526 2555 689 2624 jactaverat,
705 2571 823 2630 pergem
838 2554 948 2626 audeat,
962 2555 1076 2631 dignum
1090 2571 1165 2622 essee
1179 2555 1200 2612 si
1216 2554 1371 2627 quisalius,
1389 2575 1400 2605 ι
1418 2561 1553 2626 perpetua
1571 2551 1732 2608 inclusione.
1751 2569 1762 2600 1
1780 2550 1834 2603 do·

178 2637 242 2694 cidit
255 2654 321 2696 uero
335 2639 386 2698 iste
401 2640 494 2712 lapsus
508 2641 536 2696 iu
551 2657 653 2698 annum
678 2646 758 2714 1151,
773 2651 803 2698 11
819 2649 894 2715 patet
909 2659 942 2700 ex
957 2651 1108 2700 memorata
1123 2643 1255 2700 llernardi
1276 2642 1394 2714 epistola
1409 2646 1473 2712 298,
1489 2640 1524 2697 ed
1538 2640 1692 2712 Eugenium
1706 2653 1740 2694 eo
1760 2651 1833 2693 anno

177 2725 293 2798 scriptam,
308 2734 337 2784 at
351 2743 385 2784 ex
406 2727 522 2800 epistola
544 2735 606 2800 381,
622 2747 683 2802 quau
707 2741 749 2788 est
773 2732 845 2788 Petri
861 2731 1079 2788 Venerabilisde
1103 2731 1237 2789 electione
1251 2730 1504 2802 Gratianopolitana
1527 2729 1625 2786 eodem
1648 2742 1721 2783 anno
1746 2725 1828 2791 lacta,

177 2829 230 2886 qua
245 2813 272 2870 iu
288 2814 403 2886 epistola
415 2816 550 2884 Nicolans,
562 2819 601 2874 uti
614 2819 753 2876 llernardo
768 2827 796 2876 et
812 2819 894 2876 Petro
908 2820 997 2877 adhuc
1010 2822 1109 2877 charus
1123 2836 1154 2877 ec
1169 2819 1257 2876 fidelis
1270 2820 1413 2877 amborum
1429 2817 1622 2883 internuntius,
1636 2815 1772 2873 laudatur.

213 2901 313 2958 xllx.
329 2903 432 2960 Omnes
446 2903 612 2972 existimant,
629 2895 718 2978 ipsum
733 2905 886 2980 profugisse
906 2908 934 2964 in
949 2908 1083 2980 angliam,
1098 2923 1131 2964 ac
1144 2924 1174 2964 se
1189 2907 1326 2979 recepisse
1351 2907 1378 2961 in
1399 2904 1606 2962 Sancti-Albani
1619 2900 1814 2960 monasterium
1823 2917 1833 2967 ;,

177 3004 295 3062 eumque
309 3005 371 3048 essa
384 2991 537 3062 Nicolaum,
553 2994 598 3066 qui
612 2995 745 3051 Beruerdi
759 2989 815 3063 jam
830 2995 971 3053 demortui
985 2997 1021 3053 de
1035 2997 1220 3068 conceptione
1235 2995 1359 3067 Deiparae
1374 2993 1538 3050 seutentiam
1557 2991 1675 3048 traduxit
1689 2991 1833 3065 impugna·

179 3075 282 3150 vitque,
299 3087 381 3152 atque
404 3082 513 3138 Petrum
537 3082 691 3140 cellensem
714 3085 900 3141 adversarium
924 3084 1028 3142 habuit.
1043 3086 1076 3142 Et
1100 3083 1229 3142 Nicolaus
1243 3081 1353 3156 quidem
1380 3083 1528 3140 vocabatur
1548 3081 1601 3137 iste
1617 3096 1624 3136 :
1641 3081 1690 3136 sed
1714 3077 1832 3150 huglum

181 3164 266 3224 fuisse
284 3177 392 3226 constat
410 3185 443 3226 ex
457 3169 563 3228 duabus
577 3172 612 3227 ad
634 3172 708 3228 illum
721 3172 793 3229 Petri
809 3172 942 3244 epistulis,
956 3189 1017 3245 qnae
1032 3180 1096 3230 suut
1118 3172 1182 3228 libri
1196 3174 1266 3230 sexti
1280 3172 1397 3242 epistola
1418 3173 1463 3243 23,
1481 3178 1510 3227 et
1524 3169 1590 3226 noni
1603 3167 1720 3240 epistola
1743 3169 1786 3222 lb.
1802 3167 1833 3221 ln

183 3255 267 3324 priori
287 3256 412 3328 epistola,
431 3280 442 3309 «
459 3259 517 3316 Nec
540 3259 734 3334 indiguerunt
752 3261 788 3318 111
807 3261 906 3318 Petrus
928 3270 1030 3330 nomer,
1048 3283 1061 3316 ι
1077 3261 1194 3334 hugtiea
1218 3259 1324 3328 levitas,
1340 3260 1364 3316 si
1379 3275 1412 3317 ea
1435 3258 1547 3316 solidior
1561 3257 1596 3316 sit
1617 3255 1721 3316 Gallice
1742 3261 1833 3312 matu·

183 3343 280 3403 ritas...
296 3347 377 3404 Certe
391 3355 522 3419 expertus
536 3365 594 3404 sorn
615 3347 798 3407 somniatores
812 3351 873 3422 plus
892 3365 953 3407 esse
967 3349 1105 3426 anglicos,
1118 3365 1201 3424 quarn
1215 3349 1308 3406 Gallos
1324 3369 1331 3407 :
1353 3369 1364 3400 ι
1380 3357 1409 3404 et
1422 3348 1450 3404 in
1472 3347 1617 3419 posteriori
1630 3345 1757 3418 epistola,
1773 3365 1785 3396 ι
1803 3343 1833 3398 ln

181 3433 305 3490 cavernis
318 3434 376 3491 suis
400 3435 518 3510 lluglttm
532 3437 703 3511 Francigena
725 3438 884 3495 conclusum
903 3448 931 3495 et
951 3439 1097 3512 ligatum...
1114 3439 1227 3496 tenebit.
1247 3460 1258 3489 ι
1280 3439 1344 3494 llaec
1365 3437 1505 3494 Nicolaum
1525 3437 1600 3492 illum
1613 3433 1731 3506 Anglum
1750 3431 1834 3489 fuisse

181 3520 314 3594 probant;
330 3524 380 3580 sed
396 3526 477 3582 Petro
492 3524 561 3582 facie
575 3525 699 3598 ignotum
713 3525 831 3584 innuunt
845 3535 969 3584 extrema
981 3528 1105 3599 epistole
1120 3529 1204 3584 verba
1225 3546 1231 3581 :
1250 3550 1262 3579 ι
1279 3527 1388 3584 Ubinam
1403 3525 1472 3582 facie
1492 3525 1526 3581 ad
1545 3523 1642 3580 faciem
1657 3522 1778 3581 viderem
1794 3529 1832 3584 te,

182 3623 265 3680 quem
283 3611 447 3683 scriptorum
461 3619 569 3670 tuorum
592 3615 666 3670 benc
685 3621 799 3672 ornatus
821 3615 931 3682 habitus
944 3630 999 3672 non
1018 3615 1102 3672 semel
1117 3615 1243 3687 praestitit
1267 3614 1373 3671 audire.
1392 3634 1404 3664 ι
1421 3613 1498 3669 llitto
1512 3613 1576 3684 styli
1600 3609 1748 3668 discrimen
1761 3607 1834 3664 inter

182 3695 324 3754 Nicolaum
338 3699 458 3772 anglum
473 3707 503 3756 et
521 3701 792 3772 Clara-vallensem,
808 3701 854 3774 qui
868 3702 955 3774 stylus
968 3703 996 3758 in
1020 3703 1108 3776 Anglo
1122 3703 1214 3759 durior
1226 3711 1255 3759 et
1278 3702 1417 3773 asperior3
1433 3699 1462 3756 in
1477 3697 1699 3758 Clare—vallensi
1713 3694 1833 3761 nitidior,

181 3783 349 3856 humanior,
365 3787 528 3862 politiorque
547 3797 599 3846 est.
624 3790 707 3862 Atqui
729 3805 762 3847 ex
787 3791 972 3863 superioribus
991 3800 1108 3861 constat,
1123 3792 1261 3848 Nicolaum
1283 3789 1535 3847 dunelmensem
1559 3773 1720 3844 ante'suam
1741 3784 1834 3858 fugam

184 3872 266 3930 Petro
279 3875 397 3934 manime
410 3885 505 3936 notum
520 3894 552 3935 ac
567 3878 739 3946 familiarem,
755 3895 807 3937 nec
821 3878 941 3951 anglum
964 3879 1110 3952 exstitisse,
1127 3880 1174 3936 sed
1188 3879 1297 3936 Gallum
1321 3887 1367 3934 aut
1381 3877 1515 3935 Francum
1531 3895 1538 3932 ι
1555 3891 1588 3933 ac
1601 3873 1718 3949 proinde
1739 3874 1774 3930 ab
1786 3871 1833 3928 illo

184 3959 274 4038 anglo
291 3961 523 4036 dampnandum.

219 4047 249 4106 l..
265 4049 320 4107 Sed
334 4066 390 4124 quo
403 4068 482 4126 crgo,
496 4052 596 4125 inquis,
610 4053 738 4110 Nicolaus
751 4055 873 4112 Francus
894 4071 925 4112 se
941 4054 1066 4127 recepit?
1082 4057 1146 4112 Post
1160 4055 1251 4112 varios
1266 4055 1328 4110 hinc
1342 4054 1406 4109 inde
1420 4052 1570 4118 discursus,
1586 4051 1708 4108 constitit
1722 4049 1833 4104 tandem

181 4135 211 4192 in
225 4151 275 4195 suo
289 4137 479 4196 drranaarsnsi
496 4141 673 4208 monasterio,
687 4138 751 4198 cuni
763 4143 902 4199 Bemardo
916 4159 931 4200 e
946 4143 1012 4200 vivis
1026 4153 1121 4216 arepto
1137 4143 1175 4199 111
1190 4151 1248 4200 tuto
1263 4142 1314 4198 sibi
1333 4143 1425 4198 viuere
1449 4139 1533 4206 licuit,
1549 4156 1581 4196 ac
1595 4153 1703 4196 securo·
1720 4138 1751 4193 ld
1763 4152 1833 4192 con-

180 4231 236 4282 stat
249 4231 306 4282 tum
320 4241 354 4284 er
370 4227 487 4299 epistola
501 4231 536 4286 ss
549 4229 654 4287 hrnulli
668 4231 845 4288 buxeriensis
857 4232 980 4305 episcopi
995 4234 1031 4289 ad
1045 4233 1134 4306 ipsum
1148 4232 1300 4298 Nicolaum,
1316 4238 1374 4287 turn
1389 4247 1422 4287 ex
1437 4230 1523 4302 ipsius
1541 4228 1643 4285 Nicolai
1668 4225 1784 4298 epistola
1798 4227 1833 4280 ad

183 4313 351 4372 Willelmum
376 4315 524 4374 liemarum
546 4319 695 4376 antistitem
719 4320 827 4390 scripta,
850 4337 932 4393 quam
954 4322 996 4378 vir
1017 4321 1184 4378 clarissimus
1210 4321 1365 4392 Stephanus
1390 4318 1515 4375 Baluzius
1543 4332 1631 4387 nuper
1658 4315 1779 4390 vulgarit
1804 4315 1834 4369 in

181 4403 416 4464 Niscelhnaomm
433 4415 506 4464 tomo
521 4408 651 4464 1111111.
666 4408 731 4465 lieo
744 4407 857 4480 epistola
871 4425 926 4467 non
940 4417 1004 4466 ante
1020 4425 1121 4465 annum
1137 4413 1217 4474 1116,
1234 4425 1288 4482 quo
1307 4409 1461 4466 willelmus
1486 4408 1649 4464 lismensem
1674 4403 1832 4462 cathedram

183 4491 309 4560 1111111111,
325 4495 427 4568 scripta
441 4495 491 4552 fuit
507 4513 513 4553 :
528 4496 556 4551 11
570 4511 625 4569 qua
639 4513 701 4554 enm
716 4497 817 4565 laudat,
831 4499 904 4571 quod
918 4498 1007 4572 ipsum
1031 4499 1166 4570 receperit
1190 4499 1261 4554 intra
1285 4519 1297 4550 ι
1323 4497 1472 4554 sacrarium
1490 4517 1501 4546 r
1518 4511 1574 4552 suae
1589 4493 1785 4562 familiaritatis,
1806 4501 1836 4548 et

185 4581 259 4652 qnod
273 4583 415 4640 susurrum
429 4591 459 4639 et
472 4584 620 4642 detractori
633 4587 693 4654 (laos
714 4585 815 4659 quippe
834 4587 947 4643 timebat
960 4587 1097 4653 Nicolaus)
1110 4587 1199 4645 locum
1214 4602 1269 4643 non
1293 4588 1381 4643 daret.
1398 4583 1504 4641 Deinde
1519 4599 1548 4638 sc
1570 4590 1691 4648 excusat,
1709 4581 1782 4654 quod
1798 4582 1834 4636 ab

185 4669 247 4740 ejtts
261 4678 411 4742 conspectu
425 4671 519 4728 tandiu
532 4671 707 4742 minaeum
722 4675 768 4731 ubi
791 4677 819 4732 in
834 4692 892 4734 rem
907 4684 1027 4733 nostram
1042 4677 1143 4732 iaciunt
1166 4677 1223 4732 haec
1247 4677 1332 4732 verba
1347 4691 1354 4729 :
1372 4697 1383 4724 ι
1401 4673 1542 4729 llrcnssbo
1557 4688 1601 4728 me
1616 4671 1652 4727 de
1674 4669 1833 4726 difficultate

184 4755 302 4821 itineris,
316 4760 351 4816 ds
365 4759 564 4832 longinquitate
579 4763 708 4835 regionis,
723 4781 784 4835 quse
808 4772 851 4822 est
872 4765 945 4822 inter
968 4765 1133 4821 lismensem
1152 4767 1247 4822 urbem
1263 4770 1291 4820 et
1308 4765 1534 4820 heremarensem
1549 4759 1713 4818 ecclesiam?
1733 4781 1744 4811 ι
1760 4760 1833 4830 Ergo

184 4843 222 4901 111
238 4853 295 4902 tum
309 4847 427 4922 degebat
442 4849 576 4907 Nicolaus.
595 4873 606 4902 ι
629 4852 683 4908 Sed
697 4852 751 4910 iter
764 4853 847 4909 breue
863 4861 914 4924 est,
929 4861 958 4910 et
972 4854 1014 4910 via
1027 4854 1119 4926 plana,
1134 4864 1163 4911 et
1176 4852 1258 4924 plena
1271 4854 1299 4908 in
1314 4852 1429 4908 circuitu
1443 4850 1590 4906 anticorum
1606 4865 1739 4906 meorum.
1758 4869 1770 4899 s

219 4934 264 4991 Ll.
279 4935 352 5004 Quid
365 4937 416 5005 rei,
432 4953 548 5012 quamve
561 4956 705 5012 personam
719 4942 746 4997 iu
763 4941 951 4998 hrremarensi
966 4944 1131 5000 monasterio
1146 4949 1252 5014 ageret,
1264 4939 1536 5011 inconsequentibus
1550 4938 1669 4995 indicat:
1684 4953 1718 4994 ex
1733 4936 1833 5008 quibus

183 5021 213 5078 11
226 5031 331 5080 uatum
349 5034 483 5084 notamus.
500 5050 513 5082 1
530 5029 663 5100 Adjiciam
684 5030 747 5103 quia
768 5030 904 5086 licentiam
927 5031 1055 5088 veniendi
1080 5033 1182 5088 habere
1206 5045 1262 5086 non
1288 5028 1385 5100 potuit
1398 5043 1459 5084 cum
1478 5027 1575 5085 vadam
1590 5033 1619 5082 et
1634 5025 1755 5092 renim,
1771 5039 1832 5080 eam

184 5111 337 5172 11111111
356 5123 414 5172 tota
427 5115 482 5174 dia.
499 5119 562 5175 llaec
574 5117 706 5182 dicerem,
722 5118 795 5174 siita
811 5133 900 5175 essem
915 5121 966 5175 sub
981 5127 1114 5192 potestate
1128 5119 1301 5184 constitutus,
1317 5128 1347 5174 ut
1362 5117 1416 5174 mei
1430 5116 1515 5190 ipsius
1533 5123 1697 5186 potestatam
1727 5114 1831 5170 habere

185 5215 240 5258 nou
264 5217 383 5273 possem
408 5204 447 5260 lta
471 5221 538 5278 ergo
557 5207 628 5280 apud
653 5207 867 5263 Arremarenses
889 5209 988 5279 agebat
1007 5208 1142 5278 Nicotaus,
1166 5216 1196 5263 ut
1217 5214 1291 5264 esset
1313 5206 1356 5262 sui
1378 5205 1456 5277 juris.
1491 5205 1589 5261 lliaera
1616 5218 1683 5260 sane
1709 5202 1831 5260 conditio

184 5288 309 5356 homnis,
323 5293 370 5364 qui
382 5293 515 5350 Barnardi
527 5295 676 5368 discipulus
690 5311 722 5351 ac
737 5295 857 5352 nemrim
870 5297 975 5352 luerat!
999 5297 1056 5353 Sed
1072 5297 1134 5369 quis
1148 5295 1273 5361 miretur,
1287 5311 1348 5350 curn
1373 5294 1461 5366 augeli
1485 5309 1519 5350 ea
1544 5293 1614 5349 coelo
1636 5293 1695 5364 ipso
1717 5290 1830 5348 decide-

184 5379 264 5434 reutt
274 5379 305 5438 ln
317 5383 370 5440 laos
383 5398 449 5440 rere
463 5385 581 5442 maxime
595 5384 741 5440 1111111111
762 5401 838 5442 suam
853 5386 953 5456 prodit,
968 5385 1043 5458 quod
1066 5386 1102 5442 de
1117 5384 1287 5442 multitudine
1309 5385 1467 5446 amicorum,
1483 5381 1523 5438 uti
1537 5381 1603 5436 elias
1617 5381 1697 5435 etiam
1713 5379 1830 5443 solebat,

184 5465 325 5540 glorians
342 5470 425 5528 Siciu
433 5471 547 5544 epistola
557 5472 674 5545 quadam
689 5473 723 5528 11
739 5473 883 5530 llcuricum
894 5473 1049 5546 Campauiae
1062 5474 1274 5545 comitemque
1288 5474 1315 5528 iu
1330 5475 1429 5530 eodem
1443 5467 1677 5526 lliacellaueorum
1693 5468 1831 5525 volumine

185 5556 257 5614 edita
270 5567 322 5624 sat.
337 5559 437 5618 audere
452 5559 511 5618 fera
525 5571 650 5633 tempore
665 5561 769 5633 scripta
782 5577 814 5618 ac
828 5563 962 5633 superior.
981 5584 994 5615 ι
1009 5563 1050 5617 tn
1060 5561 1171 5618 ineunte
1186 5569 1266 5618 aente
1280 5577 1342 5618 mea
1355 5561 1445 5634 placui
1458 5557 1567 5630 magnis
1584 5563 1614 5614 11
1626 5556 1740 5614 summis
1752 5555 1829 5630 prin·
