4086 6344
224 405 276 470 951
710 401 738 462 S.
758 399 927 464 tatastat
946 395 1087 460 tentata
1107 397 1428 464 dLlel-VALLENSIS
1814 403 1870 468 952

225 532 350 597 Pastore,
371 527 500 587 nimirum
522 527 561 586 nb
583 528 753 588 tncumionea
773 529 911 601 luporum,
927 540 1021 583 eorum
1038 541 1062 622 Α
1078 533 1218 598 praetereat
1241 537 1268 587 te
1290 528 1325 586 de
1339 526 1574 612 lteralmeridiana,
1591 535 1618 588 et
1631 529 1704 611 qaod
1718 530 1743 586 is
1757 529 1871 604 pmlssi-

227 620 347 678 mesiam
359 619 406 692 qai
421 615 528 674 ueniant
548 617 583 673 ad
606 631 657 675 uos
675 617 702 673 tn
719 616 890 676 vestimentis
904 613 1021 671 etium:
1076 631 1151 672 mum
1174 615 1328 689 exploratur
1354 616 1438 685 locus,
1463 619 1491 674 in
1513 634 1569 693 qno
1591 617 1639 689 qni
1666 618 1761 691 pascit,
1786 621 1873 680 enoat

228 721 255 768 st
273 717 419 780 propterea
447 707 546 780 satagit
572 705 599 762 in
625 706 727 762 emdeta
751 723 812 763 cnm
837 705 899 777 ipso
923 701 1023 775 pariter
1077 705 1157 762 simul
1174 723 1181 760 :
1197 707 1270 775 qnod
1283 713 1324 763 est
1345 721 1450 778 magne
1464 707 1615 765 securitatis
1632 707 1772 765 indicium.
1788 708 1872 766 Ariti-

227 809 342 869 pesoaro
357 793 473 862 pascuis,
483 801 509 849 ct
522 793 744 849 cobsreumbris.
756 793 791 848 ta
805 807 914 848 cansam
929 789 1021 863 ponit:
1078 799 1135 849 trnr
1148 791 1219 849 enim
1234 794 1270 850 ob
1282 795 1336 852 hoe
1356 795 1487 864 additum,
1502 796 1598 862 Cubat,
1614 797 1688 869 qnod
1707 811 1741 854 eo
1755 795 1807 854 loci
1822 797 1888 858 mi·.

228 885 269 944 lta
282 883 433 960 incipiam,
444 881 579 954 inquiens,
589 885 686 956 ooport'
697 886 763 956 post
776 896 870 954 propes
882 879 1025 938 sodalium
1079 879 1152 938 nime
1165 896 1276 938 necmse
1298 883 1332 939 sit
1356 893 1436 950 stare,
1452 892 1479 940 at
1496 882 1609 954 uigilare
1623 899 1708 956 snper
1722 885 1873 942 custodiam

230 975 358 1030 tuorum.
369 970 496 1041 lpslsuut
510 969 557 1042 qui
568 969 791 1026 sevoluntrideri
805 968 907 1026 amicos
920 966 1024 1038 sponsi,
1079 968 1172 1042 gregis
1186 968 1294 1027 ¹⁸88
1311 972 1416 1042 qnando
1434 986 1511 1044 grex,
1530 969 1610 1026 etiam
1629 971 1744 1030 cubante
1764 979 1875 1046 pastona

229 1069 258 1120 at
269 1077 324 1117 non
338 1067 400 1116 suat
415 1076 423 1114 ε
439 1065 542 1116 etcum
555 1073 634 1126 suos,
648 1072 702 1114 nnn
716 1058 789 1112 illins
802 1073 901 1132 greges
916 1069 1027 1127 pascere
1081 1065 1109 1114 et
1122 1061 1253 1126 pausante
1272 1060 1325 1118 sub
1346 1059 1458 1128 umbria,
1474 1059 1556 1116 libera
1569 1058 1745 1117 nihilominus
1762 1061 1875 1118 discur-

229 1163 295 1208 ettra
317 1148 353 1204 sit
375 1147 506 1218 elaphiao
528 1145 591 1202 inde
611 1157 701 1202 tamen
724 1144 885 1202 insidiantes
909 1144 1024 1200 dionot:
1081 1155 1122 1203 rat
1139 1145 1167 1201 in
1184 1146 1302 1220 pascuis.
1324 1146 1404 1205 Felix
1421 1145 1506 1218 mgio,
1527 1145 1554 1202 in
1573 1161 1626 1220 qua
1645 1162 1696 1219 pro
1719 1148 1796 1206 libitu
1809 1163 1878 1206 ores

231 1241 300 1298 dees
313 1237 358 1296 te
371 1241 415 1295 ast
428 1236 568 1304 Gloriatur,
579 1251 642 1294 soce
654 1237 716 1294 illie
729 1241 771 1294 est
786 1234 883 1302 (ltere.
893 1247 957 1302 xrtt,
969 1236 1026 1300 al),
1081 1232 1271 1308 ingrediantur
1284 1244 1311 1292 et
1328 1234 1515 1308 egrediuntur,
1534 1241 1561 1292 et
1581 1250 1636 1291 non
1659 1239 1702 1292 est
1719 1238 1765 1308 qui
1780 1247 1877 1296 ester·

231 1327 355 1386 videlicet
371 1333 402 1382 ut
423 1325 525 1382 multos
539 1326 679 1390 sedneant,
694 1331 722 1380 et
743 1323 909 1381 abducente
927 1321 1026 1380 Christi
1083 1320 1312 1393 restituamini
1331 1325 1432 1379 tribum
1453 1323 1545 1380 villere
1567 1338 1628 1394 vos,
1651 1339 1751 1397 meque
1772 1329 1881 1398 pariter

231 1415 370 1492 gregibus,
387 1421 414 1471 et
440 1412 546 1470 socient
572 1412 640 1470 suls.
659 1413 717 1468 Hoc
745 1427 795 1484 pro
824 1411 919 1467 litterae
944 1417 1027 1466 textu.
1083 1408 1110 1462 in
1124 1410 1264 1465 montibus
1278 1410 1350 1481 pasci
1374 1425 1428 1466 una
1449 1426 1508 1467 eum
1531 1409 1586 1468 illis
1607 1412 1754 1486 nonaginta
1776 1429 1880 1470 aorem

230 1504 291 1562 tata
313 1518 378 1560 rero
400 1499 568 1575 spiritualem
588 1517 699 1556 mosum
722 1499 816 1571 quiin
838 1514 873 1555 ca
896 1500 964 1555 latet
977 1497 1029 1552 sub
1082 1511 1143 1566 qne
1161 1495 1216 1553 illic
1237 1497 1337 1554 relicta
1357 1496 1491 1570 legnruur,
1515 1513 1577 1556 oum
1601 1507 1692 1571 pastor
1714 1515 1808 1558 earnm
1830 1502 1880 1557 di·

232 1593 286 1650 elio
308 1591 443 1648 sermonis
473 1590 604 1662 principio
629 1595 793 1662 exspectate,
808 1586 938 1661 quidquid
961 1586 1029 1642 illnd
1082 1591 1196 1658 guentae
1209 1585 1242 1641 ad
1263 1599 1343 1642 onam
1359 1587 1498 1643 descendit
1516 1603 1576 1659 que
1590 1589 1748 1645 erraverat?
1762 1589 1879 1662 (thtt.

232 1681 294 1747 erit,
309 1679 384 1753 quod
408 1677 473 1734 milti
498 1677 562 1734 inde
585 1677 663 1734 robis
686 1677 828 1734 orantibus
850 1690 900 1731 sua
920 1674 1028 1731 miseri·
1082 1687 1161 1742 xrttr,
1177 1674 1234 1746 tlt.)
1248 1673 1347 1730 &aare
1368 1676 1462 1747 proctrl
1480 1676 1564 1732 dnbio
1580 1677 1659 1734 most
1673 1692 1767 1749 prope,
1782 1680 1829 1752 qni
1852 1685 1882 1733 et

232 1768 328 1824 sordis
354 1764 448 1839 partiri
479 1763 634 1838 dignabitur
661 1779 777 1836 sponsus
803 1763 931 1820 Ecclesia
951 1762 1030 1818 lesus
1082 1761 1163 1836 longe
1177 1761 1300 1818 recedere
1314 1763 1425 1821 minime
1438 1763 1581 1834 dubitarit,
1595 1765 1684 1822 sciens
1698 1766 1761 1839 quia
1774 1768 1804 1823 in
1818 1775 1881 1824 tato

234 1855 357 1914 Christus
371 1854 504 1910 Dominus
517 1863 617 1924 noster,
633 1851 678 1926 qrti
693 1860 735 1909 est
752 1867 834 1923 snper
852 1851 943 1908 omnia
956 1843 1029 1908 Deus'
1045 1843 1067 1922 Β
1083 1864 1128 1905 aas
1151 1849 1323 1923 relinqueret.
1339 1849 1433 1908 lterito
1456 1867 1556 1924 sponsa
1574 1852 1620 1910 illo
1631 1853 1760 1925 suspirat,
1778 1857 1881 1914 memte

233 1943 394 2004 benedictus
407 1943 436 2000 in
449 1942 558 2000 ments.
576 1943 677 1998 Amen.
1082 1938 1165 1994 inhiat
1180 1937 1241 1995 lone
1258 1953 1367 2012 pascua
1388 1938 1466 1997 umal
1491 1950 1519 1998 et
1540 1941 1624 2013 pacis,
1639 1943 1686 1999 sed
1705 1944 1814 2016 quietis,
1830 1945 1879 2001 sed

494 2047 611 2106 spuo
635 2048 766 2105 xxm
1083 2025 1242 2096 securitatis,
1264 2029 1310 2083 sed
1332 2027 1527 2096 exsultationis,
1543 2029 1591 2086 sed
1615 2029 1811 2104 admirationis,
1828 2033 1880 2089 sed

234 2160 273 2218 De
286 2157 330 2216 tlt
345 2173 409 2230 quse
421 2170 531 2228 semper
544 2155 678 2213 castnedo
691 2157 760 2212 suot
779 2171 796 2212 e
810 2155 907 2210 mente
919 2152 1025 2212 devoto.
1083 2114 1210 2185 uum*
1233 2117 1301 2172 Nm
1322 2125 1351 2172 οἱ
1372 2131 1417 2174 ¹¹¹⁰
1438 2115 1578 2216 mimum!
1602 2117 1675 2220 Μ,
1698 2118 1779 2194 1οΨ
1793 2137 1882 2220 '⁸⁰¹3‘

258 2228 346 2300 ,Μ
359 2227 552 2294 ,um-dm,
567 2231 595 2284 οἱ
614 2225 648 2283 d,
683 2232 789 2283 ,mor
801 2223 949 2298 ,mn-p„
964 2228 1028 2282 m,
1084 2204 1502 2278 temetdelongeaalutantem,
1517 2221 1551 2262 en
1571 2222 1628 2278 ipsa
1646 2221 1706 2277 epus
1725 2207 1882 2266 recordatio

272 2301 416 2358 tnttorturtt
433 2312 544 2370 semper
557 2297 631 2355 eodo
671 2301 708 2354 is.
1082 2290 1117 2346 ad
1141 2291 1273 2364 lacrymas
1295 2301 1434 2364 prouocat,
1457 2293 1536 2364 plane
1555 2295 1632 2367 juxta
1654 2293 1832 2352 attentionem
1851 2309 1882 2352 et

270 2386 776 2458 condormitmmmttttpttaotmo
784 2400 857 2452 roeo,
865 2385 1026 2456 unipotens,
1082 2394 1175 2436 vocem
1194 2379 1340 2436 moenium
1365 2382 1479 2454 :Sopor
1500 2383 1623 2453 nominc
1648 2383 1796 2458 oropum
1815 2386 1881 2443 r'ttt'e

234 2477 282 2536 ott
294 2477 377 2536 codes
391 2477 424 2532 t'n
436 2474 555 2532 memdia
567 2475 661 2543 (cont.
678 2487 698 2539 t,
709 2473 748 2545 a).
763 2473 797 2528 Et
810 2471 880 2528 alins
893 2471 1001 2544 quidam
1019 2488 1026 2526 ι
1082 2467 1206 2525 redimas
1220 2469 1400 2538 attissimus,
1416 2469 1484 2527 dom
1505 2472 1721 2529 recordaremur
1737 2473 1792 2538 tati,
1810 2474 1882 2532 Stoa

233 2566 339 2633 luteo,
353 2561 450 2635 inquit,
466 2562 540 2620 mitt·
552 2563 723 2619 corruite
732 2562 843 2634 judiees
857 2559 926 2630 (ted.
941 2574 971 2626 x,
987 2561 1026 2632 a).
1084 2556 1172 2624 (Prot.
1200 2571 1312 2627 casam,
1343 2557 1381 2628 l),
1409 2557 1488 2615 Libat
1514 2560 1664 2616 exclamare
1691 2568 1718 2616 et
1744 2576 1790 2619 ma
1815 2576 1880 2616 eum

233 2653 286 2712 lllti
311 2668 366 2710 non
389 2667 455 2708 sane
477 2649 636 2706 melantiam
660 2661 799 2716 eanmtur,
814 2648 864 2707 sed
895 2657 1030 2706 aerutatur
1081 2658 1183 2715 sponsa
1208 2645 1307 2715 pariter
1333 2656 1360 2703 at
1386 2662 1446 2703 cum
1473 2647 1608 2716 Propheta
1633 2665 1641 2702 ε
1665 2649 1764 2706 mutto
1789 2651 1881 2706 ῡοοοι

232 2755 352 2808 canunt,
382 2737 485 2797 emdiri
508 2735 620 2809 flagellis
648 2743 754 2808 petens,
776 2752 831 2793 non
868 2736 936 2792 erui.
961 2737 1029 2792 Item
1083 2734 1178 2800 taum,
1194 2734 1426 2808 Stoorpuortt'om
1440 2737 1614 2807 confortarit
1630 2752 1709 2794 sarus
1726 2739 1881 2809 portarunt

233 2827 302 2886 alius
321 2835 454 2900 precatur,
467 2823 561 2881 diceus
577 2842 584 2879 ι
606 2826 666 2882 lter
681 2831 755 2891 tons,
770 2826 898 2890 pomtoa
915 2825 1030 2882 moson-
1085 2827 1213 2893 toeram,
1224 2821 1368 2880 benedixit
1381 2824 1452 2894 filiis
1464 2826 1523 2880 tuta
1537 2826 1569 2880 to
1585 2827 1621 2882 te.
1634 2825 1687 2894 Qut·
1698 2826 1795 2898 posuit
1807 2825 1882 2894 fiaes

233 2922 296 2976 stro
308 2916 392 2982 mitt,
405 2919 434 2974 et
456 2913 574 2971 acrat‘toa
593 2916 657 2969 tuos
684 2912 765 2972 edoce
782 2929 829 2971 ote
843 2914 931 2982 (Prot.
945 2926 1028 2979 xatr,
1085 2912 1294 2982 temporanei
1303 2912 1384 2984 adipe
1394 2913 1535 2984 [remorati
1543 2913 1632 2970 satiat
1642 2916 1671 2971 te
1684 2913 1882 2984 (Proteum,

235 3006 275 3078 a).
291 3001 475 3074 ansdiserit
496 3002 552 3058 rias
573 3001 617 3058 rel
639 3001 760 3070 semitas,
780 3001 1028 3060 manilestatalibi:
1085 2999 1277 3071 sarstono
1299 3015 1353 3056 non
1375 3001 1429 3057 illie
1453 3001 1626 3058 vehementer
1648 3003 1742 3073 captat
1763 3001 1840 3075 pasci
1854 3009 1881 3056 et
1936 3022 1951 3052 a

236 3093 359 3154 Dedereit
372 3105 429 3158 ma,
443 3089 544 3162 inquit,
558 3105 644 3164 super
667 3091 784 3148 sernttcs
801 3092 927 3164 justitiae
941 3091 1031 3160 (Paul.
1086 3092 1317 3158 propterpaoem,
1342 3097 1370 3146 at
1392 3095 1499 3160 propter
1522 3089 1640 3160 adipem,
1655 3097 1683 3146 et
1706 3097 1820 3162 propter
1833 3104 1882 3145 sa·

235 3196 309 3246 xant,
320 3179 359 3252 ³).
372 3179 446 3250 Ergo
460 3179 512 3233 tria
524 3175 576 3233 ists
589 3177 678 3234 anima
691 3177 797 3234 curiosa
812 3178 860 3233 Dei
875 3193 930 3234 non
944 3140 1069 3234 cessatc
1085 3177 1228 3235 tietateml
1242 3176 1315 3233 Nihil
1329 3175 1366 3233 ibi
1385 3176 1554 3243 formidatur,
1569 3176 1634 3232 nihil
1650 3175 1797 3248 fastiditur,
1813 3177 1882 3234 matt

235 3264 542 3341 inquirere35ustitiam,
563 3273 590 3322 et
614 3264 757 3336 judicium,
772 3277 798 3324 et
822 3267 912 3323 locntn
930 3266 1032 3323 habita-
1086 3265 1185 3321 deicit.
1213 3263 1283 3322 Tuta
1307 3265 1438 3322 habiutio
1465 3266 1617 3337 paradisus,
1646 3265 1726 3323 dulce
1749 3266 1882 3340 pabulum

235 3357 319 3414 tionis
331 3354 426 3428 glorie
441 3355 533 3428 sponsi
549 3372 557 3410 z
573 3363 699 3428 unquam
711 3354 781 3410 riam
791 3354 818 3411 in
833 3370 885 3428 qua
898 3355 1030 3420 ambulat,
1084 3352 1215 3420 Verbum,
1231 3353 1369 3423 opulentia
1386 3353 1470 3412 multa
1487 3353 1571 3410 nimis
1584 3355 1726 3413 aeternitas.

235 3447 367 3504 mutatam
385 3461 438 3518 qua
459 3445 636 3511 ambulatet
657 3446 692 3501 ad
712 3459 792 3517 quam
812 3444 935 3501 ambalat
950 3449 1032 3499 man·
1121 3445 1148 3499 ³.
1164 3441 1255 3498 liabeo
1268 3447 1296 3499 et
1318 3457 1370 3515 ego
1394 3441 1524 3508 Verbum,
1539 3442 1587 3498 sed
1608 3443 1636 3498 in
1656 3449 1800 3512 camma
1813 3442 1883 3498 milti

236 3535 350 3594 donem.
367 3535 405 3591 lla
428 3549 481 3601 nna
503 3535 644 3590 mansione
666 3533 708 3590 sic
731 3532 815 3590 habes
832 3533 860 3589 in
877 3535 1030 3604 propheta:
1085 3531 1231 3603 apponitur
1257 3531 1367 3596 ueritas,
1388 3531 1435 3587 sed
1454 3530 1482 3586 in
1508 3533 1689 3588 sacramento.
1712 3531 1883 3602 Angelnsea

239 3625 331 3682 Urtom
345 3624 426 3696 petii,
441 3622 537 3694 inquit,
557 3638 575 3678 c
593 3623 720 3690 moino,
735 3622 809 3679 lonc
829 3624 982 3694 requiram,
997 3625 1031 3677 ot
1085 3620 1166 3692 adipe
1180 3618 1308 3675 immenti
1322 3619 1471 3693 saginatur,
1486 3626 1515 3675 et
1533 3617 1606 3674 nudo
1625 3629 1761 3676 saturatur
1774 3633 1882 3693 ςηοος

236 3707 954 3768 totalitamtndomoltnmiaiomrituadtetmcttoe
962 3724 1033 3766 mete
1085 3723 1129 3764 me
1143 3714 1249 3780 oportet
1263 3707 1371 3764 interim
1388 3708 1504 3779 quodam
1524 3706 1685 3766 merunenti
1704 3707 1806 3764 ennias
1820 3721 1885 3764 esse

167 3862 168 3865 Ἴ
239 3798 324 3870 {Prot
337 3796 508 3868 xxrt,t);at
521 3796 618 3852 iterum
635 3798 779 3862 :Domina
794 3797 893 3854 ditent
906 3797 1033 3855 dooerm
1086 3805 1251 3858 conuntum,
1265 3795 1353 3852 mrnis
1375 3794 1489 3865 turture,
1513 3795 1608 3851 littere
1635 3793 1721 3866 palea,
1747 3795 1884 3852 velamine

238 3885 453 3950 dementatam
464 3883 858 3959 toeomltntitottertiaotorioe
873 3887 1031 3957 tooetl’scl.
1086 3883 1159 3944 fidei.
1179 3887 1214 3942 Et
1226 3886 1285 3940 haec
1300 3883 1362 3940 talis
1376 3891 1438 3940 eunt
1460 3899 1523 3957 qnae
1547 3889 1654 3956 pusula
1668 3883 1788 3940 atterent
1806 3899 1884 3940 mor·

238 3988 305 4038 xer,
322 3973 359 4046 t).
376 3974 459 4030 Porro
482 3972 517 4032 de
538 3973 648 4043 reliquis
666 3973 773 4030 duobus
788 3989 796 4031 ε
811 3975 930 4034 lustitia
944 3978 973 4032 st
986 3976 1032 4046 ja·
1087 3983 1150 4042 tem,
1166 3975 1189 4031 si
1209 3989 1264 4031 noa
1286 3974 1320 4030 de
1339 3972 1462 4045 primitiis
1479 3972 1590 4044 spiritus
1612 3974 1884 4045 quantulumeunque

237 4061 355 4128 dictam
373 4059 419 4128 ait,
432 4063 607 4136 praeparatio
624 4061 697 4120 aedis
717 4065 776 4120 ton
789 4063 877 4132 (Prot.
892 4077 1031 4130 axxxrm,
1086 4063 1218 4134 accipiant
1238 4061 1454 4119 condimentum.
1471 4061 1583 4118 l'rorsus
1606 4075 1678 4117 mors
1692 4059 1758 4117 milti
1773 4063 1802 4118 in
1816 4062 1883 4127 olla,

239 4148 407 4218 totototo
426 4148 475 4204 tria
498 4149 549 4206 iata
575 4165 652 4206 mens
680 4149 778 4208 devota
806 4149 924 4221 requirit,
940 4161 1032 4222 utpote
1085 4152 1136 4208 nisi
1156 4168 1189 4208 aa
1212 4150 1349 4223 prophetae
1380 4149 1464 4205 larina
1485 4150 1641 4207 dulcoretur
1668 4151 1718 4220 (ll'
1747 4151 1813 4222 ileo.
1843 4165 1883 4216 tr,

238 4237 332 4293 sedem
356 4237 417 4303 Dei,
431 4243 459 4294 et
480 4235 553 4292 sedis
577 4239 807 4309 preparationem.
823 4237 858 4292 Et
882 4235 990 4309 pulchre
1003 4237 1032 4294 in
1086 4243 1131 4308 to,
1149 4240 1205 4310 tt).
1221 4239 1344 4311 Denique
1367 4237 1469 4311 absqm
1490 4240 1585 4308 spiritu
1598 4247 1625 4294 et
1638 4245 1835 4294 sacramentum
1848 4237 1885 4294 ad

237 4339 346 4394 sponsat
365 4323 569 4398 prerogativam
591 4332 758 4398 concurrunt
781 4325 880 4396 pariter
893 4325 985 4381 omnia
998 4327 1032 4382 sd
1082 4327 1215 4400 judicium
1229 4325 1355 4395 sumitur,
1379 4337 1406 4384 et
1430 4341 1494 4384 caro
1514 4343 1570 4383 non
1593 4327 1703 4398 prodeat
1719 4325 1883 4398 quidquam,

237 4412 501 4472 consummationem
522 4414 661 4480 uirtutum,
675 4421 705 4469 ut
724 4413 759 4470 de
778 4413 983 4484 ionaajastitle
997 4415 1032 4471 sit
1086 4425 1114 4474 et
1128 4417 1218 4474 littera
1238 4416 1346 4483 oceidit,
1365 4423 1393 4474 et
1413 4417 1480 4472 tides
1500 4421 1606 4472 mortua
1619 4421 1670 4471 est.
1695 4414 1748 4473 Sed
1770 4414 1885 4486 spiritns

235 4499 367 4570 formosa,
381 4501 417 4558 de
436 4500 603 4572 judiciorum
622 4499 717 4556 notitia
738 4509 827 4567 mota,
841 4503 876 4558 de
896 4502 1032 4560 desiderio
1086 4507 1186 4577 estqm
1213 4503 1342 4574 multost,
1357 4512 1387 4560 ut
1413 4504 1501 4561 viram
1529 4503 1557 4558 in
1581 4503 1632 4558 eis.
1652 4507 1687 4560 tt
1712 4501 1887 4575 qumuttoaa

239 4589 390 4662 presentie
412 4603 461 4646 seu
482 4588 577 4662 gloriae
598 4589 690 4661 sponsi
709 4599 790 4646 easta.
810 4589 900 4646 Talem
922 4606 1034 4664 proruta
1085 4609 1151 4652 eane
1164 4593 1329 4650 abundantis
1347 4591 1459 4663 spiritns
1474 4592 1649 4664 pinguescant
1669 4589 1731 4658 ists,
1752 4605 1806 4646 nen
1824 4589 1885 4664 pari

238 4677 316 4734 tlaaat
342 4693 404 4736 ease
428 4692 554 4749 sponsam
581 4677 702 4744 Domini,
721 4675 874 4751 pulchram,
897 4678 1031 4736 emditatn
1085 4681 1195 4741 omnino
1216 4680 1384 4752 jucunditate
1407 4679 1522 4737 sumitur
1546 4685 1638 4736 eortm
1665 4679 1830 4736 marmensi
1856 4691 1888 4736 et

237 4773 266 4821 et
296 4773 407 4825 emtam
430 4765 504 4844 lingo
538 4765 630 4839 petitio
670 4781 752 4839 quam
787 4765 909 4823 ultimam
937 4767 1031 4840 posui3
1086 4771 1169 4843 adeps
1196 4768 1332 4837 immenti,
1361 4767 1429 4825 fides
1455 4775 1484 4825 at
1510 4766 1616 4840 speeies
1639 4765 1726 4840 (stoa
1739 4767 1885 4834 mdccc,

238 4851 372 4910 iatiunat
399 4853 462 4910 loci.
479 4853 549 4912 Petit
576 4853 710 4928 siqnidem
729 4853 765 4909 ab
785 4867 820 4910 ao
840 4869 923 4926 quem
942 4854 1033 4936 diligit
1085 4860 1170 4932 spes),
1183 4857 1314 4916 memoria
1332 4867 1360 4914 et
1378 4855 1532 4928 praesentia,
1555 4853 1690 4912 eternitas
1715 4865 1743 4914 et
1763 4866 1885 4928 umpas,

237 4939 329 4998 anima
342 4956 403 5008 sua,
418 4941 530 5000 indicari
549 4942 669 5000 sibi-ubi
690 4949 833 5015 pesestas
851 4941 898 4998 ubl
912 4944 991 5000 cubet
1004 4944 1032 5000 in
1086 4948 1176 5004 vultus
1189 4947 1376 5020 etspecmum,
1387 4943 1665 5017 imapolleietiorma
1679 4943 1764 5001 sarri.
1775 4944 1886 5015 Nempe

237 5029 363 5088 meridie.
1085 5037 1113 5092 in
1127 5035 1254 5092 omnibus
1268 5035 1309 5090 his
1323 5031 1389 5090 tides
1410 5031 1530 5105 locuples
1552 5031 1628 5100 mihi,
1643 5031 1796 5090 intellectos
1810 5047 1884 5102 psa·

272 5123 299 5178 t.
322 5121 357 5178 at
385 5121 472 5195 primo
499 5121 609 5178 advene
636 5135 715 5193 qaam
744 5119 883 5194 eleganter
909 5135 1031 5179 amorem
1085 5139 1143 5196 pet.
1168 5123 1294 5196 Nunqnid
1317 5137 1383 5180 rere
1403 5137 1452 5194 par
1472 5135 1553 5194 sapor
1579 5119 1728 5177 intellectui
1751 5118 1884 5192 fideiqne,

236 5209 382 5282 spirituas
408 5211 498 5270 carnia
525 5211 660 5268 discernat
686 5206 795 5276 adacta
810 5207 875 5265 dum
903 5209 1031 5268 dilectum
1086 5228 1146 5270 enm
1161 5212 1196 5271 ait
1212 5211 1240 5268 in
1260 5210 1382 5269 merium
1405 5211 1467 5278 iata,
1489 5210 1535 5266 illa
1556 5209 1585 5266 ia
1608 5208 1776 5282 praemium?
1798 5207 1886 5266 llidea

235 5299 389 5371 exprimere
407 5300 495 5374 mago
508 5300 570 5374 ipss
587 5297 837 5370 menumquam
855 5297 966 5356 nomine
978 5314 1031 5358 ro·
1085 5317 1152 5374 ergo
1166 5309 1269 5358 tanum
1283 5299 1383 5358 distare
1402 5297 1471 5358 inter
1492 5297 1602 5372 pabala,
1626 5305 1758 5371 quantam
1771 5306 1800 5355 et
1812 5297 1885 5356 inter

234 5385 305 5462 lens,
326 5404 381 5446 non
404 5388 562 5459 simpliciter
582 5387 690 5458 :Quem
718 5387 822 5461 ailino,
837 5387 885 5443 sad
911 5405 918 5444 :
937 5390 967 5456 0,
983 5390 1028 5446 in·
1085 5391 1160 5462 loea3
1177 5397 1205 5446 et
1221 5388 1290 5446 siem
1313 5387 1463 5446 multantur
1475 5387 1537 5446 eceli
1561 5402 1577 5443 a
1598 5393 1682 5454 terra,
1699 5386 1738 5444 ita
1756 5385 1885 5444 asaiae

235 5479 303 5551 quit,
314 5495 396 5552 quero
408 5478 612 5552 dtltpa'torta'mo
625 5491 699 5546 meo,
709 5472 875 5546 spiritualem
884 5476 1031 5550 designem
1085 5485 1127 5536 tes
1139 5477 1168 5535 in
1182 5479 1231 5549 eis,
1247 5477 1326 5536 onnia
1340 5476 1491 5549 potioribua
1511 5473 1671 5533 abundarat

234 5566 414 5622 dimotionem.
432 5567 532 5624 Dainrlc
549 5564 680 5638 quidnam
700 5579 759 5620 eam
782 5563 809 5618 ia
837 5563 898 5620 loeo
920 5569 1029 5635 pascue
1120 5569 1147 5624 t.
1162 5565 1333 5624 destinemus
1346 5564 1470 5637 proinde,
1488 5561 1548 5632 lilii,
1573 5563 1731 5622 aetnam
1744 5561 1779 5619 ad
1794 5563 1885 5620 lomi·

234 5654 303 5712 adeo
329 5639 455 5720 detentet,
480 5653 624 5727 diligenter
657 5651 777 5710 stende.
803 5649 856 5708 Sed
883 5665 935 5710 aee
962 5651 1029 5714 illud
1085 5657 1222 5727 mucram,
1243 5654 1279 5712 atl
1300 5662 1405 5729 mum
1427 5653 1592 5719 suaderem,
1616 5653 1651 5710 sd
1675 5651 1834 5712 emmeram
1858 5659 1887 5710 st
