4116 6348
158 439 209 504 tel
775 433 944 500 aeneadis
964 434 1005 496 ull
1023 435 1187 500 llllllltats.
1752 435 1805 498 662

157 573 200 622 est
222 567 438 620 consummatus.
458 563 519 634 lpse
546 563 677 632 eatinis,
711 561 747 619 ad
774 577 858 636 quem
886 577 949 620 eum
970 563 1043 658 μᾶ
1064 565 1233 635 iumentum,
1255 568 1288 621 de
1312 565 1370 620 Deo
1389 565 1422 620 ad
1450 557 1607 622 diabolum!
1631 565 1805 624 Eisocranda

157 650 321 720 venerimus,
343 650 409 709 nihil
435 651 549 723 emptius
568 649 703 719 sitiemus,
728 651 810 708 lesus
832 649 955 708 Christus
1010 654 1162 722 conversio,
1177 655 1292 727 gloriam
1312 653 1340 708 iu
1363 653 1511 725 miseriam,
1531 655 1612 711 vilem
1630 655 1657 710 in
1677 665 1802 725 mortem,

158 755 277 813 sponsus
286 739 425 806 Ecclesiae,
433 740 481 812 qui
489 747 531 798 est
539 739 732 798 benedielusiu
740 738 851 797 sennia.
858 741 956 797 Amen.
1011 757 1103 814 penem
1118 743 1146 798 io
1170 757 1288 818 pugnarn
1311 748 1442 813 perpetua
1456 741 1611 812 captivitate
1625 745 1802 803 converteret

450 828 565 886 SERMO
579 830 662 886 XLII.
1010 829 1154 888 Maledicta
1169 831 1322 895 descensio,
1340 829 1373 885 de
1387 827 1488 884 divitiis
1502 829 1533 884 ad
1556 841 1755 907 paupertatem,
1770 835 1805 891 de

158 923 196 980 be
210 921 333 992 omnesne
350 917 589 990 nepotiolionibus
603 923 632 976 et
646 917 769 992 pompae
782 917 955 990 ropionibus.
1010 918 1134 976 itenere
1160 921 1193 976 sd
1216 919 1390 980 seruitutem,
1411 927 1438 972 et
1457 919 1492 971 de
1519 919 1609 990 requie
1628 921 1660 974 ad
1685 921 1803 979 laborem

195 1012 223 1066 l.
238 1008 358 1066 Verbum
384 1006 480 1073 Patris,
510 1005 673 1079 Unigenilus
685 1006 746 1074 Dei,
773 1005 820 1064 Sol
835 1005 955 1078 justitiae,
1011 1008 1193 1064 descendere!
1211 1009 1299 1066 lliserl
1323 1022 1383 1077 nos,
1399 1015 1425 1062 et
1443 1005 1635 1061 miserabiliter
1649 1009 1722 1076 uati,
1739 1012 1803 1081 qni-

159 1113 283 1154 summus
297 1096 343 1154 ille
357 1094 522 1168 negotiator,
541 1095 575 1152 de
589 1093 691 1152 ultimis
704 1094 839 1152 ocalnrum
853 1093 957 1152 linibus
1011 1096 1062 1152 bus
1082 1098 1176 1153 delum
1195 1106 1236 1152 est
1258 1097 1332 1152 nasci
1357 1097 1383 1150 in
1403 1107 1529 1162 moerore,
1550 1093 1641 1150 rivere
1660 1096 1803 1164 inlabere,

159 1193 260 1242 nostre
286 1183 480 1255 redemptionis
507 1183 627 1256 pretinm
662 1184 825 1256 apportavit.
855 1183 957 1240 fidelis
1011 1186 1146 1242 indolere
1159 1187 1237 1243 mori.
1251 1188 1288 1242 lle
1303 1193 1442 1256 peccatore
1454 1189 1617 1254 peccatores,
1634 1183 1668 1240 de
1682 1183 1806 1243 debitore

160 1273 213 1334 ieta
239 1272 387 1358 negotiatio
413 1281 443 1330 el
467 1273 541 1332 omni
567 1271 721 1346 eneeptione
743 1272 912 1348 dignissima,
929 1272 957 1328 in
1011 1273 1158 1347 debitores,
1174 1276 1207 1332 do
1227 1284 1355 1344 corrupto
1370 1274 1497 1344 corrupti,
1513 1273 1546 1327 de
1561 1273 1673 1329 subacto
1688 1277 1805 1346 moscii,

160 1379 215 1436 qna
237 1365 295 1423 lies
308 1361 381 1419 lilius
395 1361 480 1435 Regis
497 1360 611 1420 allicitur
625 1361 784 1436 negotiatio,
795 1377 893 1418 aurum
907 1377 958 1432 pro
1012 1363 1098 1435 genili
1112 1373 1141 1420 el
1152 1371 1313 1435 generantes
1326 1377 1430 1418 sumus.
1446 1361 1520 1418 Gens
1535 1363 1677 1431 peccatrix,
1689 1365 1807 1436 populus

160 1452 273 1523 plumbo
287 1451 425 1520 tribuitur,
441 1467 490 1522 pro
504 1459 649 1524 peccatore
662 1451 779 1509 donatus
799 1458 842 1506 est
854 1451 957 1520 justus.
1013 1452 1105 1524 prelis
1127 1453 1278 1525 iniquitate,
1302 1465 1392 1509 semen
1419 1450 1580 1522 pessimum,
1603 1449 1651 1504 lilii
1673 1451 1804 1520 scelerati,

161 1540 185 1598 0
214 1555 297 1613 quam
322 1540 443 1598 indebita
467 1540 616 1610 miseratio,
653 1556 736 1612 mem
772 1539 892 1611 gratuite
920 1539 960 1595 sie
1013 1541 1143 1596 addentes
1162 1540 1422 1613 prevaricationem.
1446 1540 1515 1594 Eece
1535 1539 1614 1612 qnasi
1633 1553 1687 1596 uon
1710 1541 1806 1608 simus,

162 1627 276 1700 prebete
299 1627 420 1696 dileetio,
446 1644 528 1700 quem
551 1627 688 1699 inopinata
716 1625 847 1701 dignatio,
874 1641 957 1698 quarn
1002 1628 1053 1706 ,sic
1078 1643 1171 1686 sumus
1191 1645 1284 1685 coram
1298 1644 1339 1700 eo,
1355 1628 1432 1700 quasi
1456 1627 1568 1684 nihilum
1584 1637 1610 1684 et
1634 1629 1712 1684 inane
1728 1645 1807 1702 repu-

162 1715 296 1788 slupende
309 1717 434 1785 dulcedo,
459 1732 538 1790 qnam
554 1715 653 1776 invicta
668 1714 858 1779 mansuetudo,
875 1729 958 1786 qaam
1014 1717 1060 1773 tali
1088 1718 1154 1788 (lec.
1179 1733 1228 1784 sn,
1245 1717 1300 1788 l'l),
1316 1724 1443 1788 putantes
1461 1731 1512 1773 nos
1530 1717 1629 1789 aliquid
1653 1733 1725 1786 esse,
1746 1735 1807 1775 curn

162 1805 222 1862 silis
241 1805 397 1878 negotiatio,
415 1805 463 1862 ubi
490 1805 573 1862 Filius
595 1805 645 1862 Dei
663 1819 715 1878 pro
729 1818 809 1862 servo
829 1801 958 1869 traditur,
1013 1805 1079 1862 nihil
1093 1807 1189 1864 simus.
1206 1807 1343 1863 vulnerati
1359 1821 1452 1863 sumus
1465 1807 1650 1882 ingredientes
1664 1809 1806 1876 mnndum,

94 1960 95 1966 ἵ
160 1909 211 1966 pro
241 1904 365 1951 ereatura
382 1893 496 1951 Creator
517 1894 659 1960 occiditur,
675 1907 725 1965 pro
738 1892 874 1964 mancipio
899 1893 956 1948 Do-
975 1853 998 1932 Β
1014 1895 1199 1952 conversando
1211 1895 1237 1951 in
1252 1897 1363 1962 mundo,
1376 1896 1545 1953 exeundode
1556 1897 1809 1969 mund02aplanta

161 1984 252 2042 minus
266 1984 475 2042 condemnaturi
492 1983 550 2040 Tua
564 1990 627 2040 sunt
650 1985 718 2050 nme,
733 1982 840 2038 Christe
863 1995 956 2052 opera,
1013 1984 1091 2056 pedis
1106 2001 1194 2058 nsque
1217 1985 1250 2040 ad
1266 1985 1395 2042 verticem
1416 1999 1470 2040 non
1492 1991 1533 2039 est
1551 1985 1651 2040 sanitas
1674 1987 1702 2040 in
1717 1985 1806 2042 nobis.

161 2074 208 2146 qui
230 2074 264 2130 de
295 2071 398 2130 lumine
418 2072 481 2130 eoeli
501 2072 533 2128 ad
549 2071 675 2128 tenebras
689 2070 797 2138 inferni,
814 2086 831 2127 a
848 2070 960 2126 dextera
1013 2073 1133 2131 Noreret
1150 2075 1208 2130 hmo
1230 2073 1275 2130 ills
1288 2072 1412 2130 sublimis
1428 2074 1568 2144 propbeta,
1585 2073 1631 2144 qni
1647 2081 1744 2128 statum
1759 2075 1809 2129 hu-

162 2163 509 2232 majeslatisadmiseriam
524 2161 707 2228 humanitatis,
722 2176 740 2216 a
758 2160 846 2232 gloria
868 2158 958 2216 Petris
1014 2177 1101 2220 manae
1122 2161 1239 2218 miseriae
1259 2162 1412 2233 deplorans,
1429 2161 1456 2216 in
1478 2163 1536 2217 haec
1555 2162 1636 2217 rerba
1659 2161 1807 2232 prorupit:

161 2251 197 2308 ad
209 2259 324 2310 mntem
345 2251 435 2310 crucis
449 2249 622 2318 descendisti,
643 2249 781 2306 internum
794 2247 960 2306 illustrando
1016 2252 1103 2308 Grave
1126 2253 1227 2323 jopem
1245 2257 1289 2308 esi
1304 2267 1389 2323 seper
1403 2251 1477 2320 filios
1492 2251 1559 2306 lon
1573 2267 1590 2306 n
1603 2251 1648 2306 dle
1662 2248 1762 2307 enites
1775 2251 1808 2308 de

161 2339 300 2398 bominem
320 2340 494 2407 redimendo,
506 2338 662 2412 superando
682 2345 809 2402 mortem,
822 2345 850 2392 el
863 2337 960 2394 mortis
1013 2345 1113 2397 ventre
1130 2342 1234 2396 melote
1247 2357 1347 2397 eorum
1362 2355 1450 2412 usqne
1464 2341 1495 2395 in
1515 2339 1590 2396 diem
1607 2341 1764 2410 sepolloroe
1778 2341 1808 2396 r'n

161 2430 397 2486 auctoremllnus
410 2446 451 2500 es,
472 2437 499 2484 et
510 2429 660 2486 emendum
674 2443 731 2484 non
745 2425 828 2482 babes
851 2440 958 2496 :quern
1013 2431 1137 2484 ominem
1155 2429 1284 2486 omnium
1299 2429 1396 2498 (Eroti.
1414 2443 1457 2492 ru,
1474 2429 1511 2497 l).

162 2517 196 2574 ad
219 2531 270 2576 nos
299 2517 491 2576 redimendum
509 2517 621 2590 propria
648 2515 804 2589 benignitas
821 2511 958 2579 inritauit,
1050 2519 1079 2570 3.
1093 2515 1123 2570 lu
1145 2516 1196 2572 hae
1221 2514 1447 2572 dissimilitudinis
1467 2515 1577 2587 regione
1600 2514 1663 2585 quid
1685 2515 1810 2586 negotia·

162 2605 348 2664 misericordia
368 2607 467 2675 traxil;
481 2605 582 2662 verilm
601 2620 656 2676 qua
677 2611 702 2660 le
727 2610 870 2660 venturum
892 2618 959 2674 pro·
1014 2619 1086 2672 mur,
1105 2603 1222 2660 Domine
1247 2603 1343 2658 borrei
1362 2602 1471 2676 aspicio
1495 2617 1582 2675 genus
1606 2604 1751 2659 humanum
1776 2607 1809 2658 ab

163 2694 277 2752 miseras
303 2695 445 2768 compulit,
461 2695 566 2767 puritas
580 2693 650 2750 ulem
672 2691 813 2766 virginalis
827 2691 959 2763 suscepit,
1014 2698 1076 2747 ortu
1090 2689 1157 2746 solis
1170 2705 1257 2763 usque
1272 2692 1304 2745 ad
1328 2705 1454 2746 occasum
1474 2692 1554 2761 hrrjns
1570 2690 1662 2746 mnudi
1675 2690 1811 2748 nundinas

162 2783 238 2840 selva
252 2782 413 2857 virginitatis
434 2781 592 2856 integritate
618 2780 738 2852 potentie
765 2779 868 2848 eduxit,
889 2779 956 2838 obe·
1014 2779 1219 2852 perambulnr03
1235 2777 1302 2836 alios
1315 2780 1423 2836 divitias
1438 2795 1570 2852 quaerore,
1581 2779 1648 2836 alios
1661 2779 1812 2837 bonoribus

161 2869 264 2928 &ntia
277 2871 305 2926 in
323 2871 451 2928 omnibus
464 2871 583 2938 deduxit,
603 2868 733 2942 patientis
746 2867 870 2940 armarit,
888 2867 958 2924 cba-
1014 2869 1125 2935 inbiere,
1140 2869 1208 2925 alios
1231 2869 1355 2926 favoralis
1379 2883 1453 2924 aurae
1471 2868 1603 2926 suavitate
1627 2869 1736 2940 raptari.
1757 2867 1810 2926 Sed

161 2957 228 3014 ritas
241 2959 332 3017 verbis
346 2968 373 3018 el
390 2959 528 3018 miraculis
539 2957 728 3016 manifestarit.
748 2955 847 3012 Absint
859 2955 957 3028 procul
1013 2958 1141 3029 quidde
1168 2955 1290 3015 divitiis‘.l
1306 2955 1402 3012 Nonne
1422 2971 1485 3013 cum
1508 2957 1600 3012 labore
1622 2955 1809 3042 acquirentur,

162 3046 344 3122 negotiatores
358 3056 438 3106 terrae
453 3049 593 3116 Tbemsm,
608 3044 794 3103 recedenliilli
809 3045 894 3116 Agar,
909 3043 957 3117 qui
1012 3061 1075 3102 oum
1103 3045 1200 3102 timore
1223 3045 1406 3117 possidentur,
1429 3061 1490 3102 enm
1513 3045 1607 3102 dolore
1630 3047 1812 3103 amittuntur?

161 3135 345 3208 exquisierunt
357 3135 547 3210 prudentiam
562 3134 727 3212 elongentur
742 3149 758 3190 e
771 3148 816 3188 me
834 3132 959 3208 gignens
973 3127 995 3208 c
1009 3135 1188 3193 Thesauriaes
1206 3143 1234 3192 et
1260 3134 1370 3207 ignores
1397 3134 1442 3190 oui
1470 3133 1647 3206 congregabis
1668 3151 1700 3190 en
1723 3135 1809 3205 lPsnl.

160 3242 179 3282 a
202 3225 300 3284 secula
320 3225 528 3298 nominationi
555 3227 592 3282 ab
609 3223 687 3282 initio
706 3223 824 3294 inerunt,
853 3225 958 3280 statura
1013 3239 1130 3292 ramat,
1151 3224 1191 3296 7).
1212 3223 1280 3282 Vide
1303 3234 1433 3296 quantum
1462 3224 1584 3279 laborem
1612 3237 1660 3295 pro
1683 3222 1811 3295 perituris

161 3323 270 3388 mgna,
286 3315 406 3373 edentes
430 3314 541 3372 bellum
555 3315 615 3370 Non
638 3315 688 3370 bos
715 3313 798 3384 elegit
811 3310 956 3377 Dominus,
1012 3313 1111 3371 divitiis
1139 3313 1319 3385 assumpsisti.
1341 3313 1451 3369 Transis
1480 3311 1575 3380 maria,
1597 3322 1623 3366 et
1651 3311 1733 3365 alium
1762 3304 1811 3367 tibi

161 3413 250 3475 neque
263 3404 336 3462 siam
347 3404 498 3476 diseiplinre
512 3412 680 3470 meruerunt,
692 3411 836 3475 propterea
859 3401 955 3474 perie-
1014 3402 1108 3460 orbem
1119 3401 1210 3474 aperis
1219 3401 1383 3476 navigando,
1392 3400 1539 3458 seeundum
1552 3400 1707 3470 Sapientem
1722 3399 1811 3456 tribus

162 3501 226 3550 runt
242 3512 247 3550 :
262 3494 395 3552 seddedit
417 3509 477 3552 earn
494 3494 577 3550 lsoob
598 3505 686 3565 puero
700 3506 762 3556 suo,
777 3497 806 3545 et
818 3488 903 3545 lsrael
917 3488 959 3544 di·
1012 3490 1105 3565 digitis
1122 3491 1225 3548 distans
1253 3505 1269 3545 a
1295 3498 1402 3562 morto3
1428 3489 1539 3562 patriam
1568 3489 1652 3562 tugis,
1680 3489 1811 3561 relinquis

162 3581 235 3640 leeto
253 3599 313 3640 suo.
325 3580 500 3640 abscondisti
513 3581 587 3640 enim
600 3582 668 3648 baec,
683 3578 808 3646 Domine,
824 3575 960 3650 asapien-
1014 3588 1149 3653 parentes,
1171 3581 1307 3637 divelleris
1326 3581 1360 3636 ab
1387 3595 1480 3654 uxore,
1502 3577 1572 3634 lilios
1591 3578 1688 3646 neseis,
1710 3587 1738 3634 el
1756 3593 1812 3633 om-

164 3671 277 3730 libnaet
299 3672 487 3744 prudentibus,
503 3671 662 3744 gIganbbus
685 3675 714 3724 el
741 3666 896 3733 nominatis,
912 3666 959 3738 qui
1013 3669 1089 3726 nium
1114 3669 1337 3726 necessitudinum
1365 3669 1475 3735 oblitus,
1495 3667 1594 3741 qureris
1622 3675 1651 3723 ut
1674 3665 1808 3738 acquiras,

163 3761 257 3836 magni
275 3760 340 3819 iacti
359 3769 422 3818 srmt
434 3759 562 3818 videlieet
584 3753 697 3814 1116
709 3757 738 3811 iu
753 3755 841 3812 oeulis
855 3755 914 3811 suis
931 3765 959 3811 ot
1012 3757 1127 3830 acquiris
1139 3769 1170 3812 ul
1183 3759 1288 3828 perdas,
1306 3756 1398 3827 perdis
1411 3764 1440 3812 ut
1453 3758 1556 3814 doleas.
1572 3755 1640 3813 Filii
1650 3757 1807 3823 bominem,

162 3848 292 3908 malasti
304 3865 336 3905 ee
348 3849 472 3922 parvulis
489 3856 517 3905 el
532 3845 681 3904 humilibus
704 3842 759 3900 tuis
787 3843 900 3916 (llatlb.
916 3857 956 3910 m,
1013 3863 1154 3920 cepasque
1168 3848 1248 3919 provi
1264 3845 1370 3904 eorde?
1383 3846 1486 3918 clpcld
1499 3845 1619 3918 dillpr‘lls
1639 3849 1808 3916 comitalem,
1918 3907 1924 3918 ,

164 3939 224 4010 nli).
239 3939 368 3995 Libenter
382 3938 535 4010 amplector
556 3932 768 4010 negotiationem
789 3939 872 4000 tuam,
892 3932 959 4005 <luit
1013 3941 1041 3994 el
1052 3937 1179 4009 poteritis
1194 3934 1394 3992 menducium?
1410 3933 1496 4006 (Psoi.
1508 3947 1547 3999 lv,
1563 3931 1604 4005 3.)
1618 3933 1684 4002 Qus
1704 3943 1745 3991 est
1758 3935 1811 3989 ista

161 4026 303 4100 negotium
317 4041 406 4084 meum
420 4035 471 4083 est.
495 4025 559 4084 ilaec
588 4023 762 4081 mercimonia
775 4036 837 4078 eum
851 4035 958 4078 summa
1013 4024 1155 4092 dementia,
1177 4022 1225 4080 lilii
1248 4023 1343 4094 adam,
1367 4021 1598 4088 circuiremus,
1622 4021 1809 4092 perambulare

162 4118 296 4174 suauitate
310 4116 427 4173 ruminat
454 4115 543 4171 anima
571 4128 642 4170 mea.
663 4113 724 4168 Nou
752 4113 838 4168 solum
866 4117 957 4166 sulem
1013 4123 1107 4183 terras,
1123 4113 1180 4183 rnpi
1194 4119 1269 4168 extre
1283 4110 1419 4176 mundum,
1435 4107 1463 4164 in
1477 4108 1614 4165 laboribus
1628 4109 1766 4181 plurimis,
1782 4109 1810 4163 in

163 4205 360 4272 ruminasset
386 4213 413 4262 el
427 4212 537 4262 revocat
559 4201 767 4259 ruminationem
791 4207 876 4266 mem,
893 4199 957 4271 quia
1011 4199 1115 4275 vigiliis
1133 4200 1236 4271 multis,
1252 4201 1280 4254 in
1299 4199 1411 4270 jeiuniis
1425 4199 1537 4264 crebris,
1561 4199 1589 4253 in
1606 4193 1811 4255 mortibus'lre·

162 4301 190 4350 et
204 4293 504 4368 intelligitqnmdiligit,
519 4300 547 4350 et
562 4287 881 4349 commendelmemoriae
895 4304 956 4360 quae
1010 4281 1148 4362 qneule'ri
1162 4290 1233 4345 Ecce
1257 4286 1350 4360 quales
1372 4287 1480 4344 nilus.
1503 4287 1556 4343 Sed
1582 4287 1647 4360 quid
1666 4287 1700 4343 de
1720 4287 1809 4344 bono-

162 4383 255 4456 slepil.
271 4385 302 4440 lu
316 4382 358 4440 bis
367 4383 594 4458 negotiationibus
618 4379 744 4455 pmeipis
757 4393 820 4435 esse
838 4376 956 4434 animam
1011 4379 1108 4435 ribus?
1130 4380 1160 4435 In
1175 4377 1282 4435 sublimi
1298 4377 1358 4433 loco
1379 4376 1481 4447 positus
1500 4392 1540 4446 es,
1556 4377 1649 4431 ducem
1665 4383 1692 4431 te
1706 4377 1809 4432 consri-

162 4487 263 4544 meam,
278 4469 365 4530 nibet
376 4473 452 4532 navis
466 4470 597 4529 institoris
614 4470 649 4527 de
674 4470 755 4542 longe
767 4476 881 4540 portans
904 4479 955 4539 pe·
972 4481 996 4560 n
1012 4473 1127 4524 luerunt.
1146 4461 1213 4522 Vide
1233 4465 1256 4520 si
1273 4479 1327 4519 non
1341 4463 1503 4536 judicandus
1523 4475 1554 4518 es
1568 4463 1604 4518 ab
1618 4461 1754 4532 omnibns,
1776 4464 1810 4518 ab

162 4577 226 4618 nun
239 4577 330 4620 sumn.
346 4563 513 4638 Negotiebor
526 4561 725 4625 doneorenins,
740 4555 861 4615 venienti
876 4556 955 4614 laetus
1011 4554 1137 4610 omnibus
1146 4553 1318 4624 spectandus,
1331 4552 1365 4606 ab
1380 4551 1505 4608 omnibns
1514 4550 1685 4607 lacerandus.
1696 4551 1724 4605 Si
1734 4551 1810 4607 miles

161 4667 317 4726 occurram,
338 4661 366 4709 el
391 4652 496 4710 utinam
519 4651 650 4709 audiam:
674 4651 757 4721 liupo,
785 4663 864 4706 serare
885 4646 954 4705 borae
1010 4659 1049 4710 es,
1063 4639 1254 4699 er'eubasanle
1268 4641 1361 4696 limina
1374 4639 1512 4712 principis,
1524 4638 1746 4710 ut·prineipalum
1760 4654 1807 4696 ac·

159 4744 252 4813 (Uolt.
271 4757 336 4811 nav,
346 4744 390 4812 al,
408 4743 466 4815 23).
484 4741 534 4797 Tui
549 4747 613 4797 sunt
627 4737 699 4809 coeli,
715 4744 743 4794 el
751 4743 799 4793 tue
810 4743 851 4792 est
861 4743 933 4792 terra
947 4755 955 4805 3
1011 4731 1112 4806 quires,
1129 4737 1155 4786 et
1169 4729 1269 4787 lerrato
1284 4729 1396 4786 restitns
1410 4731 1520 4796 amictu,
1538 4727 1647 4800 propior
1661 4727 1806 4784 esrulneri

159 4833 187 4886 in
204 4829 357 4904 regionibus
371 4831 425 4888 tuis
443 4830 604 4904 negotiabor
619 4843 741 4896 securus,
757 4833 783 4883 te
797 4826 884 4881 solum
909 4825 957 4879 he·
1011 4817 1678 4904 quamhonorimortiquamvilre,periculoquem
1687 4819 1807 4887 premio.

160 4922 228 4979 bens
243 4921 272 4978 in
298 4920 396 4977 itinere
408 4922 516 4990 ducem,
546 4921 574 4975 in
600 4917 726 4991 perieulis
757 4922 955 4988 protectorem,
1011 4911 1039 4969 Si
1054 4911 1087 4966 de
1107 4917 1180 4966 sorte
1200 4907 1310 4966 Domini
1324 4924 1364 4978 es,
1386 4921 1476 4964 nonne
1491 4907 1633 4980 episcopus
1655 4909 1808 4966 itomanam

161 5019 318 5069 consortem
332 5011 361 5068 in
375 5009 557 5068 tribulatione.
1010 4995 1179 5072 pontificem,
1201 4996 1409 5054 archidiaconus
1431 4997 1475 5054 vel
1498 4996 1628 5054 diaconus
1649 4997 1809 5074 episcopum

196 5099 434 5175 necennensium
452 5098 570 5173 quinque
587 5104 661 5169 sunt,
682 5113 749 5171 quas
770 5093 958 5169 perambulant
1010 5083 1276 5168 pertimesoiravide
1286 5086 1368 5144 etiam
1381 5095 1470 5144 utrum
1481 5085 1635 5145 excusseris
1644 5103 1741 5145 manns
1749 5097 1808 5145 tuas

161 5189 197 5246 ad
211 5190 405 5262 negotiandum
420 5190 558 5247 institores
567 5188 617 5257 tui,
628 5187 675 5242 nbi
691 5193 716 5243 le
731 5192 854 5258 qaoerunl
868 5182 958 5240 dilecti
1010 5180 1044 5237 ab
1059 5177 1131 5236 omni
1156 5193 1325 5246 munerans
1344 5191 1404 5233 curn
1425 5177 1538 5234 Simone
1552 5177 1645 5234 audias
1661 5193 1668 5234 r
1686 5179 1747 5234 Non
1765 5181 1808 5233 esi

161 5279 211 5350 lui,
227 5287 256 5336 et
277 5279 418 5338 inveniunt
439 5277 517 5336 electi
536 5277 585 5334 tui.
612 5277 700 5334 Prima
723 5275 802 5349 regio
820 5279 862 5331 est
880 5271 958 5346 regio
1011 5267 1808 5344 dispersaequerorstnsamonoislomotaoolnistloo-

161 5367 398 5426 dissimilitudinis.
426 5365 532 5424 Nobilis
560 5366 605 5422 illa
642 5371 765 5423 creatura
791 5363 819 5419 in
847 5361 958 5434 regione
1010 5377 1082 5416 nom
1105 5357 1230 5442 Spiritus
1249 5360 1343 5414 sconti
1366 5374 1430 5415 eom
1443 5359 1565 5432 monnio
1580 5357 1720 5430 possidere
1732 5355 1806 5426 (Aet.

162 5457 345 5516 similitudinis
359 5457 499 5524 fabricata,
515 5456 578 5530 quia
593 5453 627 5510 ed
645 5454 793 5530 imaginem
807 5451 857 5508 Dei
876 5451 954 5520 isole,
1009 5463 1069 5520 vrrs,
1079 5449 1135 5516 tl).
1146 5447 1217 5504 Nihil
1228 5448 1261 5502 ad
1272 5463 1322 5505 nos
1330 5450 1363 5503 de
1375 5449 1523 5530 rectoribus
1532 5443 1806 5516 Ecclesiaejodieare:

161 5565 224 5604 rum
238 5548 266 5605 in
295 5550 399 5604 bonore
417 5554 498 5615 esset,
515 5561 568 5603 nou
589 5544 722 5602 intellexit
736 5551 763 5601 el
781 5543 816 5598 de
830 5540 957 5600 similitu·
1010 5539 1117 5597 videant
1125 5538 1178 5611 ipsi
1186 5538 1265 5595 amici
1280 5537 1506 5609 spontaneae
1521 5553 1620 5610 sponsa
1632 5537 1809 5610 ereperitexi·

162 5640 230 5696 dine
244 5640 278 5696 ad
292 5639 540 5697 dissimilitudinem
554 5635 707 5693 descendit.
724 5635 823 5710 blegne
847 5621 959 5706 prorsus
1011 5645 1075 5702 gere
1091 5629 1232 5696 rationem,
1248 5629 1292 5700 qui
1305 5629 1407 5698 iudicat
1421 5629 1515 5686 orbem
1532 5637 1610 5685 terne
1624 5625 1652 5683 in
1668 5625 1805 5701 aequitate.

162 5729 366 5800 dissimilitudo,
383 5729 415 5786 de
443 5727 570 5802 paradiso
589 5729 621 5783 ad
642 5725 786 5796 iulernum,
802 5725 835 5780 de
861 5723 959 5797 angelo
1011 5719 1140 5793 Nunquid
1163 5719 1189 5774 in
1214 5720 1315 5776 bonore
1340 5717 1423 5779 111
1427 5717 1452 5777 1
1476 5721 1535 5778 sine
1553 5719 1656 5792 dolore,
1672 5717 1699 5774 irr
1715 5719 1809 5790 praala-
