4116 6348
191 343 245 404 735
658 337 686 434 S,
706 335 871 399 crederer
889 335 1026 398 neutris
1044 332 1361 396 oum-vlttudsts
1782 339 1838 398 736

192 471 287 538 cienis,
318 476 347 524 ut
365 463 476 540 monuo,
508 463 559 518 etsi
591 479 645 520 non
673 463 761 520 omnis
782 479 890 534 sensus,
912 472 984 521 certe
1001 460 1199 556 flnoeessitate
1221 459 1330 518 inventa
1352 469 1415 516 sunt
1433 461 1516 517 verba
1533 482 1540 519 :
1555 461 1616 536 quis
1638 461 1762 520 nmciati
1776 465 1836 520 Ve-

192 573 340 618 eousensus
361 554 454 610 rideret
469 560 496 608 ct
511 552 662 622 abjiciatur.
688 553 730 608 dn
744 553 853 609 dubitas
868 551 984 609 inueniri
1039 559 1189 608 rumtameu
1211 557 1237 606 et
1257 564 1309 606 nos
1332 550 1407 622 ipsos
1422 550 1512 607 verbis
1532 551 1588 621 jam
1601 551 1702 624 alloqui
1726 567 1837 608 neccsse

192 657 219 704 et
231 648 257 702 in
272 646 360 701 anima
373 641 515 716 sanguinis
528 656 581 697 non
597 640 699 697 inutilis
713 640 833 698 inutilem
849 641 986 696 abundau-
1039 646 1088 695 est.
1100 639 1197 696 Nonne
1211 639 1266 696 Deo
1276 638 1402 710 subjecto
1417 640 1484 704 eris,
1494 640 1594 696 enimc
1606 655 1669 698 mco
1680 639 1836 712 trrophetn

192 737 278 793 dum?
293 733 364 790 dudi
380 733 526 804 sapientem
542 730 687 796 medicum,
702 730 748 801 qui
762 739 789 786 et
803 731 890 802 ipsum
906 729 986 786 docet
1039 725 1087 797 ait,
1098 726 1132 784 od
1155 727 1215 799 ispe
1228 729 1303 784 enirn
1327 727 1454 784 solutore
1467 744 1565 786 meone
1578 729 1666 800 (Psoi.
1679 743 1737 796 uxr,
1747 731 1785 800 ι).
1801 730 1834 785 iit

189 822 301 896 justins
315 822 471 893 sanguinem
486 820 659 877 minuendum
672 821 745 887 Noti,
762 817 849 890 inquit
862 819 986 876 nimium
1039 815 1081 870 cui
1101 829 1156 870 uon
1184 813 1342 886 frequenter
1364 831 1474 872 necesse
1498 823 1540 873 est
1562 816 1682 872 animam
1704 832 1835 874 revocare

192 915 350 986 essejostrrr
366 911 469 984 (Eccte.
485 927 533 978 ιιι,
550 910 602 982 17).
618 908 709 964 Simile
724 914 764 963 est
778 915 804 962 ct
817 907 887 963 istud
907 907 983 980 Apo·
1041 919 1129 974 suum,
1139 905 1272 960 advocare
1297 903 1428 960 rationem
1442 920 1531 972 suum,
1542 921 1607 962 suos
1629 921 1779 963 convocare
1793 905 1835 962 ai-

192 1002 254 1059 stoli
268 1018 274 1056 z
287 1003 347 1060 Nee
355 1002 421 1074 ptos
436 1017 542 1074 supere,
555 1016 639 1072 qoem
649 1000 757 1070 oportet
770 1012 875 1070 sapere,
887 997 934 1055 sed
944 1015 987 1052 so·
1040 993 1146 1050 inclusi
1161 992 1213 1049 Cui
1232 1007 1287 1049 non
1301 1008 1369 1066 opes
1383 1004 1425 1051 est
1437 996 1532 1051 crebro
1544 1010 1574 1050 se
1589 996 1677 1067 ipsum
1691 996 1838 1052 convenire

192 1108 256 1164 pere
272 1092 308 1148 ed
330 1091 509 1149 sobrictatem
525 1089 614 1161 (Rom.
629 1102 677 1148 xrr.
693 1085 731 1158 3).
748 1085 796 1141 Cui
814 1092 892 1155 pertas
914 1101 988 1140 venre
1040 1082 1139 1150 verbis,
1154 1081 1297 1154 increpare
1318 1082 1407 1154 minis,
1429 1083 1576 1140 sollicitare
1597 1084 1715 1150 monitis,
1740 1101 1838 1156 urgere

192 1181 358 1253 parcendum
374 1186 414 1233 est
443 1177 465 1232 si
489 1187 515 1232 et
527 1175 641 1248 justitia,
657 1183 682 1230 et
698 1173 827 1246 sapientia
840 1181 920 1244 egent
934 1175 987 1228 nni·
1042 1172 1279 1228 accusationibus?
1293 1171 1365 1241 Quin
1380 1171 1461 1229 etiam
1482 1171 1632 1230 ratiociniis
1655 1175 1769 1230 suadere
1785 1190 1836 1230 ex-

192 1269 328 1325 untione?
360 1264 513 1336 Quiseuinr
542 1263 781 1336 sangnismiliori
804 1261 873 1318 lllnd
900 1269 987 1319 umen
1042 1258 1291 1331 pedit3qnaleest.
1315 1259 1352 1316 At
1371 1259 1523 1333 ipsoeeim
1542 1260 1838 1326 satutaremeemn

194 1366 338 1421 memento,
366 1371 415 1411 nec
444 1353 525 1409 nimis
537 1355 650 1423 justum,
667 1354 787 1422 justum:
820 1369 868 1408 ner.
888 1354 987 1408 ebriam
1042 1347 1178 1406 consolari
1199 1346 1454 1420 aliquando,jnxtu
1473 1349 1550 1420 illud,
1568 1351 1658 1418 Quare
1682 1349 1773 1406 tristis
1794 1367 1837 1416 es,

194 1453 221 1501 ιιι
235 1445 270 1502 ita
295 1446 396 1517 loquar,
416 1427 573 1514 sapientiam
599 1448 706 1513 oportet
725 1441 882 1513 sapientiam
899 1442 988 1499 nomi·
1042 1441 1143 1496 anime
1155 1456 1229 1511 mee,
1245 1445 1274 1496 et
1288 1455 1375 1512 quere
1389 1439 1539 1496 contortos
1552 1437 1712 1508 me?(Psot.
1729 1453 1785 1503 xer,
1797 1437 1839 1508 6.)

193 1535 264 1590 neri.
282 1533 327 1590 Sic
341 1530 467 1588 nimirum
483 1537 510 1586 ct
524 1531 550 1586 in
565 1531 698 1604 sanguine
721 1532 842 1603 corporis
869 1531 990 1587 iuvenire
1043 1539 1069 1585 et
1083 1528 1217 1584 interdum
1230 1527 1301 1585 velut
1314 1527 1440 1594 excitare,
1456 1537 1483 1582 ct
1496 1526 1602 1594 dicere,
1617 1526 1722 1592 modo,
1738 1529 1838 1582 enimn

193 1633 242 1688 est,
258 1623 304 1678 ubi
319 1621 471 1679 excreverit
495 1619 583 1689 nimis,
599 1635 653 1675 uon
672 1621 726 1691 jann
741 1619 934 1676 nutrimentum
947 1620 990 1675 ar·
1043 1633 1116 1688 recu,
1132 1618 1287 1676 Dominum
1308 1617 1396 1688 (Psoi.
1417 1633 1501 1690 cxcv,
1528 1619 1573 1688 l);
1598 1627 1626 1674 et
1644 1631 1837 1687 nonnunquam

192 1710 264 1767 terre
278 1708 396 1780 corpori,
411 1707 458 1764 sed
472 1707 674 1766 detrimontum.
689 1707 873 1777 Quamobrem
888 1709 910 1764 si
925 1724 989 1780 pec·
1044 1707 1199 1782 diligentius
1222 1723 1393 1764 commonere
1413 1707 1447 1762 de
1475 1706 1573 1779 quibus
1597 1711 1714 1776 oportet,
1730 1713 1759 1759 ut
1785 1711 1836 1769 est,

191 1813 254 1854 care
267 1797 381 1853 delectat
394 1796 492 1866 adbuc,
509 1796 620 1869 sanguis
634 1794 749 1853 vitiosus
764 1803 814 1866 est,
824 1803 852 1853 et
866 1797 987 1852 minuere
1043 1798 1169 1864 benedic,
1185 1799 1284 1854 neimo
1297 1813 1371 1866 meo,
1387 1799 1516 1862 Domino,
1527 1801 1554 1854 et
1565 1796 1626 1866 reoli
1640 1793 1765 1850 oblivisci
1778 1809 1839 1850 om·

190 1885 328 1943 festinato.
342 1885 370 1942 Si
386 1885 425 1942 vis
439 1901 521 1958 agere
535 1886 730 1959 poenitentiam,
746 1886 879 1958 castigarc
892 1885 985 1960 [oties
1041 1904 1092 1946 nes
1102 1887 1302 1945 retributiones
1314 1889 1376 1959 ejus
1385 1885 1682 1958 (Pset.cn,t).itnmpe
1692 1897 1837 1938 cormeum

192 1973 299 2049 punire]
320 1981 426 2046 oportet
455 1975 585 2042 membra,
601 1989 700 2044 eorpus
713 1973 846 2048 affligere,
868 1975 989 2044 judicare
1043 1975 1186 2048 dereliquit
1209 1991 1262 2042 me,
1275 1983 1302 2031 ct
1314 1991 1428 2032 necasse
1449 1975 1536 2031 babeo
1550 1972 1584 2028 ad
1608 1971 1766 2042 meipsum,
1783 1972 1837 2028 imo

191 2063 374 2134 ternatipsum,
399 2072 429 2120 ut
450 2078 505 2120 non
524 2063 626 2120 incidas
642 2062 671 2118 in
685 2079 780 2118 manus
794 2062 845 2118 Dei
858 2062 985 2122 virentis.
1042 2065 1074 2121 ad
1089 2081 1133 2121 me
1156 2065 1268 2120 alterurn
1291 2063 1375 2133 loqui.
1393 2062 1480 2135 dtque
1503 2062 1530 2117 id
1549 2061 1654 2118 iuterim
1680 2068 1754 2116 tauto
1776 2076 1837 2114 arn-

191 2154 299 2210 Justum
313 2153 341 2208 iu
355 2151 474 2224 quidem,
491 2153 539 2208 sed
562 2152 596 2208 de
611 2152 675 2224 quid
691 2152 782 2210 nimis.
797 2151 925 2224 Alioquin
941 2169 987 2209 rc-

192 2241 349 2312 primeudes
363 2248 405 2298 est
415 2241 503 2299 terror
515 2241 723 2309 immoderatus,
739 2257 774 2296 ne
789 2247 885 2297 noceat
900 2241 988 2298 unita-

191 2331 223 2402 ti,
241 2329 340 2388 serriut
351 2330 544 2388 indiscretioni.

484 2419 601 2477 SEllbiO
633 2420 704 2476 CIX.

298 2510 336 2568 lie
346 2511 429 2567 irenei
439 2507 585 2582 splendore
598 2510 739 2566 virtutem
747 2509 877 2566 ceream.

227 2597 384 2666 Careamus,
411 2597 517 2664 tratres,
547 2614 582 2654 ne
609 2613 737 2656 vasorum
771 2598 877 2654 interint
902 2615 986 2657 vacuo

193 2685 338 2755 splendore
358 2687 475 2760 decepti,
509 2701 570 2742 sero
597 2686 729 2758 conqueri
757 2687 987 2760 habeamusquod

193 2774 330 2846 lampades
343 2783 444 2833 nostrae
459 2775 659 2850 extinguuntur.
675 2775 731 2848 ligo
747 2775 820 2832 enim
841 2790 904 2832 reor
931 2779 985 2832 mi-

193 2861 266 2916 nime
287 2862 373 2920 tuisse
386 2879 524 2930 accensus,
545 2879 605 2934 quae
619 2872 683 2920 tunc
697 2862 820 2919 ridentur
838 2865 985 2939 exstingui.

193 2948 238 3004 Sic
248 2964 348 3022 nempe
358 2951 455 3007 habes:
467 2953 614 3010 Simileest
622 2967 741 3025 repetem
751 2952 886 3010 centorum
894 2954 986 3013 decem

192 3038 358 3110 serpentine,
375 3057 438 3114 qooe
451 3041 620 3113 accipientes
635 3041 781 3114 tampades
792 3058 858 3100 roos
873 3043 985 3115 (uarro.

190 3141 254 3194 xxv,
284 3125 321 3200 l).
337 3128 513 3201 decipientes
539 3127 614 3196 dixit,
630 3144 682 3184 non
698 3129 893 3188 incendentes.
910 3131 984 3201 ano·

191 3213 350 3272 modoeuim
360 3218 551 3284 accenderunt,
567 3233 627 3290 quae
641 3233 696 3274 nou
708 3228 882 3292 sumpserunt
895 3221 983 3276 oleum

191 3305 306 3359 mcum?
319 3312 365 3362 eut
379 3304 426 3361 ubi
440 3305 511 3381 ignis
529 3306 638 3362 materia
653 3305 748 3379 deluit,
763 3310 901 3381 quomodo
915 3309 986 3382 iguis

191 3390 263 3451 tuiti
273 3393 309 3450 At
323 3394 396 3451 lucet
411 3394 519 3452 castitas
533 3397 616 3452 etiam
641 3411 674 3453 ex
697 3397 797 3469 scipsa.
818 3397 872 3454 Sed
885 3405 987 3472 quanto

189 3479 302 3539 lucidior
317 3484 421 3557 lampas
439 3483 548 3556 ardeus,
564 3501 645 3558 quum
659 3485 719 3542 sine
733 3486 807 3559 igne,
822 3495 896 3545 tanto
922 3489 985 3561 pul·

191 3571 282 3627 cbrier
300 3581 372 3628 casta
382 3574 521 3646 generatio
536 3589 597 3630 cunr
613 3574 753 3632 charitate.
770 3575 815 3632 Sic
829 3587 857 3634 ct
869 3593 886 3634 u
899 3587 983 3636 eete-

192 3658 229 3714 ris
243 3659 428 3732 voluptatibus
458 3663 648 3734 temperantia,
663 3671 691 3720 et
703 3664 830 3735 patientia
844 3666 871 3721 in
886 3668 985 3726 adver-

101 3791 103 3795 ,
192 3746 325 3819 sitatibus,
349 3751 476 3806 honestas
489 3749 517 3806 in
531 3753 748 3824 couversatione,
769 3762 796 3810 ot
819 3754 985 3845 circumspe-

191 3834 245 3891 ctio
259 3835 288 3892 in
317 3851 452 3908 mentone,
477 3839 650 3914 eleemosyna
672 3857 780 3916 qnoque
798 3853 825 3900 et
852 3845 986 3915 ejusmodi

191 3937 274 3994 opera
297 3925 412 3998 pietatis,
440 3929 555 3985 naturali
576 3931 691 4003 quadam
716 3933 824 4001 placere
843 3934 943 4006 gratia,
960 3944 987 3992 et

193 4011 265 4070 reiut
278 4014 398 4088 ingenito
416 4016 516 4076 decore
530 4019 609 4075 etium
620 4021 692 4093 apud
707 4021 792 4078 fatuas
806 4024 925 4096 virgines
939 4041 986 4080 re·

192 4103 279 4160 nitere
305 4105 439 4166 videntur.
472 4109 509 4163 Αι
528 4109 654 4182 quoniam
684 4111 769 4168 vitrea
790 4113 879 4186 magis
906 4131 985 4188 quum

192 4193 272 4263 ignea
285 4193 406 4253 claritate
419 4195 570 4270 fulgebant,
585 4215 619 4256 eo
638 4201 696 4270 ipso
709 4199 844 4273 lampades
857 4218 920 4260 suas
943 4221 987 4260 ur·

193 4281 360 4340 bitrabantur
387 4287 515 4359 extingui,
547 4304 600 4359 quo
625 4290 748 4346 nimirum
779 4291 887 4348 inanem
915 4293 988 4350 bunc

192 4371 365 4517 {penderem
395 4375 428 4432 ab
455 4381 554 4432 aeterna
588 4379 776 4451 conspexerint
803 4379 861 4439 lnce
894 4398 989 4453 repro·

229 4477 259 4516 ιι.

489 4607 606 4668 SERblO
632 4611 689 4666 CX.

193 4717 233 4774 De
251 4717 420 4780 ottoenrtiooe
447 4722 569 4782 bominis
583 4725 619 4782 od
631 4741 661 4782 re
673 4726 777 4798 ipsam,
800 4729 844 4786 oet
862 4732 990 4788 animem

435 4839 438 4846 .
513 4811 606 4852 reem.

229 4901 334 4974 Quanta
357 4916 398 4961 ost
420 4908 531 4965 miseria
562 4920 665 4980 nostra,
681 4921 709 4969 et
724 4913 873 4988 indigentia
897 4925 989 4974 nostru

194 5009 276 5066 quum
284 4993 435 5067 multiplex!
445 4996 533 5053 Etiam
545 5001 636 5058 verbis
647 5019 720 5072 opus
730 5005 869 5061 hebemus.
878 5008 913 5063 Et
925 5023 987 5064 etun

194 5089 339 5156 utrumque
366 5082 402 5140 sit
427 5085 566 5159 misarum,
590 5103 644 5148 uon
667 5091 725 5163 jam
744 5093 840 5149 mirum
872 5093 988 5154 128⁰

195 5171 268 5243 quod
284 5172 354 5230 inter
374 5189 444 5242 nos;
461 5175 557 5231 mirum
584 5179 679 5254 magis,
695 5181 766 5253 qued
782 5183 863 5240 etium
885 5185 918 5240 ad
939 5200 989 5242 uos

196 5261 279 5331 ipsos.
297 5265 382 5324 Nemo
397 5267 453 5324 rctt
469 5284 531 5342 que
541 5273 610 5326 suet
624 5273 656 5328 irr
666 5272 788 5342 bomine,
805 5275 863 5331 ersi
871 5277 990 5346 spiritns

199 5350 322 5409 bominis
332 5355 381 5428 qei
390 5360 432 5413 est
444 5359 474 5412 ire
484 5357 545 5430 ipro
555 5361 581 5428 (l
590 5361 685 5428 corn,
701 5361 756 5434 ιι).
768 5363 856 5419 Chaos
866 5379 989 5438 rriagnum

199 5438 270 5494 inter
291 5455 341 5496 nos
356 5441 491 5499 firinatnm
507 5454 559 5516 est,
576 5447 627 5503 nisi
641 5447 838 5509 interveniente
853 5453 930 5526 qnasi
949 5452 990 5509 in-

198 5535 346 5584 strumento
368 5533 510 5590 verborum
530 5535 576 5591 dut
594 5537 626 5593 ad
647 5537 760 5594 invicem
786 5543 990 5616 transitusqui·

198 5617 263 5672 dam
277 5615 398 5674 cordium
415 5621 441 5675 in
456 5623 698 5683 communicatione
713 5627 914 5698 cogitationum.
937 5633 991 5689 linc

1043 2154 1132 2226 plius,
1147 2162 1250 2226 quanto
1273 2152 1363 2208 minus
1382 2167 1442 2208 sum
1465 2150 1554 2206 adhuc
1574 2165 1700 2206 reversus
1722 2150 1756 2204 ad
1779 2163 1836 2214 cor,

1044 2257 1168 2299 reversus
1193 2242 1218 2296 in
1236 2255 1288 2305 me,
1304 2237 1395 2295 unitus
1420 2238 1535 2310 denique
1556 2237 1623 2293 mibi
1641 2237 1702 2309 ipsi.
1716 2237 1785 2292 Nam
1804 2253 1839 2293 ue

1042 2330 1158 2386 invicem
1175 2328 1286 2400 quidem
1308 2327 1361 2384 erit
1379 2328 1436 2397 jam
1460 2327 1550 2385 vorbis
1568 2326 1623 2393 uti,
1639 2325 1685 2381 ubi
1708 2326 1737 2381 iu
1754 2341 1838 2382 unum

1042 2420 1134 2492 utique
1149 2419 1235 2475 uirum
1252 2417 1399 2493 perlectum
1414 2433 1588 2475 occurremus
1609 2433 1714 2475 omnes.
1729 2417 1838 2490 Oppor-

1041 2517 1106 2566 tune
1120 2508 1202 2582 iqitur
1224 2507 1322 2580 liuguae
1337 2508 1498 2576 cessabuut3
1514 2522 1565 2564 nec
1589 2507 1694 2563 medius
1716 2505 1839 2578 require-

1042 2605 1085 2653 tur
1097 2599 1242 2668 interpres,
1258 2597 1304 2654 ubi
1322 2596 1491 2670 usqueadeo
1511 2596 1629 2653 medium
1652 2613 1734 2653 omne
1747 2593 1838 2651 churi-

1041 2692 1094 2742 tatc
1110 2675 1291 2743 'constraverit
1310 2686 1356 2742 ilie
1374 2685 1467 2742 unicus
1481 2685 1620 2754 Mediator,
1635 2695 1666 2743 ιιι
1688 2695 1715 2741 et
1738 2701 1789 2741 nos
1802 2685 1840 2739 in·

1041 2791 1123 2832 unum
1147 2775 1209 2832 facti
1235 2776 1326 2833 simus
1352 2775 1380 2832 in
1402 2775 1480 2848 ipsis,
1504 2775 1549 2849 qui
1571 2791 1635 2832 rere
1657 2775 1837 2846 sempiterne·

1040 2879 1096 2936 quo
1118 2880 1202 2922 unum
1225 2871 1296 2931 sunt,
1313 2864 1370 2922 Deo
1394 2865 1486 2936 Patre,
1501 2871 1530 2920 ct
1552 2865 1611 2937 ipso
1635 2865 1750 2921 Domino
1776 2863 1837 2918 lesu

1042 2954 1160 3011 Christo.
1705 2945 1708 2955 ⁴

1003 3041 1024 3120 c
1337 3097 1455 3154 SERMO
1470 3098 1542 3153 cxl.

1041 3219 1077 3272 De
1092 3214 1157 3285 lide,
1175 3216 1235 3270 rite
1252 3219 1280 3272 et
1301 3215 1426 3271 ewribm
1445 3217 1644 3282 coniectorem·
1667 3231 1717 3272 see
1740 3214 1774 3270 de
1788 3229 1839 3272 sce

1210 3287 1380 3345 testimoniis
1393 3287 1448 3343 Deo
1461 3285 1649 3360 perdideritis.

1077 3405 1103 3456 l.
1123 3401 1258 3457 AEteruum
1286 3401 1406 3458 coelestis
1433 3401 1545 3474 patriae,
1571 3401 1604 3456 ad
1633 3417 1713 3473 quam
1747 3408 1840 3457 nostra

1040 3490 1222 3566 peregrinatio
1236 3492 1362 3563 suspirat,
1378 3493 1540 3560 felicitatem,
1557 3501 1584 3550 et
1602 3511 1617 3549 e
1631 3503 1723 3551 eontra
1739 3495 1840 3568 geben-

1040 3596 1082 3636 uae
1106 3587 1212 3652 paratos
1237 3579 1328 3652 impiis
1351 3581 1495 3650 cruciatus,
1511 3597 1619 3640 omnem
1639 3582 1769 3638 excedere
1788 3583 1841 3638 bu-

1041 3669 1179 3728 1nauinon
1203 3669 1284 3726 modo
1304 3670 1427 3741 corporis
1450 3687 1573 3738 sensum,
1591 3671 1640 3726 sed
1658 3672 1740 3727 etiarn
1759 3671 1839 3726 intel·

1042 3758 1143 3816 lectuna
1163 3759 1263 3826 cordis,
1282 3775 1361 3816 nemo
1385 3759 1499 3828 dubitat,
1515 3759 1561 3831 qui
1581 3761 1624 3818 vel
1639 3760 1840 3817 nominetenus

1040 3847 1074 3903 sit
1100 3847 1197 3906 tidelis.
1212 3849 1302 3922 Atque
1324 3847 1428 3904 nonam
1447 3848 1551 3906 viveret
1574 3849 1602 3904 iu
1624 3849 1751 3906 omnibus
1774 3847 1840 3906 fides

1040 3937 1102 4006 ista,
1121 3945 1148 3993 et
1169 3936 1362 4006 eredulitatem,
1376 3944 1406 3992 ut
1432 3937 1544 4010 dignum
1567 3946 1634 4006 erat,
1659 3947 1838 4011 sequeretur3

1040 4026 1103 4084 binc
1129 4025 1238 4098 quidem
1265 4025 1451 4097 desiderium,
1480 4027 1544 4084 inde
1575 4026 1673 4084 cinnor!
1704 4025 1774 4096 Quid
1801 4034 1841 4084 cat

1040 4115 1123 4182 euim,
1139 4115 1210 4187 quod
1231 4130 1284 4171 nou
1307 4123 1430 4190 optamus
1453 4116 1533 4172 etium
1559 4133 1607 4188 per
1626 4117 1731 4174 medios
1749 4132 1839 4186 enses,

1041 4211 1098 4276 sut,
1112 4203 1137 4260 si
1162 4209 1296 4276 oporteat,
1316 4205 1438 4262 semiusti
1461 4205 1598 4262 declinare
1621 4205 1757 4263 miseriam
1783 4215 1841 4262 ιιιι-

1003 4283 1107 4402 ntem,
1127 4302 1154 4349 ct
1180 4294 1214 4349 ad
1237 4301 1336 4349 ιιιιιιιιι
1364 4296 1514 4352 accelerare
1538 4296 1664 4370 gloriam,
1688 4295 1742 4351 nisi
1769 4295 1840 4366 qnod

1041 4381 1209 4438 insensibilis
1222 4390 1262 4438 est
1276 4391 1304 4438 et
1326 4391 1432 4440 mortua
1446 4383 1515 4442 tides
1529 4383 1638 4442 nostrat
1651 4383 1762 4441 Accedit
1777 4399 1841 4439 sane

1043 4473 1077 4528 ad
1104 4471 1240 4528 cumulum
1268 4471 1452 4541 infelicitatis,
1483 4474 1574 4530 salutis
1600 4473 1838 4547 impedimentum,

1045 4560 1212 4618 occasionem
1228 4561 1386 4630 perditionis
1410 4559 1607 4635 nostrae,'quod
1621 4563 1648 4618 in
1662 4561 1840 4619 aestimatioue

1045 4648 1152 4720 quidem
1171 4649 1232 4706 finis
1254 4651 1398 4724 utriusque
1421 4650 1527 4708 allectio
1546 4661 1638 4709 nostra
1659 4652 1765 4722 judicio
1784 4666 1838 4708 nou

1045 4739 1197 4806 consentit3
1213 4739 1261 4796 scd
1284 4740 1311 4796 in
1334 4740 1548 4798 consideratione
1569 4741 1671 4799 riarum
1693 4757 1728 4797 ue
1748 4741 1839 4812 ipsun

1044 4827 1151 4902 quidem
1166 4827 1231 4884 satis
1247 4837 1367 4886 wncmus
1378 4829 1511 4899 judicium
1526 4829 1653 4887 veritatis.
1670 4829 1728 4886 Nec
1741 4831 1839 4885 mirum

1045 4917 1068 4972 si
1083 4916 1156 4973 nulla
1171 4918 1298 4975 virtutum
1323 4918 1501 4976 delectatione
1523 4929 1645 4977 moretur
1668 4919 1839 4986 desiderium,

1044 5006 1115 5078 quod
1140 5007 1218 5063 etiam
1240 5007 1310 5064 cirea
1333 5007 1403 5062 iiiam
1424 5017 1551 5066 seruam
1566 5010 1758 5067 beatitudinem
1785 5016 1840 5066 tor-

1045 5104 1103 5167 pet3
1130 5103 1177 5151 aut
1202 5095 1224 5151 si
1253 5106 1412 5168 presentem
1439 5113 1492 5154 nou
1520 5099 1615 5156 metuit
1639 5100 1840 5157 amaritudinem

1044 5193 1224 5256 peccatorum,
1239 5186 1286 5257 qui
1301 5203 1333 5242 ne
1356 5186 1415 5257 ipsa
1441 5189 1552 5261 quidem
1576 5197 1671 5261 perata
1689 5189 1797 5247 diabolo
1816 5198 1841 5247 rt

1043 5273 1147 5348 augelis
1160 5275 1220 5346 ejus
1238 5284 1335 5332 reterns
1348 5277 1477 5350 supplicia
1499 5281 1681 5351 pertimescit;
1697 5278 1749 5336 nisi
1768 5283 1841 5353 quod

1045 5363 1072 5418 in
1095 5364 1203 5421 caeteris
1226 5365 1319 5438 utique
1345 5371 1534 5424 consuevimus
1553 5369 1627 5440 ipsa,
1642 5385 1757 5442 quorum
1773 5370 1842 5426 rici-

1045 5455 1105 5511 nier
1123 5455 1202 5511 uobis
1220 5457 1384 5526 experientia
1408 5468 1460 5528 cst,
1477 5459 1525 5516 etsi
1551 5459 1629 5532 longe
1644 5461 1749 5518 minora
1768 5471 1840 5529 sunt,

1046 5545 1229 5603 veliementius
1248 5553 1274 5602 ct
1294 5547 1413 5616 jucunda
1429 5557 1567 5620 oppetere,
1583 5557 1609 5604 ot
1622 5548 1766 5608 tormilare
1780 5567 1841 5606 rnn-

1043 5629 1121 5687 lenta.
