4086 6344
260 337 314 400 73³
729 313 1096 412 sccuncvcsvecrca
1113 309 1426 376 caen-nnana
1851 307 1904 370 ru

259 458 436 536 animiccpic
443 447 788 532 etplcnitudineacnducn
794 449 913 521 scriptas
920 459 1127 516 menumquam
1133 434 1512 516 depromebat,utvartcbccc
1522 431 1904 510 prvtcncctunecmutcam

258 555 323 612 istis
335 546 552 612 snmmibusee
567 541 692 614 tempore
701 536 849 604 dicuntur,
864 535 949 609 quote
962 537 1004 592 est
1018 530 1104 600 ittud,
1118 545 1184 588 eum
1194 530 1226 586 tn
1240 541 1370 587 sermone
1380 529 1415 583 88
1429 523 1619 586 somnolentos
1632 525 1771 596 increpat,
1787 523 1906 595 aitque:

262 661 274 692 ι
295 637 432 698 Putabam
446 648 491 692 me
516 648 575 690 uno
589 641 716 688 sermone
737 626 853 699 impiere
868 622 940 698 quod
962 621 1081 697 promisi
1104 619 1137 676 68
1150 619 1260 694 duplici
1281 617 1465 691 ipncrcntia,·
1479 617 1507 672 et
1520 613 1660 684 fecissen,
1674 613 1733 669 nisi
1746 609 1907 683 [8888688888

261 727 369 800 tonps'cr
380 723 537 783 videretur.
552 717 691 790 Quosdam
704 713 843 788 siquidem
862 713 1026 777 oscitantes,
1047 708 1181 784 quosdam
1193 711 1223 766 et
1245 705 1415 764 dormientes
1429 705 1554 760 intueor.
1574 701 1629 759 lieo
1647 701 1777 768 vetrum,-
1793 713 1906 772 prcece-

260 815 353 874 dentis
362 811 454 870 noctis
468 809 574 884 cipitioe
585 805 769 880 (tcnps'ssimoe
782 802 884 876 quippe
895 801 1028 872 luerunt>
1042 801 1180 856 88888888
1195 809 1250 853 eos.
1270 814 1282 846 s
1298 795 1334 851 At
1347 797 1570 866 extemporanee
1583 790 1638 847 itia
1650 788 1729 846 dicta
1742 786 1819 844 nibil
1829 801 1909 860 oecsse

259 901 371 979 probet,
391 916 477 975 quom
492 900 569 956 88888
590 911 627 954 ee
640 909 768 953 sermone
781 893 809 961 9,
824 907 855 946 8.
872 891 910 944 8.·
928 909 941 939 c
960 887 1088 946 Occurrit
1102 889 1131 944 et
1153 885 1230 942 otius
1243 897 1353 948 sensus,
1370 897 1453 956 qvem
1466 879 1579 956 quidem
1602 893 1661 937 nvn
1680 891 1907 952 pccpcsueracn,⁸

259 993 308 1052 sed
322 991 441 1049 minime
454 985 612 1061 preteribo.
630 1003 642 1036 s
659 981 771 1040 Accedit
785 977 856 1056 qnod
869 979 1002 1036 recitatos
1017 989 1160 1034 sermones
1173 976 1299 1046 postcao
1318 970 1467 1046 discipulis
1478 970 1567 1041 [uisse
1581 968 1736 1039 descriptos
1748 965 1851 1022 innuit
1862 965 1910 1021 vs'r

260 1085 378 1140 sanctus
392 1079 435 1136 bis
449 1075 561 1134 uerbis:
576 1072 689 1145 Scripta
699 1070 770 1128 sunt
783 1071 816 1125 ut
829 1067 906 1126 dieta
920 1070 1018 1138 sunt»
1029 1066 1073 1121 ait
1085 1077 1214 1121 snmcne
1223 1063 1268 1127 cs,
1283 1064 1339 1117 mi
1354 1080 1365 1112 ι
1378 1061 1532 1132 eteeeeptc
1545 1058 1627 1131 stylo,
1642 1057 1718 1112 sicut
1727 1058 1756 1113 et
1764 1067 1910 1112 sermones

259 1169 366 1240 ecurt,
382 1173 416 1224 ut
429 1167 516 1239 tacite
534 1163 721 1235 recuperetur
744 1158 815 1232 ccscd
836 1159 912 1228 [crte
934 1153 1081 1212 ceciderit.
1098 1169 1111 1206 s
1143 1151 1201 1209 iius
1222 1153 1333 1224 spectet
1346 1148 1419 1222 quod
1438 1147 1543 1222 tepttvc
1563 1148 1596 1203 in
1612 1159 1741 1204 cccccccccc
1756 1143 1804 1211 Π,
1819 1161 1851 1202 8.
1867 1143 1908 1198 t:

263 1279 276 1309 c
292 1257 344 1316 Sed
358 1257 413 1313 etsi
432 1253 536 1312 titteris
549 1251 674 1323 forsitan
686 1246 861 1305 mandentur
873 1245 931 1301 isto
948 1242 1156 1317 praedicimus,
1171 1237 1399 1311 dedipcsabuntur
1411 1237 1535 1310 tepere.»

300 1345 340 1404 Vt.
357 1346 410 1402 Hos
422 1359 507 1418 parca
516 1336 770 1412 sermonespcssim
783 1332 958 1393 declamabat
973 1329 1156 1388 Benscrdue·
1173 1326 1356 1386 incuditcria
1370 1343 1383 1378 s
1399 1327 1573 1397 {ratramni
1586 1323 1697 1398 quidem
1708 1320 1827 1378 novitiis
1835 1335 1911 1394 prae·

260 1433 397 1502 sentibus,
416 1444 587 1488 cccccccccc
608 1428 653 1494 88,
672 1441 702 1482 8.
718 1425 745 1492 6,
762 1440 820 1482 non
832 1439 897 1481 vero
912 1421 1062 1485 conversis,
1074 1419 1123 1492 qui
1137 1416 1276 1491 ejusmodi
1289 1415 1472 1473 conventibus
1482 1429 1541 1474 non
1554 1413 1728 1470 intererant.
1746 1409 1821 1470 68868
1834 1421 1911 1481 sape

259 1523 359 1580 innuit
371 1519 516 1579 auditores
526 1532 590 1576 suos
604 1515 694 1587 888888
704 1515 736 1570 88
751 1513 909 1586 seripturis
923 1510 1012 1568 sacris
1020 1509 1211 1582 peritos,qucs
1228 1523 1241 1557 c
1256 1507 1371 1578 incenia
1387 1525 1401 1554 r
1416 1503 1542 1562 dicendis
1560 1521 1572 1554 s
1586 1501 1743 1574 proeccbcre
1757 1517 1770 1550 s
1783 1499 1911 1556 testatur

259 1613 293 1668 in
315 1608 488 1669 sermonibus
503 1607 548 1675 ib,
561 1621 592 1660 n.
608 1607 643 1674 8;
670 1605 704 1659 tt
728 1618 758 1658 8.
776 1605 801 1668 i,
818 1605 847 1659 et
861 1603 906 1666 88,
922 1614 952 1656 8.
976 1599 1003 1654 8.
1025 1597 1165 1655 Ceterum
1181 1597 1258 1662 iecra,
1275 1607 1483 1668 quoscrmcnes
1492 1592 1544 1648 isti
1559 1589 1741 1656 habebantur,
1754 1585 1910 1660 etipuando

259 1701 416 1764 matutina,
427 1700 496 1754 ante
509 1695 627 1751 missam
641 1694 686 1764 (ut
695 1690 729 1746 de
743 1691 809 1748 otiis
824 1687 1000 1746 sermonibus
1015 1687 1046 1741 in
1059 1685 1214 1758 superioris
1228 1683 1298 1740 tomi
1309 1683 1480 1756 pretatione
1493 1681 1603 1738 dictum
1612 1678 1674 1748 esti,
1687 1675 1839 1752 attpvcndc
1849 1689 1911 1731 ces-

257 1789 375 1861 pertinc
381 1789 454 1843 erat.
470 1785 508 1841 De
522 1782 668 1839 matutino
683 1783 807 1852 tempore
820 1779 1013 1850 interpretare
1026 1775 1080 1833 duc
1096 1775 1166 1840 8888,
1182 1770 1330 1846 inquibus
1345 1771 1508 1829 concionem
1522 1769 1647 1826 dimittit
1659 1770 1776 1841 propter
1785 1763 1910 1822 tabcrecn

259 1873 425 1934 manuelem
443 1877 472 1932 et
485 1871 614 1943 officium
628 1869 769 1926 divinum.
790 1867 836 1925 Sic
846 1869 879 1924 in
887 1866 944 1938 fine
955 1863 1093 1922 sermonis
1113 1867 1125 1919 i
1150 1883 1158 1917 :
1177 1881 1190 1915 ι
1214 1861 1267 1920 Sed
1279 1861 1411 1936 proterit
1424 1859 1504 1924 born,
1522 1877 1534 1910 s
1550 1859 1657 1930 inquit,
1669 1873 1684 1908 s
1698 1871 1754 1929 qva
1766 1867 1817 1911 nos
1830 1865 1911 1910 curre

259 1969 339 2040 ucpct
356 1963 393 2019 cd
411 1977 497 2035 opera
520 1974 663 2018 manuum
675 1962 704 2014 et
720 1959 887 2032 paupertas,
901 1959 929 2013 et
943 1954 1090 2010 institutio
1104 1951 1256 2024 reputeris.
1272 1969 1286 2002 ι
1302 1951 1338 2007 At
1352 1948 1515 2021 cepresstor
1527 1949 1569 2006 est
1583 1942 1655 2002 benc
1667 1945 1701 2000 in
1713 1959 1776 2002 recn
1785 1941 1862 2000 88888
1875 1943 1910 1998 icc

259 2067 388 2112 sermone
405 2049 450 2118 87,
466 2063 548 2122 qvem
562 2045 725 2120 interrupit
736 2044 768 2103 ob
783 2045 941 2101 instantem
958 2039 1056 2101 boram
1075 2040 1166 2111 officii
1179 2038 1280 2097 divini.
1301 2037 1508 2111 Devcspcrtinc
1523 2038 1648 2108 tempore
1667 2032 1852 2107 perspicuum
1864 2031 1911 2088 est

260 2139 456 2201 testimonium
468 2140 501 2194 in
511 2151 639 2195 8888888
650 2137 697 2205 Ἡ,
714 2151 744 2191 8.
757 2136 810 2191 ibe
829 2150 841 2186 c
858 2135 922 2190 tam
940 2132 1018 2188 enim
1027 2129 1193 2202 disputante
1204 2143 1250 2186 me
1265 2127 1385 2200 ivnptus,
1400 2125 1542 2185 inclinata
1556 2123 1678 2182 estdies.
1697 2141 1709 2172 s
1724 2122 1760 2178 At
1770 2120 1839 2178 satis
1853 2119 1912 2174 crsi-

233 2227 243 2246 ‘
259 2233 419 2300 nuticrum,
434 2243 496 2302 quse
511 2228 608 2282 tamen
623 2223 688 2281 buic
701 2223 759 2280 icco
768 2237 826 2281 non
840 2221 917 2277 mate
930 2220 1116 2276 conveniunt.

299 2318 352 2376 tit.
364 2318 511 2375 Scrvncnes
522 2313 637 2370 omniuo
648 2314 771 2387 quatuor
780 2315 809 2368 et
819 2310 923 2382 vipinti
931 2308 1087 2366 absolverat
1094 2303 1255 2363 Berncrdus
1260 2315 1337 2361 anno
1348 2305 1428 2372 iiii,
1440 2317 1495 2376 quc
1500 2317 1578 2358 8888
1586 2317 1619 2359 su
1627 2301 1742 2358 88888888
1752 2296 1790 2356 86
1798 2313 1911 2369 winpo-

257 2407 383 2466 nendum
396 2403 518 2462 ecbismc
530 2402 674 2476 profectus
688 2403 740 2457 est.
756 2398 823 2457 inde
835 2411 964 2455 reversus
978 2409 1054 2452 anno
1063 2395 1203 2467 sequenti,
1218 2392 1255 2449 ad
1269 2407 1339 2465 opus
1352 2391 1551 2449 intermissum
1564 2390 1656 2448 denuc
1670 2404 1700 2446 se
1713 2387 1831 2460 recepit,
1851 2399 1911 2444 888·

257 2490 649 2566 8888888888888888888888
658 2484 1014 2545 888868888888888888888
1024 2503 1034 2539 :
1044 2481 1187 2555 movibus
1196 2485 1314 2540 natcest
1326 2481 1391 2550 itta,
1405 2478 1439 2535 68
1448 2493 1504 2553 qne
1513 2495 1564 2537 suc
1576 2478 1633 2537 8888
1642 2491 1768 2550 memus,
1780 2473 1911 2533 8888888888

257 2585 415 2644 diversitos.
432 2582 578 2640 88888888
592 2582 689 2636 cutem
703 2577 910 2649 seeapesimum
920 2575 1056 2646 quintum
1070 2574 1100 2630 et
1112 2573 1285 2645 sequentem,
1300 2569 1350 2643 qui
1362 2569 1397 2626 ab
1412 2569 1588 2642 sepositione
1601 2569 1687 2625 istius
1695 2579 1804 2630 versus,
1815 2559 1911 2636 Cupite

258 2672 336 2728 vobis
350 2671 445 2743 vulpes
455 2671 593 2742 purvulas,
607 2668 764 2739 incipiunt,
780 2663 986 2738 composuitvir
1000 2662 1120 2720 secretus
1130 2660 1262 2718 adversus
1273 2657 1612 2725 Gotontensesboereticcs,
1627 2655 1774 2714 8888888888
1783 2651 1912 2726 episictoe

257 2761 294 2817 ad
305 2777 334 2818 se
351 2760 466 2831 scriptae
477 2773 530 2831 pcc
546 2755 716 2813 Evervinum
731 2753 918 2829 prepositum
931 2748 1191 2809 Steintetden'scm:
1213 2763 1298 2820 cuam
1314 2747 1464 2820 epistotam
1477 2745 1584 2804 idcireo
1597 2745 1705 2803 duobus
1728 2743 1789 2800 titis
1802 2755 1911 2798 sermo-

256 2847 340 2904 nibus
353 2846 499 2919 precipere
512 2845 606 2901 visum
619 2847 673 2902 est.
688 2845 813 2915 Demque
826 2855 919 2898 sermo
933 2835 1120 2912 octcpesims'cs
1135 2836 1247 2895 babitus
1261 2841 1303 2895 est
1311 2839 1375 2909 post
1393 2835 1547 2893 murittum
1566 2835 1709 2900 ticinense,
1733 2845 1812 2887 anno
1827 2829 1910 2897 8888,

254 2937 396 3008 prasente
413 2933 537 3005 iiupcnic
550 2931 733 2999 cciebcctum,
748 2931 780 2986 in
793 2945 845 3003 ovo
859 2930 1014 2986 6888888888
1027 2930 1069 2986 est
1082 2941 1163 2986 error
1179 2925 1296 2984 Gitberti
1310 2924 1461 2982 Porretcni
1474 2924 1596 2997 episcopi
1608 2920 1806 2986 Pictaeicnsis,
1819 2921 1906 2990 88888

257 3021 422 3080 bernardus
436 3021 496 3093 ipsc
509 3021 541 3075 in
551 3033 582 3077 88
592 3032 721 3077 sermone
735 3021 952 3077 commemorat.

299 3111 366 3168 itit.
383 3111 416 3166 tn
426 3109 570 3182 plerisque
583 3108 790 3178 manuscriptis
801 3104 941 3162 babentur
954 3117 1096 3163 88888888
1109 3117 1229 3162 numero
1243 3105 1278 3159 88
1291 3121 1301 3172 ,·
1314 3103 1348 3159 88
1360 3102 1470 3176 pcucs's,
1484 3101 1517 3157 87
1527 3119 1539 3170 ,·
1549 3100 1647 3158 886888
1660 3099 1693 3160 88
1707 3103 1912 3174 repetitionem

258 3197 398 3259 sermonis
410 3196 542 3269 vicesimi
555 3195 662 3268 quarti,
672 3199 707 3251 ut
716 3193 845 3253 inecdiee
858 3193 1025 3260 6888888888,
1039 3189 1120 3251 88888
1128 3191 1293 3248 6888888888
1306 3191 1428 3248 otterius
1441 3190 1633 3255 sennonis,ut
1646 3190 1912 3249 8888886888-

256 3289 350 3349 nensi.
364 3291 408 3346 88
422 3287 543 3362 quinque
563 3285 714 3352 Vaticanis,
723 3299 792 3358 quos
803 3288 904 3357 rapotu
916 3299 977 3341 mec
990 3281 1138 3338 consuluit
1155 3285 1254 3338 noster
1270 3281 1393 3339 ioannes
1410 3279 1572 3351 Duranius,
1589 3294 1668 3336 unus
1678 3277 1914 3338 bebetscrnscnes

257 3380 374 3437 omnino
384 3377 418 3433 88
429 3391 440 3445 ,·
452 3374 500 3432 sed
512 3373 619 3440 inaiic,
626 3375 675 3447 pui
684 3375 812 3446 sipnatus
822 3374 865 3430 eet
876 3388 908 3428 n.
917 3373 980 3438 888,
992 3369 1110 3427 babetur
1114 3371 1261 3442 pruscttc,
1269 3385 1392 3444 puoenee
1401 3369 1433 3426 88
1443 3367 1714 3441 eiitis,necseriptis
1728 3367 1799 3426 uttis
1807 3369 1914 3441 tepitnr

258 3469 327 3540 Ejus
341 3463 492 3524 scordium
499 3464 541 3520 sic
551 3461 634 3521 babet
647 3480 678 3520 ιι
689 3463 794 3534 Incipit
802 3461 938 3536 prelatio
947 3459 1022 3520 beati
1029 3457 1168 3516 bernardi
1175 3455 1281 3516 08888-
1288 3459 1372 3516 t'cttc's
1379 3459 1485 3517 cbbutts
1494 3472 1579 3530 super
1590 3457 1709 3515 dentice
1718 3459 1912 3516 canticorum.

259 3557 412 3615 Summum
417 3555 595 3612 incentivum
600 3551 704 3608 virtuti
708 3551 942 3625 proposuittteus,
953 3547 1252 3621 tuturcebeatitudinis
1258 3546 1643 3608 nunciencnnnecvns
1649 3549 1913 3622 cvoccsecutscrer·

259 3645 334 3703 roris
345 3643 562 3701 delectationem
570 3653 627 3699 esse
635 3639 762 3696 diabotus
772 3639 953 3712 excapitavit.
966 3638 1118 3709 Utriusque
1127 3639 1205 3695 enim
1214 3639 1367 3698 sententia
1372 3636 1776 3711 praetatindieiumprinceps
1791 3636 1914 3693 bunone

259 3733 372 3806 pencris
381 3729 480 3795 Adam,
489 3728 626 3786 ebornino
637 3727 692 3784 Deo
701 3726 872 3799 inperative
882 3727 1209 3800 voluptatis,utcetcma
1218 3727 1357 3797 seticitate
1365 3725 1912 3799 frueremcadvirtutemtistssriseoecn-

263 3815 520 3890 tisprovcccndvm.
534 3834 546 3867 s
562 3817 631 3872 Tum
638 3812 783 3886 subditur,
794 3815 901 3872 emisso
907 3830 960 3888 per
970 3820 1121 3888 peecatum
1130 3815 1306 3881 innocentia,
1318 3816 1453 3872 amissam
1468 3814 1566 3886 utique
1576 3813 1807 3880 6888888888888,
1817 3814 1915 3871 sedve-

261 3901 1592 3984 pcrcriperpsatmcrumetcanticorumduicedinemetccrscentum.Nibitineaproesoticnead
1599 3901 1853 3975 Becsscrdtstptucn
1861 3905 1913 3958 aut

261 3996 375 4070 ponium
385 3991 1020 4064 aceedit.Prcesaticnisubjiciuutucsermcnes
1031 3999 1145 4054 tantum
1152 3997 1185 4051 88
1194 3996 1244 4052 sub
1254 3993 1406 4052 bectitutc:
1417 3993 1543 4064 stncipit
1550 3993 1688 4064 evpcsitic
1693 3991 1769 4048 beati
1775 3993 1913 4050 Bernardi

265 4082 512 4141 Clare-Vaitcnsis
521 4081 628 4138 abbctis
637 4085 669 4137 in
684 4082 809 4139 conticis
818 4083 1031 4142 censueram.»
1046 4086 1124 4141 Atius
1135 4083 1241 4143 codes:
1255 4105 1267 4132 ι
1279 4082 1385 4153 incipit
1395 4081 1556 4139 deneardus
1565 4080 1913 4154 supercencccoeaotiev·

261 4189 339 4229 cum.
356 4191 369 4224 s
386 4171 464 4229 ccti:
477 4191 490 4221 ι
502 4169 754 4243 incipittractatus
764 4169 841 4228 beati
850 4171 989 4229 bernardi
1003 4171 1112 4229 abbcts's
1121 4171 1154 4228 68
1170 4170 1354 4230 cura-cane
1360 4185 1445 4243 super
1457 4169 1577 4227 Cantica
1586 4169 1774 4227 cantieorum.
1786 4187 1801 4222 s
1813 4171 1847 4226 tes
1855 4185 1914 4226 uno

262 4259 568 4319 colbertinodicuntur
576 4259 962 4330 tractatus,ncnSermcncs,
970 4263 1208 4334 prcvctcrimcre.
1218 4259 1270 4319 Sed
1277 4259 1584 4317 bacteviuscuiusunt.
1592 4259 1914 4330 depositicistedesicsit

260 4351 295 4407 in
305 4354 390 4422 caput
401 4347 522 4421 terttups
533 4345 769 4402 concreditum
778 4363 889 4405 uncum
899 4349 1034 4406 intentata
1044 4347 1225 4422 meoquaesiri
1235 4363 1285 4420 pec
1294 4355 1424 4414 noctee,c
1446 4362 1501 4420 cuc
1512 4346 1680 4406 Gittebectus
1692 4345 1726 4404 de
1746 4347 1912 4420 8888888688,

262 4437 355 4511 etipse
368 4435 565 4494 cisterciensis
574 4433 723 4504 citemus,
734 4447 797 4490 eam
807 4436 987 4495 continuavit
1000 4453 1089 4511 uscue
1098 4436 1135 4496 ad
1144 4437 1242 4511 quinti
1248 4436 1559 4509 capitisbuncversum,
1568 4434 1687 4492 Dilectus
1693 4449 1772 4492 meuc
1782 4433 1915 4492 88868688

262 4523 475 4588 escubicucdvs,
491 4521 577 4579 editis
595 4521 773 4580 sermonibus
786 4527 848 4581 octa
862 4529 892 4582 et
904 4523 1108 4599 quadrapintn
1122 4527 1168 4582 vir
1185 4541 1254 4584 sene
1263 4525 1407 4584 bernardo
1415 4524 1527 4582 dicendi
1534 4525 1676 4596 pravitate
1689 4527 1720 4581 et
1731 4527 1842 4596 pc'etcte
1855 4539 1914 4582 nors

261 4615 389 4673 muitum
398 4612 530 4685 inferior.
544 4613 701 4670 canentem
710 4615 1235 4689 veroutteciusevptcnandoprcpcedi
1244 4630 1322 4674 nors
1340 4627 1377 4671 ec
1388 4615 1524 4672 humenis
1533 4613 1666 4680 abstulit,
1675 4613 1767 4671 vetuti
1780 4612 1851 4670 buis
1862 4613 1915 4670 in·

263 4703 388 4776 dipnato,
399 4701 640 4760 sisiutcsenensi
650 4698 803 4770 88868888,
811 4703 885 4775 quod
890 4705 1089 4779 interruptvm
1098 4720 1151 4762 use
1158 4703 1294 4762 eenncds'
1301 4703 1424 4762 laborem
1429 4705 1536 4762 iterum
1550 4703 1768 4772 continuarem
1780 4703 1914 4773 8688888

264 4789 402 4848 &ducere
418 4791 492 4862 vetis
501 4790 630 4849 auderet.
641 4790 756 4848 Fabitur
764 4791 873 4861 Siccus,
885 4793 935 4867 qui
944 4793 1083 4852 bernardi
1096 4810 1165 4868 opus
1177 4794 1302 4852 «necno
1317 4793 1539 4852 eiioemuamc
1553 4792 1736 4864 sicscnptuns
1755 4789 1840 4849 68888.
1853 4791 1915 4850 cu·

267 4879 366 4937 tebecti
377 4895 521 4937 sermones
535 4881 799 4953 intcmcsepuenti
811 4879 996 4938 adducemus.
1702 4861 1712 4878 ⁸

301 4969 345 5025 ix.
362 4967 473 5025 Prcetec
485 4969 559 5027 banc
573 4971 781 5042 depositionem
794 4971 867 5026 Bern
877 4972 956 5030 :edus
969 4973 1060 5029 atium
1069 4973 1223 5030 securem
1232 4972 1353 5030 dictavit
1367 4971 1517 5030 6888888888
1527 4970 1628 5029 Sancti
1638 4967 1798 5029 8888688888
1806 4969 1914 5038 ntae,

264 5059 311 5116 uti
325 5055 493 5115 duittetcnus
506 5059 567 5129 ipse
581 5059 746 5115 8888888888
756 5058 828 5114 tibrc
842 5059 900 5116 ide
913 5061 974 5133 ejus
994 5061 1056 5118 Vite
1065 5063 1158 5134 cupite
1172 5063 1206 5116 ii
1220 5079 1231 5117 .·
1244 5061 1293 5118 sed
1305 5059 1475 5119 commodior
1488 5061 1545 5117 erit
1554 5060 1587 5118 de
1600 5059 1653 5115 isac
1666 5057 1781 5116 6888868
1793 5059 1914 5117 iecusin

266 5151 339 5206 tcmc
374 5147 486 5219 quinto,
516 5147 564 5203 ubi
596 5146 824 5220 compendiosam
851 5149 883 5202 in
910 5149 964 5209 duo
997 5151 1099 5222 priora
1135 5149 1247 5208 6888888
1278 5150 1375 5225 sopito
1402 5165 1439 5207 88
1469 5148 1611 5209 88888868
1638 5151 1914 5208 annosissima

266 5241 432 5311 reseremus.

299 5329 329 5384 Χ.
346 5325 479 5399 inprime
488 5339 617 5382 snrncne
625 5325 745 5397 tusiocis
755 5326 941 5400 expositionis
951 5327 1110 5386 8888888688
1120 5331 1242 5386 innuere
1248 5327 1373 5394 mdetur,
1384 5343 1414 5386 se
1427 5329 1644 5388 commentarios
1653 5325 1913 5387 edidisusnm

263 5415 338 5473 botas
357 5413 526 5480 8888888888,
541 5416 570 5470 88
583 5413 616 5469 88
630 5413 828 5473 mommsen.
840 5416 885 5475 Sic
894 5415 973 5475 enim
982 5419 1026 5474 eit
1035 5435 1066 5475 n.
1078 5420 1095 5474 2
1106 5431 1114 5472 τ
1129 5419 1225 5476 «Nam
1235 5419 1269 5476 de
1280 5419 1369 5476 verbis
1379 5417 1561 5476 8888868688
1566 5417 1645 5484 satin
1657 5433 1691 5474 sss
1694 5417 1794 5490 188888,
1805 5419 1913 5491 perbn‘

262 5503 605 5576 nodaminstructiestis
614 5505 716 5562 muudi
725 5505 809 5577 buius
815 5521 977 5578 cepncseere
985 5510 1200 5566 etecntemnece
1207 5507 1375 5566 venitatem.
1391 5505 1462 5576 Quid
1471 5511 1500 5567 88
1509 5503 1846 5566 combussimus
1855 5523 1913 5565 son

263 5590 323 5646 vitu
335 5595 461 5653 etmcres
471 5593 558 5649 vestri
565 5594 656 5664 iusta
666 5605 740 5660 eam,
750 5595 935 5668 quceinipsts
941 5596 1100 5664 invenitur,
1111 5596 1270 5656 tvecnnam
1279 5595 1458 5668 miticinster
1466 5594 1914 5658 emmsnnmeseuumccc
