3996 6350
219 357 257 420 aa
694 353 1388 426 s.nusnrun1anaruscmnnvumuusvs
1840 337 1886 396 ⁶⁴

221 499 275 542 me.
291 485 361 541 Boea
373 481 446 539 eninr
460 481 495 536 ad
515 481 567 539 boc
580 481 678 538 missus
692 489 735 539 est
750 481 863 556 angelus
876 481 910 538 ad
926 481 1015 554 Virgi·
1036 498 1061 577 g
1076 483 1122 542 illa
1135 488 1228 563 namne
1257 489 1343 562 virga,
1357 499 1412 559 qua
1433 480 1558 541 feriente,
1581 487 1652 547 aqna
1679 470 1722 526 vel
1737 466 1887 524 dividitur

222 587 294 632 nan.
316 570 539 629 Oadmirandam
562 577 592 628 et
613 570 688 629 omni
709 571 813 629 honore
833 570 1018 645 dignissimam
1077 577 1231 634 transituris
1245 577 1345 648 (lirod.
1368 589 1425 638 mv,
1448 571 1504 641 ld),
1528 565 1572 622 val
1585 562 1621 620 da
1642 566 1720 634 petra
1735 553 1887 614 excutitur

224 655 377 732 Virginem!
392 674 409 716 o
423 658 552 716 feminam
567 658 741 734 singulariter
760 661 954 730 venerandam,
972 679 1018 719 su·
1075 663 1201 722 bibituris
1211 666 1309 738 (lleod.
1321 678 1390 734 xvu,
1399 661 1438 733 6).
1448 657 1556 716 Nullum
1570 661 1661 709 ³11le
1670 643 1887 704 1⁰⁰0¹1V⁶¹¹i⁶¹¹³

221 763 271 821 per
284 763 381 806 ornnes
394 748 510 806 feminas
531 748 729 817 admirabilem,
748 759 894 822 parentum
910 765 1021 822 repara-
1076 761 1127 821 est,
1143 755 1256 812 diversis
1270 754 1352 812 robus
1366 747 1481 808 dvamis
1494 762 1528 802 ax
1546 740 1634 800 causis
1649 736 1787 794 Christum
1801 732 1886 808 fign-

222 833 330 909 tricem,
343 845 516 910 posterorum
530 835 747 896 vimdcatricam!
1076 842 1146 913 rari;
1166 851 1194 899 et
1211 843 1239 899 in
1262 843 1339 915 virga
1362 837 1471 913 quidem
1490 830 1650 906 potentiam,
1674 826 1703 881 in
1722 824 1790 880 fl⁰f⁰
1807 835 1886 877 “³²¹⁰

259 928 287 983 l.
304 927 402 986 limata
416 933 469 1000 asi,
495 925 593 1001 iuquit,
609 930 727 1002 capetus
741 929 778 986 od
797 931 944 1002 Virginem.
961 927 1021 983 vir·
1075 930 1261 1004 fragrantiam,
1276 931 1305 989 in
1319 929 1409 988 fructu
1421 934 1511 982 numm
1526 918 1631 992 saporis
1646 912 1833 976 dulcedinem,
1850 906 1882 963 in

223 1015 317 1089 ginam
331 1031 425 1088 carna,
440 1016 574 1091 virginem
584 1024 686 1088 menta,
697 1017 831 1092 virginem
840 1009 1019 1089 professione,
1077 1019 1218 1078 frondibus
1233 1035 1342 1095 quoquo
1355 1017 1481 1076 sedulam
1497 1013 1558 1082 ojus
1579 1003 1696 1077 intelligi
1718 999 1885 1074 protectio-

224 1103 358 1177 virginem
365 1103 494 1178 danique,
505 1105 613 1177 qualem
623 1107 751 1163 describit
760 1105 916 1177 Apostolus,
928 1113 1020 1162 mente
1076 1124 1150 1177 nem,
1166 1125 1221 1182 qua
1235 1107 1362 1167 videlieet
1375 1102 1501 1179 parvulos
1520 1099 1555 1155 ad
1568 1113 1599 1154 se
1618 1090 1809 1166 confugientes
1824 1085 1885 1144 sub

224 1200 254 1250 at
275 1205 391 1264 corpore
414 1199 536 1250 marcum
550 1195 578 1265 (l
600 1193 661 1253 Cor.
679 1209 729 1262 vn,
747 1195 810 1266 ii);
828 1210 880 1251 nec
902 1193 1020 1262 noviter,
1076 1198 1173 1253 umbra
1196 1197 1300 1255 alarum
1321 1210 1430 1253 suarum
1445 1197 1592 1264 protegere
1610 1199 1666 1241 non
1688 1177 1801 1244 desinit,
1816 1175 1885 1233 sive

227 1297 279 1338 nac
294 1280 404 1338 fortuitu
418 1281 568 1349 inventam,
583 1282 774 1339 sadasaeculo
789 1281 959 1348 electam,ab
975 1282 1022 1338 Al·
1077 1285 1111 1340 ab
1135 1291 1203 1343 aestu
1228 1284 1376 1342 carnalium
1398 1276 1607 1338 desideriorum,
1621 1271 1678 1330 sive
1698 1284 1715 1326 a
1738 1265 1807 1323 facie
1823 1266 1884 1320 im-

227 1369 329 1428 tiammo
343 1371 538 1446 praecognitam
553 1379 581 1429 et
595 1371 645 1428 sibi
659 1377 848 1444 preparatam,
865 1372 901 1427 ab
920 1372 1024 1444 angelis
1077 1373 1195 1446 piorum,
1217 1372 1263 1447 qui
1280 1389 1328 1430 eos
1351 1370 1515 1428 afflixerunt.
1539 1365 1613 1420 Bona
1634 1367 1663 1416 et
1684 1350 1885 1414 desiderabilis

226 1468 399 1526 samatama
415 1459 537 1531 patribus
551 1460 783 1534 praesignatama
801 1460 943 1535 prophetis
957 1477 1023 1533 pro·
1077 1463 1173 1520 ambra
1187 1463 1239 1520 sub
1253 1461 1303 1518 alis
1315 1463 1391 1528 lesu,
1405 1457 1452 1514 ubi
1463 1462 1548 1512 tutum
1562 1457 1605 1508 est
1618 1444 1787 1519 fugientibus
1801 1441 1884 1498 refu·

226 1550 345 1606 missam.
376 1547 603 1607 Sameram
617 1549 790 1623 Scripturas,
806 1561 836 1607 et
859 1552 945 1624 proba
964 1569 1026 1626 quae
1078 1553 1163 1629 giuuq
1176 1557 1284 1624 gratum
1297 1549 1377 1606 fessis
1399 1544 1579 1618 refrigerium.
1595 1538 1725 1598 Miserere
1739 1530 1804 1598 mei,
1818 1531 1884 1586 Do-

226 1637 444 1695 dimitterent
466 1644 494 1696 et
508 1653 560 1713 ego
576 1637 664 1711 aliqua
685 1655 719 1694 ax
742 1639 784 1696 his
805 1639 959 1696 testimonia
983 1640 1026 1697 hic
1079 1641 1152 1698 mine
1174 1642 1250 1707 lesu,
1273 1639 1405 1696 miserare
1431 1633 1501 1702 mei;
1516 1629 1644 1706 quoniam
1666 1626 1694 1682 in
1718 1631 1745 1680 te
1763 1617 1886 1678 confidit

226 1725 368 1784 inseram?
385 1727 420 1782 llt
441 1741 529 1800 pauca
547 1726 643 1800 loquar
665 1727 699 1784 da
723 1728 855 1800 pluribus,
877 1745 959 1801 quam
980 1721 1026 1784 tibi
1081 1730 1171 1786 anima
1183 1744 1254 1796 maa,
1269 1737 1299 1786 et
1321 1725 1466 1784 inumbra
1493 1720 1596 1776 alarum
1621 1722 1727 1771 tuarum
1745 1707 1884 1784 spereb⁰=

228 1815 306 1872 aliam
320 1813 480 1888 praedixisse
494 1815 569 1872 Deus
577 1815 695 1888 videtur,
704 1818 814 1890 quando
824 1818 859 1874 ad
869 1826 1027 1889 serpentem
1043 1801 1066 1878 Β
1081 1817 1170 1876 donec
1189 1822 1309 1874 nauseat
1327 1812 1455 1886 iniquitas
1470 1809 1555 1880 (Psoi.
1572 1819 1626 1868 avt,
1645 1803 1684 1872 2).
1712 1801 1743 1854 ln
1768 1797 1821 1852 boc
1835 1802 1884 1848 ta·

228 1903 466 1963 aitrlrtimicitius
479 1906 672 1979 ponaminter
689 1911 715 1965 tc
730 1912 758 1964 et
772 1902 988 1966 mulieremflit
1005 1908 1027 1964 si
1081 1895 1146 1963 men
1159 1905 1237 1963 lsaiae
1254 1902 1417 1968 testimonio,
1433 1900 1529 1958 florem
1548 1894 1655 1959 Filium,
1671 1889 1779 1961 virgam
1793 1882 1884 1940 intel·
1971 1965 1972 1973 ἵ

228 1993 317 2051 adbuc
329 1993 438 2050 dubitas
452 1993 570 2067 quodda
585 1993 667 2051 llario
680 2010 736 2052 non
753 1995 863 2064 dixerit,
877 1995 939 2053 audi
954 1996 1027 2068 qnod
1082 1996 1136 2072 lige
1165 1997 1294 2062 llatrem3
1310 1990 1481 2066 quoniamst
1495 1987 1582 2059 virga,
1597 1979 1687 2038 floruit
1701 1977 1804 2048 absque
1818 1987 1886 2046 ger-

229 2081 353 2153 seqnitur
369 2099 375 2141 :
392 2085 454 2157 lpac
467 2088 595 2142 caneret
608 2089 695 2160 copul
715 2089 799 2141 tecm
812 2085 895 2158 (Gen.
910 2100 952 2151 ru,
971 2083 1027 2156 te).
1081 2083 1164 2150 nune,
1178 2092 1207 2140 et
1220 2083 1296 2154 virgo
1310 2078 1438 2152 concapit
1451 2093 1508 2134 non
1531 2091 1566 2130 ex
1581 2068 1702 2128 homine.
1717 2064 1775 2120 Nec
1793 2061 1884 2134 virgae

228 2171 278 2228 Cui
293 2171 352 2229 haec
365 2181 473 2230 servata
486 2172 600 2230 victoria
615 2180 666 2241 est,
683 2172 735 2229 nisi
756 2172 866 2230 llariae‘l
887 2173 949 2245 lpsa
964 2188 1028 2244 pro·
1081 2172 1198 2230 virorem
1213 2171 1287 2228 floris
1309 2170 1378 2226 laesit
1401 2165 1519 2232 emissio,
1545 2177 1597 2218 nec
1616 2155 1728 2232 virginis
1742 2151 1880 2226 pudorem

228 2259 271 2317 cul
287 2259 369 2318 dubio
382 2269 462 2336 caput
476 2262 606 2320 contrivit
623 2269 799 2330 venenatum,
814 2277 875 2335 quae
889 2262 1026 2319 omnimo·
1082 2261 1254 2333 sacripartus
1268 2257 1363 2315 editio.

229 2346 291 2403 dam
311 2347 420 2422 maligni
434 2349 639 2422 suggestionem
655 2355 712 2404 tarn
726 2349 761 2404 da
780 2348 871 2406 carnis
885 2339 1026 2416 illecebra,
1116 2353 1145 2409 ’1.
1165 2348 1377 2405 Proferamnset
1390 2343 1441 2400 alfa
1456 2337 1563 2414 Virgini
1576 2336 1666 2404 blatri,
1681 2336 1795 2405 Deoqne
1814 2327 1884 2384 Filio

229 2451 310 2509 qnam
325 2437 359 2492 de
373 2437 473 2494 mentis
486 2437 617 2509 superbia
629 2437 743 2495 deduxit
756 2437 790 2492 ad
805 2435 925 2493 nihilum.
1082 2450 1204 2513 congrua
1218 2437 1253 2493 de
1268 2432 1413 2505 scripturis
1425 2427 1590 2487 testimonia.
1605 2425 1676 2496 Quid
1691 2422 1757 2478 illud
1766 2419 1880 2476 (ledeo-

266 2529 292 2581 5.
317 2524 405 2596 Quam
427 2541 494 2583 vero
518 2525 597 2582 aliam
621 2525 751 2582 Salomon
774 2525 940 2598 requirebat,
965 2542 1027 2584 cum
1083 2529 1125 2585 nis
1138 2526 1223 2584 vellus
1237 2523 1380 2600 signifieat,
1397 2520 1468 2594 quod
1484 2518 1577 2591 utique
1599 2515 1634 2571 de
1652 2527 1735 2571 earne
1759 2519 1882 2572 tonsum,

230 2614 337 2672 dicebat
352 2631 359 2670 ε
383 2616 527 2671 Mulierem
544 2618 650 2687 sortem
663 2615 726 2688 quis
748 2615 894 2672 inveniet?
908 2615 1029 2672 Noverat
1083 2616 1132 2674 sed
1146 2617 1205 2672 sinc
1219 2613 1331 2670 vulnere
1345 2609 1435 2667 carnis
1444 2609 1472 2664 in
1485 2622 1551 2662 area
1565 2603 1686 2677 ponitur,
1703 2606 1731 2656 et
1741 2614 1814 2655 nunc
1825 2599 1886 2666 qui·

230 2703 331 2777 quippe
344 2703 387 2760 vir
399 2703 509 2775 sapiens
523 2704 605 2773 hujus
625 2719 707 2759 sexus
719 2701 916 2773 infirmitatem,
933 2702 1029 2776 fragile
1084 2708 1146 2763 dem
1159 2705 1232 2768 lana,
1249 2715 1321 2758 nunc
1332 2714 1399 2756 vero
1413 2711 1480 2753 area
1492 2709 1554 2751 rore
1569 2689 1741 2764 perfunditur
1754 2687 1830 2758 (lad.
1844 2701 1881 2756 vr,

230 2807 341 2863 eorpus,
356 2789 486 2846 lubricam
501 2796 635 2848 mentam.
651 2789 719 2858 Quia
734 2799 825 2847 tamen
840 2797 868 2846 et
883 2792 970 2848 Deum
985 2791 1028 2848 le·
1085 2791 1385 2864 sarcinularum
1407 2795 1574 2858 assumptam
1597 2784 1631 2839 de
1650 2793 1733 2836 carna
1753 2775 1883 2846 Virginis,

231 2885 311 2952 cerel
335 2875 502 2949 promisisse,
523 2885 552 2934 θῑ
573 2877 610 2934 ile
631 2877 741 2934 Videbat
761 2892 913 2954 congruere
933 2886 961 2935 ul
985 2880 1030 2952 qui
1085 2891 1114 2942 et
1128 2884 1231 2954 absque
1247 2879 1410 2938 detrimento
1426 2871 1608 2949 virginitatis?
1622 2869 1672 2926 Cui
1686 2867 1780 2938 utique
1795 2864 1885 2920 distil-

206 3029 209 3035 ,
233 2967 336 3024 vicerat
354 2981 404 3037 per
418 2965 557 3039 feminam,
583 2966 739 3024 vinceretur
761 2968 922 3039 peripsam,
943 2969 1030 3026 vehe-
1085 2971 1205 3029 lantibus
1218 2969 1293 3026 eoelis
1309 2975 1365 3024 tota
1380 2981 1408 3022 se
1432 2964 1530 3020 infudit
1551 2957 1691 3034 plenitudo
1711 2953 1882 3012 divinitatis:

232 3063 341 3113 menter
353 3055 491 3112 admirans
506 3055 597 3112 aiebat
610 3074 617 3112 :
631 3057 775 3114 liniferem
788 3060 893 3129 fortem
902 3059 966 3130 qais
979 3059 1027 3115 in·
1087 3061 1157 3119 adeo
1165 3066 1236 3116 uter
1246 3057 1296 3115 hac
1308 3054 1475 3128 plenitudine
1485 3067 1581 3108 omnes
1593 3037 1781 3118 acceperimus
1789 3042 1882 3111 (alios,

234 3147 346 3204 amici!
359 3143 438 3215 Quod
460 3153 502 3200 est
525 3144 616 3202 dicere
632 3162 639 3201 ε
656 3139 683 3201 Si
707 3144 744 3201 ita
766 3146 801 3202 de
820 3161 903 3202 mauu
923 3146 1031 3202 feminae
1049 3115 1072 3192 c
1088 3143 1428 3221 acciperemus),quivere
1445 3141 1503 3196 sine
1515 3140 1575 3212 ipsa
1584 3153 1640 3194 non
1649 3134 1721 3191 alind
1735 3145 1817 3205 mant
1830 3136 1885 3196 ier:

235 3235 338 3306 pendet
351 3242 380 3294 et
393 3241 486 3292 nostra
500 3233 618 3292 omnium
632 3235 717 3306 salus,
733 3242 761 3290 et
775 3234 939 3292 innocentiae
954 3231 1032 3292 resti·
1089 3251 1118 3294 ra
1133 3233 1210 3292 arida
1224 3249 1325 3290 sumus.
1341 3232 1408 3288 lluic
1423 3244 1531 3302 quoque
1553 3223 1712 3284 Gedaonico
1733 3219 1804 3275 facto
1819 3231 1884 3290 pro-

235 3322 313 3392 tutio,
328 3323 401 3380 etde
415 3323 492 3380 hoste
502 3321 631 3378 victoria:
648 3322 725 3380 fortis
738 3323 850 3382 omnino
865 3339 980 3380 neccsse
990 3331 1033 3380 est
1089 3323 1227 3398 pheticum
1241 3323 1343 3379 dictum
1353 3319 1465 3394 pulchre
1476 3317 1540 3372 satis
1550 3311 1698 3371 convenire
1707 3309 1824 3378 videtur,
1840 3304 1885 3362 tabi

235 3419 265 3470 ut
283 3411 459 3486 provideatur
472 3411 565 3486 lolius,
582 3411 788 3484 praevideatur),
804 3429 864 3486 qnae
877 3413 912 3468 ad
929 3421 1031 3469 tantum
1089 3415 1206 3488 legitur:
1225 3411 1378 3471 Descendai
1393 3412 1468 3466 sicci
1482 3407 1579 3482 pluvio
1592 3406 1625 3461 in
1638 3401 1739 3459 cellas.
1754 3397 1821 3452 Nam
1837 3409 1886 3466 per

234 3516 304 3574 opus
317 3502 404 3574 possit
418 3500 601 3558 esseidones.
616 3500 670 3557 Sed
694 3501 836 3559 mulierem
860 3501 958 3559 fortem
972 3503 1034 3574 quis
1090 3506 1143 3561 hoc
1157 3502 1228 3575 quod
1242 3499 1374 3573 sequitur,
1387 3492 1669 3557 etsicatstillicidic
1682 3486 1829 3546 stillantia
1842 3501 1886 3542 su·
1973 3481 1974 3536 3

235 3590 373 3648 inveniet?
393 3592 429 3645 At
446 3604 482 3644 ne
506 3589 703 3663 boc'quaesisse
723 3598 834 3662 putetur
848 3591 1033 3663 desperando,
1090 3607 1141 3666 per
1156 3597 1263 3649 terram
1283 3588 1372 3660 (Psoi.
1401 3601 1476 3652 narr,
1499 3583 1537 3656 6),
1561 3581 1634 3638 idem
1659 3579 1739 3634 datur
1762 3569 1887 3642 intelligi,
1973 3569 1974 3590 ³

235 3677 328 3736 subdit
349 3677 550 3750 prophetando,
576 3677 681 3736 Procul
701 3683 729 3737 ef
743 3679 776 3737 dc
795 3675 1035 3749 ultimis‘finibas
1092 3679 1370 3754 quodperinventam
1381 3661 1888 3750 emroremdioamareaml'luvie

235 3767 363 3840 pretium
378 3767 441 3839 ejas
455 3767 548 3837 (Prom
559 3781 641 3833 xxxi,
655 3767 714 3836 1⁰):
724 3765 826 3825 bocest
840 3783 895 3824 nou
909 3767 972 3837 vile,
982 3782 1037 3823 nou
1093 3783 1191 3841 nempe
1206 3766 1370 3832 voluntaria,
1384 3779 1466 3838 quam
1480 3757 1637 3832 segregavit
1649 3756 1723 3812 Dans
1736 3750 1889 3810 haereditali

237 3854 586 3927 parvum,nonmodiocre,
602 3869 657 3910 non
672 3853 1037 3928 deniqnedeterra3sedde
1093 3873 1159 3925 suae,
1184 3855 1291 3928 placide
1315 3853 1391 3928 prius
1415 3860 1443 3909 et
1463 3841 1568 3922 absque
1586 3845 1700 3920 strepitu
1724 3841 1891 3916 operationis

237 3941 316 4014 cmo,
328 3959 380 4001 neo
389 3944 424 4000 de
436 3946 504 4001 coelo
513 3943 639 4016 proximo
651 3944 731 4000 terris
741 3945 858 4016 pretium
868 3943 947 4000 fortis
959 3944 1038 4012 liujus
1094 3932 1229 4016 iinmanae,
1244 3961 1295 4003 suo
1314 3959 1345 4000 se
1368 3940 1536 4015 quietissimo
1559 3938 1655 4008 illapsu
1669 3935 1765 4006 (clicr,
1781 3931 1889 4003 elapsu)

236 4031 367 4098 mobaris,
392 4033 441 4090 sed
469 4049 484 4086 a
513 4046 618 4088 summo
644 4031 713 4089 coelo
734 4033 858 4105 egressio
879 4034 948 4102 ejus.
968 4033 1039 4103 Quid
1094 4033 1245 4107 virgineum
1274 4032 1383 4090 demisit
1408 4031 1436 4086 in
1463 4036 1570 4085 uterum
1596 4046 1602 4081 :
1627 4021 1801 4098 postmodum
1823 4035 1890 4075 vero

237 4121 337 4205 deinde
351 4121 436 4177 mrbus
458 4119 502 4177 ille
530 4123 667 4194 qnondam
690 4121 825 4180 llosaicus
848 4121 1038 4192 portendebat,
1094 4125 1197 4196 ubique
1212 4130 1346 4179 terraram
1365 4120 1462 4177 diffusa
1476 4126 1519 4175 est
1533 4133 1582 4189 per
1605 4130 1654 4171 ors
1672 4110 1890 4186 predicatorum,

238 4211 361 4266 flammas
374 4209 485 4281 quidem
508 4211 644 4279 emittens,
667 4211 716 4266 scd
740 4227 794 4268 non
818 4209 919 4266 ardens
939 4213 1038 4282 (deod.
1095 4228 1150 4269 non
1172 4213 1228 4282 jam
1251 4211 1320 4267 sicut
1340 4208 1430 4282 pluvia
1443 4208 1472 4264 in
1493 4206 1589 4270 vellus,
1613 4201 1661 4259 sed
1676 4199 1745 4256 sicut
1759 4196 1892 4254 stellaria

239 4315 281 4366 tn,
296 4299 332 4369 2),
349 4297 402 4354 nisi
416 4299 527 4354 llarinm
540 4299 705 4371 parientem,
719 4307 747 4355 et
766 4299 889 4356 dolorem
903 4315 957 4356 uon
972 4316 1039 4357 sen·
1096 4301 1223 4359 stillantia
1242 4317 1324 4373 super
1339 4308 1450 4368 terram,
1465 4311 1526 4354 cum
1541 4292 1657 4367 quodam
1672 4288 1766 4358 utique
1776 4284 1891 4356 strepitu

241 4388 375 4445 dentem?
397 4387 478 4459 Quid,
507 4405 583 4464 rogo,
608 4390 687 4464 virga
708 4392 800 4447 Aaron
819 4389 915 4445 florida
939 4391 1039 4464 (Num.
1096 4392 1251 4458 verborum,
1266 4404 1297 4445 ac
1312 4387 1402 4446 sonitu
1423 4385 1622 4442 miraculorum.
1638 4377 1778 4452 Siquidem
1801 4388 1892 4430 recor-

242 4492 313 4542 xru,
331 4481 369 4548 8),
383 4494 435 4536 nec
460 4481 626 4548 humectata,
647 4478 699 4536 nisi
720 4478 806 4550 ipsam
826 4477 1040 4552 condpientom,
1057 4456 1079 4533 ὓ
1097 4482 1167 4537 datae
1179 4489 1243 4535 sunt
1258 4479 1344 4534 nubas
1358 4477 1422 4542 illae,
1438 4491 1499 4550 quae
1515 4472 1662 4547 portabant
1675 4465 1805 4541 pluviam,
1822 4481 1893 4536 prar-

243 4567 366 4639 quamvis
373 4566 462 4624 airum
472 4582 528 4625 non
537 4569 772 4644 cognoscentem?
786 4568 872 4637 liujus
882 4567 973 4642 magni
987 4569 1041 4624 mi-
1097 4566 1265 4641 ceptunrsibi
1276 4565 1358 4623 fuisse
1371 4581 1433 4622 cum
1443 4562 1617 4619 mitterentur
1634 4556 1729 4630 :Quod
1742 4555 1803 4612 dico
1815 4555 1893 4612 nobb

244 4656 327 4714 raculf
354 4657 444 4730 majas
471 4657 632 4730 mysterium
654 4656 737 4713 lsaias
763 4657 906 4724 edisserit,
935 4658 1041 4728 dicens,
1096 4656 1127 4712 in
1139 4655 1270 4722 tenebris,
1281 4654 1367 4710 dicito
1376 4654 1408 4708 in
1416 4652 1575 4717 lancinant
1584 4647 1657 4724 qnod
1666 4647 1698 4703 in
1708 4660 1778 4704 oure
1788 4643 1893 4700 caditis

243 4747 411 4820 Egredietttr
428 4748 508 4820 virgo
532 4747 565 4804 de
582 4747 678 4804 radice
694 4748 776 4818 lesse,
792 4749 885 4818 eidos
900 4748 1043 4806 deradice
1096 4745 1249 4816 praetacta
1259 4759 1344 4815 seper
1355 4745 1431 4800 torto
1447 4739 1558 4812 (fictile
1572 4753 1602 4803 x,
1616 4738 1672 4808 at).
1683 4735 1759 4807 Quod
1783 4738 1812 4789 et
1825 4731 1896 4786 fece-

242 4837 305 4904 ep'as
319 4835 451 4892 memmi
469 4836 535 4904 (iso.
556 4851 595 4902 rr,
621 4837 648 4904 l)
664 4853 671 4893 :
687 4835 802 4909 virgam,
818 4837 972 4912 virgincm;
988 4833 1043 4892 tlo-
1098 4841 1161 4890 runt
1173 4848 1178 4886 :
1192 4831 1304 4888 etenim
1314 4833 1346 4888 ira
1357 4845 1471 4890 omnem
1481 4827 1686 4886 terrcmcxt'oit
1696 4837 1893 4884 susurrorem.

244 4939 314 4992 rem,
329 4922 450 4996 virginiis
463 4931 571 4995 partum
585 4923 749 4998 intelligens.
1100 4928 1128 4982 ei
1137 4923 1169 4978 in
1183 4923 1252 4992 finer
1265 4921 1339 4979 ordia
1355 4925 1439 4978 teme
1456 4918 1540 4976 verbo
1552 4933 1650 4976 eornm
1668 4916 1843 4984 (Psalmis,
1857 4913 1895 4972 dl.

281 5015 309 5067 6.
326 5011 381 5068 Sed
396 5011 419 5068 si
435 5012 483 5068 tibi
499 5013 571 5085 quod
587 5029 658 5070 nunc
671 5014 698 5072 in
713 5013 781 5072 flora
795 5013 918 5072 Christus
931 5013 1045 5086 intelligi
1136 5016 1163 5067 8.
1180 5009 1329 5068 Audiamus
1348 5017 1376 5068 at
1396 5007 1540 5065 ieremiam
1556 5021 1626 5063 nova
1649 5002 1785 5061 veteribus
1803 4998 1895 5054 vatici·

244 5100 354 5169 dicitur,
371 5100 507 5172 superiori
525 5102 632 5159 videtur
654 5103 792 5161 adversari
813 5103 967 5168 sententiae,
991 5118 1046 5172 qua
1101 5109 1223 5166 nantem,
1236 5108 1264 5157 et
1278 5115 1358 5172 quem
1373 5104 1535 5171 praesentem
1547 5102 1700 5149 monstrare
1716 5103 1770 5145 non
1782 5092 1896 5159 poterat,

248 5206 302 5250 non
316 5191 402 5262 virge
426 5191 503 5258 flore,
520 5191 569 5248 sed
583 5192 657 5250 floris
679 5194 769 5250 fructu
784 5193 922 5267 designari
936 5192 1047 5248 diceba·
1101 5195 1247 5247 venturum
1262 5198 1289 5245 et
1303 5188 1432 5245 ardenter
1446 5182 1657 5246 desiderantem,
1666 5185 1694 5234 at
1703 5175 1819 5232 fidenter
1832 5187 1894 5243 pro·

249 5285 307 5346 tur;
324 5279 435 5338 noveris
445 5279 474 5335 in
488 5279 585 5338 eadem
603 5283 737 5340 Aaronica
751 5281 828 5358 virga
842 5282 915 5356 (quae
928 5296 983 5339 non
997 5295 1046 5336 so·
1104 5279 1257 5336 mittentem
1274 5297 1279 5336 :
1298 5279 1413 5340 Novam,
1430 5273 1527 5345 iuquit,
1543 5271 1650 5329 creavit
1665 5266 1801 5326 Dominus
1815 5280 1897 5335 snper

248 5368 304 5425 lum
319 5368 419 5436 llornit,
435 5369 483 5426 aad
506 5377 535 5426 et
557 5370 679 5428 fronduit
696 5377 724 5428 et
744 5369 860 5427 fractum
875 5368 975 5440 emisit)
991 5385 1047 5424 non
1104 5373 1212 5426 terram
1229 5388 1235 5422 r
1252 5367 1361 5439 semino
1371 5361 1558 5420 circumdabit
1570 5363 1666 5416 virum
1691 5359 1802 5428 (faram.
1817 5368 1895 5416 xxxi,

250 5455 336 5514 sotum
361 5455 427 5514 flora
450 5459 493 5517 vel
512 5458 613 5528 fructu,
629 5459 680 5515 sad
702 5458 771 5531 ipsis
799 5459 880 5514 etiam
905 5456 1049 5513 frondibus
1104 5457 1241 5530 liliosae
1255 5464 1296 5512 est
1309 5455 1367 5510 lime
1383 5451 1501 5508 fenrinai
1517 5451 1578 5522 quis
1593 5463 1658 5504 vero
1674 5447 1724 5502 iste
1740 5443 1798 5499 viri
1812 5445 1862 5496 dut
1875 5441 1898 5494 si

251 5545 380 5602 eumdem
394 5546 552 5620 significari.
580 5547 696 5608 Noveris
720 5557 746 5605 et
769 5546 842 5620 apud
862 5549 973 5619 lloysan
998 5563 1049 5603 nec
1106 5547 1157 5617 vir,
1173 5546 1309 5619 quomodo
1331 5562 1346 5600 a
1362 5542 1465 5599 femina
1478 5537 1683 5597 circumdatus?
1698 5540 1745 5590 aut
1759 5532 1808 5589 sia
1823 5529 1898 5586 lemi-

247 5630 338 5691 frnctn
357 5635 449 5712 virge,
465 5654 516 5694 nec
527 5639 606 5707 flora,
621 5637 672 5695 sed
686 5637 746 5709 ipsa
760 5637 836 5709 virga
851 5635 1049 5707 demonstrari3
1107 5653 1142 5693 na
1156 5633 1316 5694 circumdari
1330 5639 1433 5706 potest,
1453 5627 1590 5704 quomodo
1609 5625 1671 5682 viri
1692 5623 1727 5684 Et
1741 5629 1770 5679 ut
1786 5620 1900 5693 apertius
