4118 6346
129 427 178 480 Sil

661 415 929 474 antecessione
951 413 1073 473 DOlliNl
1087 417 1205 475 SERMO
1227 417 1258 478 V.

1726 427 1779 480 Μ

49 557 50 560 ’
128 561 232 614 eorum,
259 559 320 600 eam
345 543 379 596 ab
399 541 438 596 eis
462 557 522 597 sese
546 541 734 612 pronuntiaret
761 543 871 605 iterum,
899 547 926 594 et
945 557 968 634 fl
990 539 1090 596 Habere.
1106 557 1136 604 u,
1152 541 1191 610 3).
1207 541 1327 612 Apostoli
1341 543 1436 597 decem
1451 545 1511 600 dies
1525 547 1552 601 in
1568 545 1618 603 hae
1634 553 1779 620 exspecta·
1827 583 1832 594 ·

49 643 50 678 ι
128 636 255 690 adderet:
272 635 327 702 Quo
338 630 930 703 epoaada,aosnonpotestisveniremado?

128 725 220 796 (toan.
253 737 316 787 vni,
344 722 400 788 21.)
432 719 532 788 Quidni
560 726 776 775 concuterentur
805 719 928 787 viscera,

49 827 52 842 ’
129 805 927 876 turbareturallectushaesitaretanimus,haereretvultus,

128 907 241 971 paveret
248 897 364 962 auditus,
375 897 545 952 necomnino
555 896 746 968 aequanimiter
755 893 930 951 discessionis

130 989 190 1057 ejas
213 1001 303 1042 sermo
317 984 537 1056 possetadmitti,
554 991 584 1039 ιιι
606 984 775 1056 relinqueret
789 999 846 1050 eos,
862 997 929 1054 pro-

49 1089 51 1114 ι
128 1090 183 1146 qao
197 1073 287 1130 omnia
296 1071 490 1143 reliquissent?
504 1073 640 1129 Caeterum
649 1087 704 1128 noa
719 1079 749 1128 at
767 1077 891 1127 maneret
902 1069 930 1122 in

126 1180 217 1230 carae,
234 1162 286 1218 sed
301 1169 332 1218 ut
345 1161 540 1217 transferretur
558 1163 592 1216 ad
610 1161 746 1234 spiritum,
761 1168 835 1216 totas
848 1159 882 1214 ab
897 1174 930 1213 ao

124 1261 153 1308 ιιι
167 1252 238 1307 illurn
256 1265 373 1306 carnem
395 1249 590 1321 discipulorum
610 1249 697 1306 iuerat
716 1249 846 1306 collectus
865 1248 932 1304 aiic-

126 1351 196 1410 ctm,
218 1349 249 1396 ut
276 1339 367 1395 dicere
390 1344 463 1394 osset
482 1339 646 1410 aliquandos
671 1340 733 1396 atsi
756 1339 931 1412 coenavimus

49 1449 50 1460 ι
130 1425 781 1499 Christumsecundarncarnem,sednancjam
791 1426 932 1484 nonnoni-

49 1539 51 1556 ι
128 1533 193 1572 mas
208 1518 248 1584 (li
262 1515 325 1572 Cor.
342 1529 370 1580 v,
383 1515 438 1584 tc).
455 1513 532 1570 Unde
546 1522 574 1570 et
588 1515 802 1590 benignissimas
816 1514 862 1569 ifle
877 1529 933 1568 ma·

49 1625 51 1660 ι
129 1605 218 1672 gister
231 1600 340 1655 blandis
354 1617 403 1657 eos
416 1602 545 1662 refovens
566 1603 794 1659 consolationibus
809 1602 863 1658 ait:
882 1605 933 1661 lio·

49 1717 52 1752 r
129 1691 433 1763 qahoPatremrnearq,
446 1690 572 1746 stolium
580 1689 933 1761 Paracletamdada'taodis,

49 1803 52 1840 ε
131 1778 934 1851 Spiritamaaritatiaqnivodiacammaneatincaeternam

986 627 1057 684 tione
1072 629 1212 699 sederunt,
1223 638 1432 700 perseverantes
1441 633 1605 690 unanimiter
1614 637 1642 691 in
1656 637 1780 692 oratione

984 731 1044 770 cum
1069 714 1227 771 mulieribus
1250 723 1277 770 et
1294 717 1385 785 liaris,
1402 725 1488 773 matre
1511 721 1661 794 insufflet.
1684 742 1704 794 ι,
1724 723 1779 795 tt).

984 805 1017 858 Et
1030 813 1058 860 tu
1072 804 1155 876 igitur
1168 820 1247 861 orare
1262 805 1345 876 disce,
1360 805 1437 863 disce
1451 823 1586 879 quaerere,
1602 820 1706 880 petere,
1723 812 1781 884 pal-

984 907 1054 959 sare,
1072 893 1160 950 donec
1175 893 1307 962 invenias,
1324 895 1412 950 donec
1425 896 1553 967 accipias,
1565 897 1653 953 donec
1672 901 1780 970 aperia-

986 990 1027 1036 tur
1051 982 1108 1039 tibi.
1132 983 1214 1038 Novit
1227 983 1360 1039 Dominus
1384 983 1544 1056 figmentum
1574 991 1666 1044 tuam:
1692 985 1781 1042 fidelis

984 1079 1036 1137 est,
1051 1086 1106 1127 non
1123 1079 1148 1126 te
1162 1071 1279 1142 patietur
1295 1071 1392 1126 tentari
1407 1089 1489 1144 supra
1503 1087 1584 1145 mam
1598 1073 1697 1142 possis.
1713 1075 1782 1130 Con-

985 1157 1039 1214 lido
1062 1159 1176 1230 inipso,
1201 1160 1276 1232 qaod
1305 1161 1327 1216 si
1350 1159 1465 1217 fideliter
1489 1163 1702 1235 exspectaveris,
1731 1180 1783 1220 nec

985 1249 1057 1305 diem
1081 1251 1215 1306 decimum
1239 1250 1417 1322 exspectabit.
1438 1251 1588 1308 Praeveniet
1601 1258 1676 1309 certe
1695 1251 1722 1307 ia
1737 1252 1784 1308 be·

985 1339 1185 1395 aedictionibas
1199 1339 1351 1396 dulcedinis
1365 1339 1515 1395 desolatam
1529 1341 1646 1396 animam
1662 1349 1691 1397 et
1704 1356 1784 1398 oran-

988 1434 1041 1482 tem
1055 1434 1084 1481 ιιι
1099 1426 1214 1482 ieliciter
1227 1434 1255 1482 et
1270 1443 1325 1483 non
1339 1427 1374 1482 ad
1387 1428 1571 1500 insipientiam
1587 1428 1636 1484 tibi
1649 1427 1784 1486 consolari

988 1531 1114 1582 renuens,
1141 1515 1166 1569 in
1187 1515 1269 1586 ipsius
1301 1515 1432 1574 memoria
1457 1517 1610 1588 delecteris,
1636 1518 1784 1574 inebriatus

986 1603 1021 1656 ab
1035 1602 1160 1658 ubertate
1175 1602 1272 1658 domus
1293 1605 1353 1672 Dei,
1375 1614 1402 1660 et
1416 1605 1561 1678 voluptatis
1581 1608 1642 1677 ejus
1663 1615 1784 1664 torrente

987 1695 1105 1763 potatus.
1134 1691 1178 1747 Sic
1192 1690 1317 1747 nimirum
1338 1700 1365 1749 et
1387 1693 1499 1749 Elisaeus
1523 1694 1662 1767 quondam
1690 1709 1784 1750 orasse

988 1779 1096 1852 legitur,
1110 1795 1170 1834 cum
1184 1777 1370 1835 dulcissimam
1395 1779 1460 1835 illud
1477 1781 1613 1851 solatium,
1628 1780 1695 1836 Elias
1708 1798 1781 1854 prae·
1828 1819 1830 1826 ·

49 1893 50 1900 ι
130 1869 223 1936 (loa-n.
240 1881 303 1934 ιιι,
318 1865 379 1936 16ι;
395 1866 519 1922 etitem:
536 1870 589 1938 Eae
602 1867 755 1922 veritatem
770 1867 831 1923 dico
845 1868 932 1932 nobam
951 1857 973 1934 Β
988 1867 1105 1922 sentiam
1120 1865 1173 1920 sibi
1186 1866 1328 1938 plangeret
1341 1867 1563 1924 subtrahendam.
1575 1869 1629 1924 Sed
1641 1867 1784 1925 considera

49 1971 51 2016 ;
129 1955 245 2027 expedit
260 1955 335 2011 cobis
349 1957 385 2011 at
394 1955 560 2027 eqoaadara.
572 1955 633 2011 Nisi
646 1955 723 2010 enim
737 1954 838 2011 abiero.
850 1955 935 2010 Para·
989 1953 1145 2026 diligentins
1159 1953 1222 2025 quid
1243 1955 1370 2024 oraverit,
1388 1955 1488 2027 quidve
1503 1971 1667 2027 responsum
1681 1956 1716 2011 sit
1734 1971 1784 2026 po·

49 2073 51 2106 2
129 2044 218 2100 eletas
241 2059 300 2098 aaa
323 2044 418 2098 veniet
436 2044 471 2098 ad
487 2060 535 2099 vos
558 2041 651 2114 (toan.
676 2057 736 2108 xvv,
758 2044 797 2114 7).
823 2041 935 2098 Grande
989 2043 1110 2099 stulanti.
1128 2043 1189 2114 Oro,
1204 2042 1300 2115 inquit,
1321 2043 1443 2110 demine,
1460 2048 1493 2100 ct
1515 2043 1701 2117 fiatspt'ritrta
1717 2048 1786 2101 tana

49 2163 51 2186 ι
128 2131 299 2201 mysterium,
317 2131 415 2188 iratres
428 2131 497 2188 mei!
515 2129 584 2198 Quid
604 2131 676 2186 enim
699 2131 753 2186 sibi
774 2131 850 2188 vult:
876 2132 936 2187 Nisi
990 2132 1096 2205 duplae
1116 2133 1147 2188 in
1160 2131 1358 2190 mammarum
1382 2131 1513 2205 duplicari
1527 2131 1552 2189 ei
1564 2132 1688 2205 spiritam
1702 2147 1785 2203 opor-

129 2239 176 2290 aqa
192 2221 298 2288 adiero,
315 2221 481 2277 Paracletus
496 2220 683 2278 nanneniet?
698 2221 772 2276 lta'ne
787 2219 873 2278 invisa
888 2222 935 2274 Pa·
991 2222 1074 2288 tebat,
1104 2229 1135 2277 ut
1147 2221 1270 2292 magistri
1288 2221 1413 2278 abeuntis
1426 2221 1576 2277 absentiam
1599 2222 1686 2294 gratia
1699 2219 1787 2293 dupli·

49 2369 50 2374 ἵ
131 2309 236 2363 racleto
252 2307 400 2379 praesentia
419 2307 530 2374 Christi,
547 2307 815 2364 autcontubernium
839 2307 935 2363 Domi·
991 2316 1049 2364 cata
1064 2309 1213 2381 suppleret.
1244 2308 1320 2364 Unde
1335 2315 1363 2365 et
1386 2307 1458 2364 Elias
1473 2308 1507 2363 ad
1527 2324 1607 2366 eum:
1623 2310 1657 2366 Si
1670 2309 1784 2374 videris,

49 2461 50 2464 Ἴ
131 2397 203 2450 nicae
236 2396 327 2451 carnis
342 2396 458 2468 Spiritus
486 2405 596 2452 sanatus
615 2398 755 2464 horrebat,
780 2411 841 2470 quae
869 2395 937 2452 sicut
990 2396 1087 2468 inquit,
1103 2397 1308 2468 qnandotallar
1323 2400 1394 2462 aaa,
1409 2396 1785 2470 fietqacdpetbtilll'llep.

49 2523 50 2526 ι
133 2483 935 2557 augeiopraenuntiantecognovimus,neeeoncipiquidem,
992 2501 1022 2550 n,
1045 2489 1072 2554 9,
1089 2485 1143 2556 tc).
1160 2483 1312 2555 Duplicavit
1326 2484 1397 2540 enim
1422 2483 1546 2555 spiritam
1562 2483 1629 2540 visio
1652 2482 1786 2549 abeuntis,

49 2611 51 2644 ,
130 2570 231 2626 nisieo
247 2572 457 2642 superveniente
473 2573 590 2644 potuerit
605 2573 683 2645 (lca.
699 2589 722 2639 ι,
741 2570 881 2644 35,)Οιιίιι
895 2580 937 2626 est
991 2587 1051 2629 cam
1075 2572 1217 2628 evidenter
1244 2583 1336 2642 raptus
1355 2575 1383 2628 in
1405 2571 1513 2638 coelum,
1539 2572 1666 2629 universa
1687 2571 1789 2642 pariter

49 2699 50 2736 3
130 2675 219 2730 ergo:
238 2661 300 2716 Nisi
318 2676 366 2732 epa
381 2661 485 2729 adiero,
505 2662 671 2720 Paracletus
685 2678 743 2718 non
757 2659 937 2718 canietiNisi
991 2663 1052 2733 ejus
1070 2661 1206 2718 desideria
1216 2676 1308 2717 secum
1324 2660 1392 2726 tulit,
1408 2668 1438 2715 ut
1456 2661 1590 2733 inciperet
1603 2661 1662 2732 ipse
1679 2669 1789 2732 qaoque

129 2747 223 2802 carnis
245 2749 391 2818 praesentia
403 2749 499 2804 vestris
518 2750 692 2804 subtrahatur
707 2749 872 2820 aspectibus,
886 2747 937 2818 spi·
990 2750 1046 2819 jam
1060 2764 1157 2821 sapere
1166 2764 1228 2821 quae
1238 2764 1345 2805 sarsum
1357 2757 1431 2814 sunt,
1443 2763 1498 2805 non
1509 2764 1571 2820 quae
1580 2763 1664 2820 super
1674 2754 1787 2803 terram.

129 2836 237 2891 ritualia
265 2837 361 2910 gratiae
388 2837 589 2908 plenitudinem
616 2845 749 2910 occupata
775 2853 854 2893 mens
880 2853 935 2894 aon
992 2836 1142 2909 Duplicavit
1169 2837 1293 2908 spiritum
1326 2835 1393 2894 visio
1421 2835 1556 2906 abeuntis,
1586 2841 1616 2892 ut
1642 2834 1790 2891 intellectui

128 2923 252 2980 admittit
267 2940 322 2979 non
337 2925 433 2997 recipit
447 2925 561 2994 animus,
578 2926 715 2997 noncapit
730 2924 864 2982 allectus?
990 2926 1137 2999 spiritualis
1150 2923 1446 2996 jungeretaraiiectus,
1464 2941 1524 2981 curn
1552 2925 1612 2992 ipsa
1627 2925 1732 2994 utique,
1747 2923 1788 2978 rui

166 3017 211 3068 13.
232 3012 305 3082 Quid
320 3014 398 3070 vobis
411 3014 532 3083 videtur,
553 3014 654 3070 iratres
664 3001 721 3070 i'Si
737 3014 795 3071 baec
809 3015 846 3070 ita
861 3021 933 3084 sunt,
992 3013 1159 3085 potissimum
1173 3012 1333 3082 inhaerebat,
1348 3028 1430 3069 carne
1451 3021 1544 3082 raptus
1556 3013 1584 3068 in
1598 3011 1708 3070 coelum.

128 3101 184 3156 imo
200 3101 318 3172 quisita
333 3109 406 3168 sunt,
418 3101 519 3158 audeat
530 3102 634 3175 quisde
650 3110 750 3158 caetero
760 3102 936 3174 phantasticis
1029 3105 1072 3158 tc.
1087 3101 1166 3171 Quod
1181 3101 1332 3160 evidentius
1345 3101 1372 3155 in
1391 3101 1520 3172 apostolis
1539 3101 1676 3158 invenitur
1689 3100 1789 3173 imple-

129 3189 299 3262 quibusdam
315 3189 451 3246 illecebris
465 3192 584 3262 deditas,
606 3200 713 3247 sectans
728 3191 862 3248 lenocinia
874 3208 936 3248 car·
953 3151 975 3230 c
992 3199 1059 3247 tam.
1077 3189 1128 3247 Ubi
1137 3189 1209 3245 enim
1218 3189 1372 3248 videntibus
1383 3188 1434 3243 iliis
1448 3205 1512 3245 saus
1521 3189 1654 3246 illeJesas
1664 3198 1719 3244 tam
1727 3183 1790 3244 'ma-

128 3278 172 3333 nis
182 3295 253 3350 suae,
265 3279 355 3335 caruis
365 3281 458 3351 utique
471 3279 642 3352 peccatricis,
654 3279 755 3354 genitae
764 3279 792 3335 in
806 3281 935 3352 peccatis,
992 3279 1091 3336 nileste
1111 3279 1233 3336 elevatus
1243 3291 1293 3343 es,
1311 3285 1339 3333 et
1352 3276 1491 3334 serebatur
1502 3277 1531 3332 in
1546 3277 1656 3349 coelum,
1673 3285 1791 3334 atnemc

130 3377 255 3424 assuetae
279 3369 407 3440 peccatis,
431 3369 533 3441 inqua
557 3369 674 3441 denique
688 3370 790 3424 bonum
805 3385 860 3426 non
885 3377 936 3439 est,
993 3383 1087 3426 eorum
1110 3383 1179 3440 opas
1201 3367 1315 3424 haberet
1328 3365 1509 3438 interrogare,
1533 3365 1594 3436 Quo
1607 3359 1711 3423 vadis?
1732 3367 1791 3440 ipsa

129 3455 206 3510 illum
231 3456 338 3527 pariter
358 3464 518 3528 exspectare
547 3457 738 3513 Paracletum?
764 3458 881 3515 Audeat·
894 3459 937 3514 iu·
992 3459 1061 3532 jam,
1085 3457 1166 3513 atita
1184 3455 1309 3523 dixerim,
1333 3455 1440 3512 oculata
1454 3455 1509 3512 fide
1535 3455 1623 3513 edocti
1638 3461 1702 3512 sant
1724 3471 1789 3526 sup-

129 3557 227 3613 quam‚
254 3543 302 3614 qui
324 3545 386 3614 huic
409 3543 581 3616 sterquilinia
608 3560 718 3616 semper
741 3546 867 3613 inhaeret,
892 3547 938 3619 qui
992 3547 1078 3619 plicas
1091 3545 1120 3600 in
1134 3545 1231 3601 coelum
1246 3545 1338 3602 levare
1351 3543 1453 3612 oculos,
1466 3560 1548 3615 puras
1562 3544 1675 3602 tendere
1686 3559 1791 3614 manas,

128 3645 248 3684 earnem
263 3629 348 3697 iavet,
370 3629 398 3684 iu
413 3645 494 3686 carne
510 3631 635 3699 seminat,
651 3647 748 3688 canem
762 3633 846 3703 sapit;
866 3631 939 3688 iliam
994 3634 1126 3706 promissa
1141 3634 1193 3690 sibi
1206 3634 1277 3690 dona
1302 3633 1492 3690 charismatum
1512 3633 1690 3706 postulantes,
1705 3635 1792 3690 donec

129 3717 313 3773 nihilominus
332 3718 548 3774 consolationem
562 3735 689 3792 supemaa
703 3719 871 3788 visitationis,
888 3728 940 3775 tor·
995 3721 1071 3778 lieret
1085 3729 1198 3794 repente
1211 3721 1246 3776 de
1260 3720 1329 3778 cralo
1343 3735 1428 3777 sonus
1443 3720 1612 3778 advenientis
1630 3722 1739 3794 spiritus
1749 3736 1793 3780 ve-

129 3813 245 3862 rentem
260 3807 407 3878 voluptatis
422 3808 507 3874 illum,
524 3807 597 3864 illam
620 3825 733 3881 sperare
748 3809 863 3882 gratiam
877 3809 940 3880 Spi-
994 3810 1140 3878 hamentis,
1160 3808 1331 3866 advenientis
1353 3808 1448 3881 utique
1466 3809 1548 3884 ignis,
1564 3826 1645 3881 quem
1661 3809 1792 3866 Dominam

128 3894 201 3949 ritus
217 3895 403 3962 vehementis,
420 3912 511 3967 quam,
524 3903 554 3950 ut
563 3897 669 3952 Veritas
683 3898 744 3969 ipsa
754 3905 876 3966 testatur,
889 3913 954 3954 nec.
996 3898 1074 3954 lesus
1102 3897 1227 3952 mittebat
1241 3897 1270 3952 in
1289 3903 1400 3967 terram,
1430 3899 1524 3953 volens
1552 3899 1727 3954 vehementer
1745 3914 1792 3956 ac·

127 3999 192 4038 cum
216 3983 282 4054 ipsa
305 3984 414 4056 quidem
432 3983 515 4040 Verbi
537 4001 618 4041 carna
643 3987 785 4057 percipere
806 3986 942 4042 ullatenus
998 3985 1088 4043 cendi.
1120 3986 1232 4042 Constat
1260 3984 1393 4058 siqnidem
1410 4001 1458 4041 cos
1473 3993 1500 4041 et
1514 3985 1589 4056 prius
1602 3985 1730 4056 Spiritum
1744 4002 1792 4041 ac-

128 4071 253 4143 apostoli
264 4073 434 4142 potuerunt?
448 4073 528 4128 Errat
542 4074 664 4140 omnino,
683 4074 780 4147 siquis
803 4075 942 4132 coelastem
998 4077 1113 4148 cepisse,
1130 4091 1192 4132 cum
1205 4074 1333 4132 videlicet
1346 4074 1494 4132 insulilavit
1505 4074 1555 4144 eis,
1572 4081 1599 4130 et
1610 4073 1694 4130 dixit:
1710 4067 1790 4132 Acci-

128 4159 207 4216 illam
228 4159 403 4216 dulcedinem
419 4161 481 4216 huic
505 4162 600 4228 cineri,
617 4163 745 4220 divinum
764 4163 829 4219 illud
851 4164 942 4220 balsa-
996 4165 1057 4237 pite
1074 4165 1212 4238 spiritam
1226 4163 1459 4236 sanctam(loan.
1472 4179 1523 4231 xx,
1537 4165 1595 4231 22);
1607 4162 1657 4218 sed
1670 4159 1793 4235 spiritum

130 4264 209 4304 mum
237 4245 326 4305 92⁷
346 4249 409 4305 haic
432 4266 548 4318 veneno,
575 4251 738 4307 charismata
759 4252 805 4307 illa
831 4253 943 4324 spiritus
998 4251 1080 4323 plane
1095 4251 1158 4308 iidei
1172 4261 1200 4308 et
1215 4251 1411 4324 intelligentiae,
1428 4267 1483 4308 aon
1497 4252 1623 4322 iervoris,
1640 4266 1694 4323 quo
1709 4247 1796 4322 magis

131 4336 250 4392 misceri
272 4351 353 4407 posse
367 4337 522 4406 hujusmodi
549 4340 684 4396 illecebris
702 4339 861 4396 arbitratur.
877 4341 942 4396 Fal·
1000 4340 1203 4396 illuminaretur
1226 4341 1303 4409 ratio,
1320 4356 1401 4413 quam
1423 4339 1638 4396 inflammaretur
1665 4338 1795 4408 affectio;

132 4425 212 4491 leris,
238 4423 343 4480 Thoma
367 4434 472 4494 saneta,
492 4426 603 4496 falleris,
628 4428 651 4482 si
669 4427 775 4495 videre,
798 4428 942 4484 Dominam
958 4460 982 4537 n
999 4430 1073 4502 qaod
1091 4428 1220 4501 duplicati
1232 4427 1326 4500 utique
1350 4428 1459 4500 spiritus
1474 4443 1544 4499 opus
1560 4426 1618 4487 luit.
1634 4425 1709 4494 Quos
1723 4426 1797 4483 enim

133 4529 247 4586 speras,
264 4513 297 4566 ab
308 4515 492 4583 apostolorum
507 4515 784 4588 collegioseparatus.
797 4517 857 4573 Noa
872 4523 944 4572 amat
999 4517 1119 4574 Verbum
1157 4515 1244 4573 Patris
1264 4577 1267 4582 Δ
1285 4516 1454 4589 disciplinam
1482 4524 1509 4572 et
1537 4514 1697 4587 sapientiam
1712 4514 1796 4588 [alias

132 4601 249 4656 Veritas
262 4600 388 4673 angulos,
404 4618 460 4658 non
474 4603 498 4660 ei
513 4603 663 4661 diversoria
676 4605 794 4677 placent.
808 4606 838 4661 ln
853 4605 944 4664 medio
999 4605 1155 4678 scientiam]
1169 4612 1232 4661 aute
1245 4604 1387 4676 docuerat,
1403 4609 1431 4659 et
1445 4602 1584 4660 intellectu
1602 4600 1800 4674 adimpleverat

134 4694 207 4757 stat;
227 4687 255 4743 id
271 4696 313 4744 est
328 4689 470 4762 disciplina
483 4699 509 4746 et
523 4693 578 4748 vita
592 4693 740 4762 communi,
757 4693 945 4749 communibus
998 4694 1081 4751 corda
1109 4708 1218 4761 eorum,
1244 4692 1394 4748 adveniens
1416 4691 1509 4763 utique
1529 4689 1702 4762 postmodnm
1725 4689 1797 4764 ignis

132 4778 238 4833 studiis
271 4778 430 4839 delectatur.
469 4781 626 4856 Usqueqao,
661 4783 755 4852 miser,
786 4781 945 4842 diverticula
999 4781 1120 4851 divinus,
1137 4786 1165 4835 et
1179 4779 1320 4838 inveniens
1333 4781 1389 4850 jam
1411 4778 1581 4851 receptacula
1603 4779 1713 4850 munda,
1728 4779 1799 4836 iniu-

133 4873 245 4938 captas,
269 4874 299 4921 et
313 4868 513 4927 consolationes
541 4872 661 4944 propriae
692 4873 839 4931 voluntatis
870 4879 944 4928 tanto

133 4952 235 5009 labore
264 4954 401 5026 quaeritas,
420 4963 495 5042 tanta
512 4959 612 5015 rubore
636 4960 798 5016 mendicas?
813 4963 845 5017 Et
879 4958 944 5032 qaid

134 5041 220 5114 iaeio,
238 5043 352 5116 inquis?
380 5045 453 5115 Ejice
473 5047 608 5114 ancillam,
631 5057 659 5104 et
674 5048 757 5105 filium
781 5051 859 5120 ejus:
887 5064 942 5104 non

49 5139 50 5162 ³
133 5133 213 5189 enim
229 5133 318 5188 haeres
333 5133 386 5188 erit
400 5133 470 5208 tilius
485 5134 590 5191 ancillae
605 5153 665 5192 curn
682 5136 736 5194 filio
751 5137 847 5193 liberae
858 5137 939 5209 (Gen.

135 5237 202 5289 ιιι,
222 5223 278 5290 ιθ).
293 5221 381 5287 Nulla,
398 5231 427 5278 ut
442 5223 544 5280 dictum
560 5235 610 5292 est,
631 5227 776 5283 corrventio
791 5225 897 5283 veritati
916 5235 943 5282 et

135 5309 265 5376 vanitati,
281 5309 333 5366 laci
344 5319 371 5368 st
386 5311 519 5380 tenebris,
536 5312 641 5385 spiritui
652 5321 679 5369 et
689 5315 774 5380 carni,
789 5313 846 5390 igni
860 5323 887 5370 et
907 5322 944 5370 te-

135 5397 261 5468 piditati.

176 5490 225 5541 tl.
251 5488 304 5542 Sed
327 5487 390 5544 dnm
412 5488 457 5545 ille
481 5497 611 5562 moratur,
627 5489 747 5564 inquies,
772 5491 832 5549 sine
854 5491 944 5566 aliqua

135 5577 330 5633 consolatione
349 5594 410 5635 esse
429 5594 484 5634 noar
509 5595 629 5652 possum.
646 5582 703 5653 lma
721 5597 787 5638 vero
802 5583 825 5638 si
840 5598 942 5638 moram

136 5665 255 5736 fecerit,
272 5673 399 5738 exspecta
414 5683 492 5739 eum;
508 5670 571 5742 quia
594 5670 698 5737 veniet,
713 5678 741 5728 at
756 5688 813 5728 non
828 5671 944 5729 tardabit

1001 4871 1040 4926 dit
1063 4867 1174 4926 uberius
1200 4867 1275 4924 dona
1301 4867 1504 4936 charismatum,
1529 4875 1556 4924 et
1580 4867 1608 4923 in
1630 4865 1797 4942 spiritualem

1000 4959 1112 5017 omnino
1130 4955 1243 5013 mutavit
1262 4971 1393 5027 amorem,
1408 4964 1438 5012 at
1453 4972 1568 5032 secema
1582 4957 1612 5012 in
1627 4957 1668 5014 eis
1681 4957 1796 5014 ebaritas

999 5047 1075 5106 fortis
1090 5053 1119 5103 ut
1134 5062 1217 5114 mors,
1235 5045 1290 5116 jam
1318 5061 1374 5102 non
1392 5046 1475 5104 moda
1498 5045 1581 5118 iores,
1606 5047 1655 5104 sed
1682 5063 1717 5104 ae
1736 5045 1795 5118 ipsa

998 5137 1106 5210 quidem
1120 5150 1170 5191 ora
1182 5143 1294 5206 propter
1309 5142 1410 5190 rnatum
1423 5134 1437 5188 J
1441 5135 1580 5192 adanorum
1595 5134 1723 5192 claudere
1736 5133 1796 5206 dig·

998 5233 1118 5282 nasetur.
1134 5223 1184 5280 Cui
1198 5238 1248 5279 aas
1265 5222 1362 5296 gratiae
1383 5239 1430 5294 pro
1446 5232 1547 5280 nostrae
1563 5222 1718 5296 'exiguitatis
1732 5237 1794 5279 mo·

998 5314 1062 5372 dulo
1077 5319 1273 5387 praeparantes,
1286 5311 1425 5370 exinanire
1438 5329 1491 5384 per
1501 5312 1592 5369 omnia
1602 5310 1794 5384 nosmetipsos,

998 5413 1026 5462 et
1039 5420 1055 5459 a
1070 5401 1296 5458 delectationibus
1318 5400 1437 5470 miseris,
1454 5409 1482 5458 et
1494 5399 1605 5458 caducis
1628 5399 1795 5458 consolatio-

998 5492 1079 5548 nibus
1101 5505 1234 5548 evacuare
1258 5489 1428 5560 studeamus,
1444 5487 1621 5560 dilectissimi,
1638 5489 1721 5547 corda
1743 5505 1794 5546 no-

997 5589 1068 5638 stra:
1093 5578 1267 5652 maximeque
1296 5578 1414 5634 instante
1437 5593 1513 5634 nuuc.
1533 5577 1577 5634 die
1602 5577 1682 5649 festo,
1698 5586 1726 5636 et
1740 5578 1795 5636 ier·

996 5668 1113 5741 vendas,
1134 5675 1161 5724 et
1179 5665 1327 5724 fiducialius
1347 5665 1521 5724 unanimiter
1541 5682 1750 5740 perseveremus
1764 5665 1797 5723 in
