4118 6346
195 411 244 474 ill
646 419 682 482 IN
698 419 898 484 Nattvmaftt
918 423 948 483 B·
969 421 1085 486 mamm
1102 421 1249 484 mactNts
1267 421 1386 484 sunno.
1784 416 1837 481 lli

195 554 283 614 aream
298 538 447 614 rigaturus,
461 547 547 600 totum
560 540 647 600 vellus
660 543 735 616 priua
751 544 849 604 infudit
862 545 990 620 (fodra
1007 563 1032 643 Α
1048 563 1109 606 mua
1123 546 1248 620 gratiana,
1261 553 1290 603 et
1302 561 1352 618 ιιι
1365 545 1478 603 Nartem
1499 561 1666 620 quaramum
1682 545 1748 618 qnia
1761 547 1836 618 quod

195 629 293 700 illd)
308 630 519 704 :redempturus
533 633 681 689 humanum
695 649 793 706 genus,
808 635 924 709 pretium
935 636 992 694 uni·
1046 636 1153 712 quasit,
1169 635 1282 701 invenit,
1297 644 1325 694 et
1347 635 1471 692 frustrari
1486 649 1541 692 ιιι
1564 643 1663 708 potest,
1682 635 1840 706 Quaeramus

195 731 305 774 versum
327 719 442 776 contulit
464 719 492 776 in
513 719 637 776 llariam.
653 721 757 796 thuid
772 723 851 780 boc?
864 723 945 782 Eorta
964 732 995 779 ιι
1048 727 1174 802 gratiam,
1189 726 1239 784 sed
1252 723 1371 798 gratiam
1385 724 1457 794 apud
1468 724 1554 781 Deum
1570 739 1652 782 :nam
1667 725 1737 794 apud
1752 723 1840 782 horni-

194 814 372 865 excusaretur
384 809 444 866 Eva
461 823 510 879 per
523 808 615 878 libam,
632 817 658 868 et
671 812 783 882 querela
797 811 850 870 viri
864 813 994 872 adversus
1048 829 1097 872 nes
1115 813 1203 888 gratia
1218 812 1308 870 fallax.
1328 810 1457 882 Qnaerant
1472 810 1519 866 alii
1548 811 1681 876 meritum,
1696 827 1747 868 nos
1763 811 1840 870 inve·

196 892 326 951 feminam
351 895 479 968 deinceps
500 897 646 969 sopiretur.
669 899 713 957 Ne
745 899 848 958 dixeris
870 902 954 975 ultra,
978 917 995 959 o
1048 902 1108 960 nire
1119 901 1237 976 gratiam
1247 901 1417 958 studeamus.
1430 898 1501 968 Quid
1516 898 1686 956 eniminum
1695 901 1790 970 gratim
1800 906 1842 956 est

197 983 286 1040 Adam
302 1005 309 1040 :
326 987 426 1043 ffnlicr
434 1002 520 1059 qoam
526 987 630 1046 dedisti
639 988 723 1059 milri,
740 988 818 1048 dedit
830 990 945 1050 mafrido
961 991 995 1048 la'·
1048 990 1120 1063 quod
1134 990 1180 1048 bic
1194 989 1305 1048 sumus?
1318 987 1442 1045 Profecto
1459 985 1649 1043 misericordiae
1663 983 1769 1041 Domini
1788 993 1839 1052 eat,

194 1090 250 1148 gno
272 1075 355 1133 ιιιιιι
371 1075 451 1142 (ιιι.
468 1090 512 1146 ιιι,
529 1076 592 1149 ft);
609 1076 652 1134 die
666 1076 758 1150 potius
776 1095 784 1134 ι
799 1077 897 1136 Mulier
915 1095 995 1153 quam
1050 1079 1122 1153 quod
1136 1095 1192 1137 non
1210 1095 1303 1136 sumus
1316 1075 1466 1148 consumpti
1484 1090 1547 1132 ιιι.
1562 1073 1613 1144 Qui
1633 1071 1695 1129 nosl
1711 1073 1767 1130 Nos
1781 1089 1842 1144 par-

199 1161 298 1218 dedisti
313 1161 388 1227 mibi,
405 1178 448 1219 me
462 1163 562 1221 cibavit
576 1164 664 1222 fructu
679 1167 831 1224 benedicto.
842 1167 996 1225 Piissimnm
1049 1169 1114 1240 juri,
1130 1184 1180 1226 noa
1193 1166 1316 1234 adulteri,
1333 1182 1384 1223 uos
1397 1163 1551 1230 nominee,
1568 1178 1619 1218 nos
1632 1167 1767 1234 raptores,
1774 1178 1842 1232 pur·

199 1263 264 1304 sane
280 1248 445 1320 consilium
461 1250 509 1306 sad
530 1250 595 1306 latet
609 1250 723 1308 forsitan
738 1252 821 1320 aliud,
837 1269 887 1310 nec
911 1262 996 1312 totam
1050 1268 1174 1331 gemente
1190 1256 1284 1330 utique
1297 1255 1389 1314 mundi
1403 1255 1496 1325 hujus.
1512 1251 1649 1310 Consulite
1662 1249 1843 1308 conscientias

198 1335 252 1392 boc
271 1343 324 1392 est.
338 1337 439 1394 Verum
452 1338 479 1393 id
494 1338 675 1412 quidem,sed
690 1357 787 1415 parurn
801 1350 851 1414 est,
867 1343 995 1416 otfallor‚
1050 1355 1162 1415 vestras,
1178 1345 1285 1418 fratres,
1308 1352 1335 1402 et
1361 1344 1461 1409 videte
1485 1341 1547 1415 qnia
1560 1339 1608 1398 ubi
1621 1337 1766 1396 abundavit
1789 1338 1842 1394 de-

199 1422 341 1480 desideriis
354 1426 461 1484 vestris.
476 1426 599 1484 Dulcedo
612 1428 687 1485 laetis
702 1439 762 1488 est:
781 1430 902 1488 elicietur
916 1431 996 1498 forte,
1052 1434 1156 1502 lictum,
1174 1434 1379 1507 superabundat
1394 1439 1421 1490 et
1435 1432 1531 1506 gretia.
1546 1429 1691 1487 Narianon
1698 1427 1845 1500 pretendit

200 1513 223 1567 si
238 1512 333 1570 fortius
347 1517 509 1589 premimus,
523 1526 550 1574 ιι
560 1517 700 1594 pinguedo
712 1520 806 1592 butyr.
822 1518 913 1578 Altius
932 1534 998 1592 ergo
1051 1523 1188 1589 meritum,
1204 1524 1253 1580 sed
1280 1522 1393 1594 gratiam
1408 1521 1515 1594 quaerit.
1540 1518 1662 1591 Denique
1675 1533 1762 1590 usque
1776 1515 1844 1572 adeo

200 1601 370 1674 intueamini,
391 1614 492 1678 quanto
510 1605 662 1665 devotionis
685 1606 814 1666 affectus
836 1608 915 1664 nobis
938 1623 998 1665 eam
1051 1611 1110 1668 fidit
1136 1611 1242 1687 gratim,
1257 1619 1284 1668 ιι
1309 1627 1363 1669 ιιι
1391 1611 1475 1667 altum
1498 1608 1577 1680 sapit,
1602 1615 1634 1666 ut
1658 1604 1844 1662 salutationem

201 1691 316 1749 volucrit
330 1693 471 1761 honorari,
485 1695 530 1768 qui
545 1695 628 1752 totius
641 1695 704 1752 boni
724 1696 923 1767 plenitudinem
945 1714 998 1770 po·
1052 1698 1203 1770 angelicam
1216 1705 1351 1756 versatur.
1369 1699 1468 1768 Nerio,
1487 1696 1584 1769 inquit,
1598 1693 1739 1768 cogitabat
1753 1693 1844 1768 quate

203 1779 259 1838 suit
271 1779 299 1836 in
312 1781 415 1838 Narin:
431 1792 462 1839 ut
475 1784 589 1856 proinde
607 1786 631 1842 si
645 1785 712 1860 quid
729 1787 787 1860 spei
801 1786 830 1842 in
854 1789 932 1846 nobis
945 1793 997 1858 est,
1054 1792 1126 1845 essct
1139 1787 1198 1844 icto
1212 1787 1349 1844 solatoria
1360 1785 1440 1858 (boc.
1455 1803 1475 1851 ι,
1490 1785 1549 1858 29).
1562 1783 1696 1862 Nimirum
1706 1797 1766 1839 sese
1775 1782 1847 1837 salu·

201 1867 226 1924 si
240 1869 304 1941 quid
318 1872 422 1944 gratim,
438 1872 535 1946 siquid
551 1874 654 1944 salutis,
673 1875 708 1931 ab
722 1891 754 1932 ea
777 1876 934 1933 noverimus
953 1847 1039 1932 re-B
1059 1875 1159 1934 talione
1182 1875 1308 1948 aegolios
1334 1875 1478 1947 reputabat
1506 1873 1656 1946 indiguam.
1671 1873 1705 1928 Et
1732 1868 1847 1928 forsitan

201 1955 333 2026 dundare,
350 1975 411 2031 quae
423 1961 658 2019 ascenditdcliciis
668 1962 794 2020 affluens.
805 1963 998 2037 Hortusplana
1052 1963 1116 2020 talia
1125 1964 1304 2022 meditabatur
1319 1984 1325 2021 :
1342 1963 1418 2020 Unde
1432 1964 1484 2018 hoc
1498 1960 1575 2031 mibi,
1589 1969 1618 2017 ut
1627 1959 1719 2017 veniat
1732 1957 1847 2030 angelus

203 2043 372 2114 deliciarum,
387 2063 466 2120 quem
481 2064 535 2107 non
561 2051 643 2108 modo
666 2050 796 2109 afflaverit
814 2052 934 2121 veniens,
951 2052 997 2108 scd
1051 2054 1162 2111 Domini
1177 2068 1220 2109 ma
1247 2052 1282 2109 ιι
1300 2054 1363 2110 me‘l
1376 2051 1419 2110 Ne
1439 2051 1547 2121 duleas,
1561 2046 1658 2116 Naris,
1676 2062 1709 2102 ne
1736 2045 1846 2100 mireris

202 2142 229 2188 et
244 2133 399 2206 perflaverit
413 2139 609 2210 superveniens
623 2149 712 2198 auster
726 2140 771 2198 ille
784 2141 900 2212 divinus,
915 2148 1001 2198 utun·
1053 2143 1180 2216 angelum
1189 2141 1341 2199 venientem
1358 2162 1364 2201 :
1380 2150 1407 2197 et
1426 2141 1514 2211 maior
1534 2135 1629 2210 angelo
1643 2136 1727 2194 venit.
1741 2133 1783 2190 Na
1793 2132 1847 2188 mi-

203 2219 283 2292 dique
296 2223 380 2280 fluant
408 2235 436 2280 ot
463 2225 576 2285 effluant
597 2235 718 2285 aromata
741 2229 810 2300 aius,
839 2229 1000 2288 charismata
1054 2231 1122 2287 reris
1149 2232 1273 2304 angelum
1288 2229 1419 2286 Domini:
1440 2237 1467 2286 et
1493 2226 1624 2284 Dominus
1638 2221 1726 2298 angeli
1749 2229 1846 2279 tecum.

203 2308 473 2382 scilicetgratiarum.
498 2314 576 2372 Tolle
599 2332 700 2388 corpus
724 2319 776 2376 boc
800 2318 898 2384 solare,
922 2317 999 2391 quod
1053 2322 1204 2390 Postremo,
1220 2319 1315 2392 quidni
1328 2318 1421 2376 videas
1434 2317 1571 2390 angelum,
1587 2309 1848 2385 cumjamnngalice

202 2396 337 2456 illuminat
351 2402 482 2459 mundum
498 2421 505 2458 :
522 2404 569 2460 ubi
583 2405 664 2462 dieat
682 2406 759 2464 Tolle
783 2408 904 2478 llariarn,
929 2407 1000 2464 banc
1053 2409 1148 2466 vivasl
1162 2407 1257 2482 quidni
1270 2409 1360 2466 visitat
1374 2405 1488 2480 angelus
1514 2405 1576 2463 vitae
1608 2401 1727 2468 sociam,
1745 2397 1849 2479 ¹quidni

202 2485 412 2558 merisstsllam,
428 2491 510 2547 maris
523 2493 617 2566 utique
631 2494 722 2567 magni
737 2501 765 2550 et
782 2494 894 2566 spatiosi
910 2511 916 2552 :
932 2495 1000 2567 quid
1054 2495 1152 2552 ιιιιιιι
1169 2494 1256 2552 civem
1274 2503 1440 2562 sanctorum,
1457 2502 1485 2550 et
1498 2491 1674 2549 domesticam
1697 2487 1765 2553 Deit
1790 2488 1850 2542 An·

202 2573 257 2631 nisi
266 2576 354 2650 caligo
363 2577 516 2647 involvens,
527 2591 556 2636 et
571 2582 666 2639 umbra
675 2582 780 2654 mortis,
792 2598 824 2642 ac
834 2582 1000 2640 densissima
1054 2583 1141 2658 getica
1154 2583 1233 2655 plane
1246 2582 1300 2640 vita
1314 2581 1455 2656 virginitas
1471 2599 1478 2637 :
1494 2587 1521 2636 et
1533 2579 1581 2653 qui
1595 2593 1649 2635 non
1672 2577 1785 2644 nubent,
1797 2590 1849 2631 ιι-

203 2663 323 2722 tenabraa
338 2667 555 2738 relinquuntur?
1054 2687 1108 2745 que
1120 2673 1266 2740 nubentur,
1281 2677 1372 2738 erunt,
1388 2670 1460 2728 sicut
1473 2669 1563 2743 angeli
1576 2667 1638 2722 Dei.

238 2753 268 2809 7.
296 2755 372 2811 Totis
399 2770 464 2829 ergo
490 2756 616 2816 medullis
640 2761 774 2831 cordium,
794 2761 858 2818 totis
881 2776 1000 2832 precor·
1090 2763 1117 2816 9.
1136 2759 1253 2818 Videsne
1266 2759 1340 2831 quod
1355 2767 1383 2814 et
1396 2759 1449 2815 ιιι
1462 2755 1639 2828 nihilominus
1659 2751 1741 2810 modo
1755 2766 1849 2824 aquas·

201 2837 313 2897 diorum
335 2841 489 2917 affectibus,
509 2854 537 2902 et
559 2847 628 2905 votis
650 2848 775 2906 omnibus
798 2849 909 2908 blaviam
933 2853 1002 2908 banc
1054 2849 1152 2906 ductus
1165 2857 1258 2906 noster
1276 2847 1397 2906 ascendit
1410 2845 1631 2916 adfontem3nec
1643 2841 1699 2900 sola
1712 2843 1769 2913 jam
1783 2853 1849 2898 ora-

203 2942 387 2999 veneremur;
405 2934 468 3003 quia
483 2932 523 2990 sic
532 2944 574 2990 ιιι
583 2935 708 2994 voluntas
718 2940 788 3010 ejus,
798 2937 847 3014 qui
857 2944 942 2995 totum
951 2954 1001 2997 nos
1054 2938 1131 2994 tione
1144 2931 1231 2996 coelos
1244 2943 1378 3012 penetrat,
1393 2933 1537 2992 sedetiam
1556 2929 1771 3003 incorruptione,
1785 2943 1848 3001 qnae

204 3014 309 3072 babere
322 3015 407 3073 voluit
419 3034 467 3088 per
489 3021 611 3078 Mariam.
636 3022 708 3090 llaec,
731 3023 851 3096 inquam,
876 3025 1001 3084 voluntas
1055 3027 1209 3100 proximum
1220 3026 1278 3082 Deo
1294 3025 1369 3093 facit,
1379 3023 1449 3080 sicut
1463 3023 1580 3094 Sapiens
1593 3019 1655 3076 ait‘l
1669 3017 1849 3092 (Separat.)

205 3103 266 3174 ejus
280 3110 332 3172 est,
348 3106 396 3162 aad
411 3121 461 3180 pro
476 3108 608 3165 nobis.1n
625 3111 752 3169 omnibus
767 3113 902 3186 siquidem
912 3123 940 3172 et
955 3131 1002 3186 per
1017 3125 1040 3206 c
1054 3117 1119 3174 Erat
1132 3116 1205 3172 enirn
1222 3115 1302 3190 virgo
1315 3121 1406 3172 sancta
1420 3127 1534 3185 corpore
1552 3117 1579 3166 et
1592 3108 1700 3181 spiritu,
1716 3106 1760 3163 oui
1783 3120 1849 3178 spe-

207 3191 298 3249 omnia
310 3195 456 3266 providens
470 3197 587 3270 miseris,
603 3199 809 3272 trepidationem
823 3211 943 3260 nostram
954 3219 1002 3260 so·
1055 3205 1161 3264 cialiter
1174 3215 1247 3264 esset
1259 3205 1350 3262 dicere
1364 3220 1372 3271 ;
1387 3203 1566 3262 conversatio
1575 3197 1799 3257 nosbeincoelt's
1809 3198 1851 3252 eat

206 3282 288 3350 latur,
315 3281 396 3340 fidem
423 3285 542 3358 ιιιίιιι,
571 3303 647 3360 spem
683 3291 792 3349 roborat
824 3292 1002 3350 diffidentiam
1056 3294 1243 3368 (Philippus,
1263 3294 1320 3362 20).
1336 3290 1443 3358 Sancta,
1454 3291 1577 3362 inquam,
1597 3301 1712 3359 corpore
1723 3292 1751 3342 et
1767 3282 1851 3355 spiri-

206 3371 301 3447 abigit,
315 3373 395 3448 erigit
408 3375 666 3446 pusillanimitatem.
682 3378 726 3436 Ad
743 3382 846 3436 Patrem
861 3382 1002 3440 verebaris
1056 3390 1095 3450 tu,
1110 3383 1223 3456 nequid
1237 3383 1349 3439 forsitan
1363 3395 1447 3452 super
1469 3381 1522 3436 hoc
1550 3375 1656 3432 dubites
1677 3372 1850 3446 aquaductu.

206 3461 355 3530 accedere,
378 3464 438 3522 solo
462 3466 557 3523 auditu
578 3467 695 3535 territus,
718 3469 752 3525 ad
773 3469 840 3527 folia
857 3469 1000 3544 fugiebaa;
1055 3471 1184 3528 Sublimis
1192 3472 1317 3546 equidem
1336 3469 1423 3538 valde,
1439 3467 1488 3524 sed
1513 3463 1689 3522 nibilominus
1703 3460 1851 3532 integerri-

206 3552 299 3608 tasum
316 3551 362 3609 tibi
377 3553 452 3611 dedit
465 3555 654 3615 mediatorem.
672 3557 743 3628 Quid
765 3574 821 3617 non
834 3561 907 3632 apud
920 3561 1002 3618 talem
1056 3579 1117 3620 mus
1131 3572 1233 3619 manet.
1261 3562 1361 3616 Hortus
1375 3558 1529 3630 conclusus,
1557 3556 1618 3612 fons
1632 3554 1765 3628 signatus,
1782 3559 1850 3608 ιιιι-

206 3639 314 3699 Patrem
329 3641 415 3700 Filius
432 3643 645 3704 talisobtineatl
659 3647 931 3722 Exaudieturutique
953 3665 1003 3722 ιιι
1057 3651 1132 3725 plum
1155 3649 1294 3721 Domini,
1319 3648 1468 3707 sacrarium
1495 3643 1612 3718 Spiritus
1653 3640 1740 3700 sancti
1762 3682 1770 3696 .
1795 3639 1852 3696 Nec

208 3731 358 3788 reverentia
376 3747 427 3789 sua
441 3752 448 3790 ι
464 3733 542 3790 Pater
556 3735 631 3791 enirn
653 3735 741 3810 diligit
750 3736 865 3794 Filium.
880 3739 924 3794 Αι
937 3751 1003 3794 vero
1058 3739 1129 3797 enim
1144 3745 1186 3794 est
1198 3738 1274 3795 fatua
1286 3737 1375 3813 virgo,
1390 3736 1434 3793 cui
1448 3749 1504 3792 non
1531 3733 1612 3791 modo
1626 3732 1715 3790 oleum
1729 3736 1781 3799 est,
1805 3726 1855 3786 aed

209 3819 327 3892 trepidas
340 3827 366 3877 et
380 3822 413 3877 ad
437 3823 548 3894 ipsunt
562 3823 655 3882 Frater
668 3837 729 3884 tuus
754 3835 796 3882 est
817 3835 843 3883 ιι
864 3841 928 3885 ιιιι
948 3835 1003 3894 tua,
1059 3827 1113 3884 olei
1131 3825 1270 3899 plenitudo
1295 3825 1323 3882 in
1349 3839 1412 3882 vase
1438 3821 1585 3880 recondita.
1619 3819 1801 3876 escensiones
1825 3815 1854 3872 in

208 3913 326 3967 tentatus
339 3926 390 3982 ιιι
413 3913 504 3970 omnia
527 3915 630 3990 absque
654 3924 777 3989 peccato,
799 3923 830 3972 ιι
853 3916 1006 3974 misericors
1059 3917 1140 3974 corde
1167 3931 1217 3972 suo
1244 3913 1388 3986 disposuit,
1413 3910 1618 3969 conversatione
1644 3908 1757 3980 pariter,
1774 3903 1855 3962 sicuti

209 3997 296 4057 fieret.
311 4001 388 4060 llunc
408 4002 457 4059 tibi
476 4003 585 4061 fratrem
608 4005 694 4062 Naris
716 4005 801 4062 dedit.
817 4006 871 4063 Sed
894 4004 1006 4063 forsitan
1059 4009 1116 4079 jam
1129 4005 1258 4072 diximus,
1289 4011 1317 4061 et
1339 4000 1463 4059 oratione
1477 3998 1637 4056 ascendens.
1652 3995 1775 4068 Denique
1789 3992 1856 4050 abiit

209 4089 277 4147 etin
290 4090 352 4162 ipso
375 4093 546 4163 majestatem
570 4108 682 4152 vereare
700 4094 829 4164 divinam,
850 4096 922 4168 quod
945 4095 1008 4152 licet
1061 4096 1089 4151 in
1103 4102 1233 4151 montana
1255 4108 1317 4150 cum
1332 4087 1509 4155 festinatione,
1525 4094 1552 4144 ιι
1565 4082 1694 4142 salutavit
1706 4080 1854 4146 Elisabeth,

209 4179 298 4236 factus
316 4179 353 4236 sit
376 4181 470 4252 bomo,
485 4185 613 4240 manserit
632 4192 721 4242 tamen
741 4185 824 4241 Deus.
840 4187 1007 4242 Advocatum
1061 4198 1088 4243 ιι
1102 4185 1130 4242 in
1144 4184 1296 4243 ministerio
1310 4181 1369 4254 ejus
1382 4190 1441 4237 arat
1468 4178 1545 4252 quasi
1559 4174 1700 4233 mensibus
1715 4171 1811 4240 arbua.
1826 4176 1857 4228 ut

209 4270 367 4326 habereris
381 4279 410 4327 ιι
423 4273 456 4329 ιι
470 4272 584 4344 ipsum?
597 4273 637 4332 nd
658 4274 771 4330 Nariam
793 4290 913 4333 recurre.
938 4276 1009 4331 Pure
1060 4275 1116 4346 iam
1126 4281 1190 4330 tunc
1209 4279 1301 4344 posset
1315 4269 1404 4326 dicere
1420 4267 1499 4325 matri
1514 4271 1608 4332 mater,
1620 4262 1695 4339 quod
1705 4269 1781 4318 tanto
1794 4265 1858 4333 post

208 4359 511 4431 siquidembumanitas
534 4363 563 4419 in
586 4363 679 4433 bieria,
701 4379 757 4422 non
780 4365 862 4422 modo
885 4380 951 4436 pura
973 4365 1007 4422 ab
1064 4361 1118 4420 filio
1133 4361 1200 4420 dixit
1230 4361 1316 4418 Eilius
1331 4380 1338 4418 :
1355 4359 1422 4417 Sine
1439 4355 1539 4424 nmdos·
1564 4356 1603 4412 ⁸5⁶
1619 4355 1697 4412 enim
1716 4351 1792 4410 Μ
1806 4365 1856 4410 '¹⁰⁸

211 4447 291 4507 omni
310 4451 546 4522 contaminatione,
563 4455 612 4510 sed
625 4462 651 4509 et
669 4469 736 4522 pura
756 4453 942 4529 singularitate
955 4470 1007 4510 na-
1023 4403 1046 4481 n
1064 4453 1182 4525 implere
1191 4467 1304 4509 omnem
1307 4449 1460 4522 justitiam
1469 4438 1769 4520 (lfottla.tn,t5).l‘lane
1778 4452 1857 4494 mon·

210 4545 290 4594 turra.
324 4539 377 4596 Nec
397 4538 498 4598 dubius
530 4541 656 4614 dixerim,
678 4539 790 4601 1015
805 4543 961 4598 exaudietur
983 4550 1010 4599 et
1063 4548 1125 4598 tana
1139 4539 1335 4604 conscendens,
1352 4537 1430 4607 cujus
1452 4533 1558 4606 iustitia
1585 4530 1654 4587 sicut
1673 4537 1780 4584 montes
1793 4525 1856 4581 Dei.

208 4631 271 4703 ipsa
298 4643 347 4701 pro
374 4630 523 4688 reverentia
550 4647 611 4689 sua.
634 4632 766 4689 Exaudiet
788 4632 880 4705 utique
899 4633 1009 4690 Natrenr
1062 4631 1170 4688 Tertius
1179 4631 1250 4688 enim
1265 4630 1311 4687 hic
1323 4643 1453 4686 ascensus
1466 4623 1585 4700 Virginis
1603 4621 1663 4688 fuit,
1679 4627 1709 4676 ut
1721 4616 1858 4674 funiculus

208 4717 305 4788 Filius,
322 4731 349 4778 et
362 4720 486 4777 exaudiet
498 4719 596 4778 Filium
610 4722 699 4779 Pater.
713 4720 814 4786 Filioli,
838 4723 897 4778 baec
914 4736 1011 4794 pecca·
1063 4720 1163 4792 triplex
1185 4717 1298 4776 difficile
1326 4721 1505 4786 rumperetur.
1523 4711 1656 4768 Fervebat
1670 4705 1808 4781 siquidem
1829 4703 1858 4761 in

209 4818 300 4868 torum
313 4810 396 4881 scala,
412 4810 470 4867 heac
483 4825 543 4867 mca
558 4811 674 4868 maxima
688 4809 784 4868 fiducia
801 4819 853 4876 est,
879 4811 937 4870 haec
954 4818 1010 4867 tota
1064 4809 1211 4883 quaerenda
1224 4805 1313 4880 gratia
1327 4805 1454 4874 charitas,
1474 4799 1636 4873 splendebat
1656 4797 1686 4852 in
1709 4809 1790 4854 carne
1805 4795 1857 4854 tit·

208 4902 279 4960 ratio
294 4901 354 4977 spei
369 4915 447 4957 mean.
467 4901 537 4972 Quid
554 4900 647 4959 enim?
661 4908 786 4975 potestne
799 4899 883 4958 Filius
903 4909 951 4957 aut
964 4915 1009 4958 re·
1063 4899 1173 4978 ginitaa
1198 4895 1334 4955 humilitas
1345 4894 1373 4950 in
1398 4891 1532 4964 obsequio
1546 4887 1697 4956 eminebat,
1712 4883 1820 4942 Etenim
1835 4883 1859 4940 si

208 4991 328 5064 pellere,
349 5001 395 5049 aut
417 4990 551 5048 sustinere
576 4989 730 5062 repulsam,
752 5006 808 5048 non
832 4990 943 5056 audire,
963 4995 1010 5046 aut
1064 4989 1152 5048 omnis
1181 4986 1227 5062 qui
1251 5001 1281 5044 ιι
1298 4982 1423 5040 ιιιιίιιι
1437 4978 1610 5046 exaltabitur,
1623 4976 1687 5051 quid
1701 4977 1753 5074 ¹¹⁸⁰.
1766 4973 1858 5030 humi·

208 5099 264 5160 non
279 5082 368 5141 audiri
381 5081 467 5140 Filius
481 5087 594 5153 potest?
607 5082 740 5140 Neutrum
753 5081 843 5154 plana.
859 5082 1007 5154 invenisti,
1063 5078 1137 5134 litate
1151 5075 1309 5141 sublimius;
1337 5070 1452 5130 Venisse
1471 5085 1531 5126 enm
1554 5065 1695 5124 mirabitur
1707 5063 1860 5162 Eusebetbq

208 5173 250 5229 ait
263 5173 389 5248 angelus,
403 5170 615 5246 gratiamnped
631 5174 732 5229 Deam.
747 5169 883 5227 Feliciter.
895 5171 1010 5242 Semper
1063 5175 1091 5226 ιι
1104 5167 1233 5224 dicebat:
1252 5164 1326 5226 dade
1341 5162 1391 5220 boc
1405 5158 1736 5226 metamaucensium
1746 5155 1859 5250 flemene

207 5263 268 5320 haec
281 5263 401 5321 inveniat
415 5262 540 5340 gratiam,
556 5270 583 5320 ct
596 5262 704 5318 solaest
717 5260 871 5336 gratiaque
885 5274 1007 5334 egemus.
1063 5259 1121 5316 mci
1143 5258 1180 5315 αι
1195 5253 1260 5314 mc?
1271 5255 1351 5328 (aac.
1376 5266 1396 5318 ¹»
1411 5249 1468 5322 4³·)
1496 5247 1551 5304 Sed
1562 5247 1621 5317 jam
1632 5242 1720 5342 mlii}
1732 5244 1857 5338 ‘'urim'’

207 5353 334 5411 Prudens
361 5353 444 5426 Virgo
472 5367 528 5410 non
558 5351 736 5424 sapientiam,
766 5351 837 5408 sicut
863 5349 1008 5420 Salomon,
1063 5348 1138 5423 quod
1152 5345 1237 5402 instar
1259 5338 1427 5416 utiquefilii
1455 5343 1483 5393 ct
1501 5337 1561 5411 ipsa
1577 5348 1633 5390 non
1647 5337 1795 5429 ministram
1809 5343 1858 5427 ve·

208 5456 267 5500 non
281 5440 399 5512 divitias,
416 5455 471 5498 uon
482 5441 614 5511 honores,
631 5454 686 5496 non
700 5438 858 5512 potentiam,
874 5437 923 5494 sed
941 5452 1008 5512 gra-
1063 5437 1144 5507 nerit,
1161 5435 1207 5492 sad
1218 5432 1379 5490 ministrare.
1404 5425 1500 5484 liarito
1514 5422 1629 5498 proinde
1644 5427 1738 5519 cantor
1753 5416 1857 5475 ntan-

210 5531 277 5590 tiara
294 5529 466 5605 requirebat.
476 5528 607 5588 Nimirum
623 5529 680 5586 sola
694 5535 736 5586 est
748 5511 846 5604 gratia,
859 5543 912 5600 qua
926 5527 1010 5584 salva·
1063 5527 1142 5584 vinus
1155 5525 1183 5580 in
1194 5521 1282 5593 ipsius
1289 5517 1470 5576 admiratione
1485 5511 1647 5586 praecinens,
1663 5509 1753 5565 ambli
1771 5507 1859 5577 20²⁸oe

210 5637 286 5679 mur,
1064 5621 1107 5678 act
1117 5617 1177 5672 isto
1186 5629 1250 5688 qne
1259 5607 1586 5670 escenditsicotocroro
1601 5612 1780 5671 ιιιιιινιιιι,
1794 5594 1859 5669 pnl-

248 5713 277 5769 ι.
294 5709 368 5782 Quid
380 5725 431 5770 nos
445 5709 499 5768 alia
512 5707 738 5784 concupiscimus,
762 5707 882 5766 fratrasf
896 5705 1010 5779 Quera-
1063 5706 1177 5768 clrront
1189 5701 1367 5772 feoc,alaetn
1382 5701 1418 5757 ot
1436 5695 1490 5763 col,
1501 5690 1636 5766 terribilia
1650 5692 1686 5746 ιιι
1700 5687 1858 5754 castrarent
