4150 6348
247 415 301 480 475
711 412 741 475 S.
754 410 924 476 blattam
939 413 1075 478 tastris
1093 415 1409 482 utensilitatem
1841 421 1896 484 tlt

246 545 375 604 talitetem
394 537 510 598 {⁰88
524 555 558 596 ue
571 539 628 612 iam
643 539 734 598 timeat
747 539 836 598 denuo
860 557 890 598 se
905 541 932 598 in
948 539 1042 615 pulve·
1058 557 1083 640 A
1098 554 1127 602 et
1138 544 1309 604 celebritatis.
1340 547 1434 620 Neque
1447 543 1520 606 enirn
1547 555 1674 621 tanquam
1697 547 1898 622 triumphantes

245 649 302 690 rern
320 629 503 702 redigendam.
523 629 679 702 Resurgous
706 629 777 687 eninr
797 645 896 703 corpus
919 639 1043 688 nostrum
1101 634 1230 694 honorari
1258 649 1339 707 posse
1365 634 1499 706 ridentur,
1519 634 1566 709 qui
1594 650 1731 710 uunquam
1759 653 1895 712 pugnasse

243 724 299 795 jana
314 733 369 778 non
386 718 516 788 moritur,
533 735 607 777 mors
621 719 660 776 illi
673 719 742 776 ultra
768 735 824 778 non
850 719 1045 778 dominabitur.
1101 731 1259 784 comuntur.
1276 725 1362 784 Aliter
1375 732 1464 782 tamen
1482 724 1633 782 honorandi
1644 733 1707 782 sunt
1719 725 1801 782 nimis
1814 727 1895 786 etiam

247 809 299 868 Sed
315 807 381 880 quid
397 808 527 880 proderit,
543 808 566 864 si
580 808 648 864 forte
661 810 800 881 contingat
816 808 845 864 in
859 817 990 878 aeternum
1004 810 1044 869 vi·
1102 813 1165 885 ipsi,
1178 823 1303 888 tauquam
1314 813 1395 871 amici
1406 814 1455 882 tui,
1470 815 1552 885 Deus,
1571 815 1651 885 cujus
1660 814 1788 873 nimirum
1798 817 1895 874 volun-

247 915 312 958 vere
326 898 354 954 in
377 898 496 955 miseriis
509 898 674 956 etaerumnis
690 897 874 970 passibilitatis
888 899 980 970 hujus,
993 915 1045 973 qua
1101 904 1148 958 tati
1166 919 1276 976 semper
1302 906 1494 971 adheserunt,
1528 911 1601 962 unta
1633 903 1724 976 utique
1751 904 1894 978 felicitate,

249 989 377 1048 nimirum
390 991 558 1046 incessanter
575 987 750 1060 corruptibile
772 988 823 1044 boc
836 1003 937 1058 corpus
950 987 1048 1061 afiligi·
1100 999 1198 1064 quante
1211 990 1348 1048 facilitate.
1363 991 1422 1048 Nisi
1442 992 1511 1049 forle
1525 994 1552 1048 in
1566 1008 1600 1049 eo
1613 1009 1753 1068 pugnasse
1773 996 1895 1052 credun-

251 1087 313 1152 tur;
327 1081 391 1152 et,ei
404 1095 460 1136 uon
469 1079 564 1146 semel,
573 1077 669 1151 ntique
678 1091 787 1150 semper
800 1078 913 1134 moritur
923 1079 937 1134 l
946 1078 1048 1135 Habeat
1101 1085 1153 1148 tur,
1169 1079 1243 1153 quud
1257 1080 1431 1152 peccantibus
1449 1081 1508 1138 aliis
1517 1082 1631 1140 viriliter
1641 1083 1824 1156 perstiterunt,
1841 1099 1896 1142 uon

250 1179 323 1228 certe
338 1169 418 1226 etiam
432 1168 577 1242 aliquando
592 1167 776 1224 omnimodam
791 1165 1046 1238 impassibilitatem.
1101 1168 1229 1226 abeuntes
1249 1168 1278 1224 in
1299 1169 1418 1226 concilio
1437 1169 1592 1242 impiorum,
1609 1171 1657 1228 sed
1671 1169 1773 1246 singuli
1794 1173 1895 1246 quique

248 1261 291 1317 ab
301 1259 461 1317 humoribus
478 1257 550 1314 enim
573 1255 733 1313 inordinatis
747 1271 842 1312 causas
864 1255 1047 1327 aiuutproce-
1100 1257 1237 1316 diceutm:
1259 1259 1325 1315 llilri
1348 1263 1446 1316 autem
1472 1259 1615 1320 adboerere
1642 1262 1695 1320 fleo
1722 1261 1825 1322 bonum
1848 1269 1896 1321 est

247 1350 311 1407 dere
335 1347 500 1422 passionum.
516 1345 570 1404 Sed
587 1347 644 1417 jam
659 1343 910 1414 desideretcorpus
924 1353 1047 1401 nostrum
1101 1347 1188 1418 (Psal.
1213 1361 1299 1415 nxxrr,
1314 1351 1372 1415 28).
1396 1349 1563 1406 Celebreuda
1588 1365 1655 1424 ergo
1683 1351 1711 1405 iu
1738 1351 1779 1406 eis
1806 1352 1895 1425 gratie

248 1440 329 1496 etiam
344 1437 490 1507 levitatem,
519 1435 669 1492 secundum
692 1451 752 1490 eam
766 1432 894 1490 nimirum
907 1451 987 1507 quam
1002 1434 1048 1490 ba·
1101 1436 1269 1506 praeueniens
1294 1436 1320 1491 in
1344 1437 1527 1494 benedictione
1546 1437 1715 1508 dulcedinis;
1736 1439 1895 1498 honoranda

247 1529 291 1584 bet
305 1543 338 1583 ex
353 1541 416 1582 acre
438 1525 604 1597 portionem,
622 1540 664 1606 ne
682 1523 724 1580 vel
740 1524 800 1594 ipso
813 1537 896 1580 onere
912 1523 947 1579 sit
961 1523 1047 1579 mole-
1100 1525 1253 1601 benignitas
1276 1524 1336 1592 Dei,
1352 1540 1407 1582 non
1429 1525 1464 1582 sd
1478 1526 1663 1599 paenitentiam
1682 1528 1829 1598 adducens,
1845 1529 1896 1586 sed

246 1625 328 1674 stum.
343 1615 428 1672 Teuta
455 1615 546 1687 itaque
568 1614 658 1670 futura
678 1613 815 1670 credenda
841 1620 882 1668 est
900 1627 1046 1686 corporum
1100 1614 1245 1681 abducens,
1261 1614 1295 1670 ab
1309 1615 1444 1681 omnibus,
1455 1616 1553 1688 quibus
1563 1616 1721 1689 poeuitentie
1733 1617 1893 1685 deberetur;

246 1706 341 1762 lovitas
367 1712 394 1760 et
407 1703 512 1778 agilitas
526 1705 677 1773 beatorum,
708 1711 738 1756 ut
764 1701 879 1774 possint,
904 1701 928 1759 si
948 1702 1043 1771 velint,
1100 1702 1310 1772 noneripiensa
1325 1703 1528 1773 tentatione,sed
1542 1704 1895 1766 areruuoueaamarvaus.

245 1794 348 1866 absque
361 1793 435 1850 omni
448 1809 526 1850 mora
538 1807 590 1850 seu
603 1791 761 1850 difficultate
776 1791 862 1863 ipsam
872 1805 983 1862 quoque
994 1805 1044 1848 co-
1135 1793 1162 1846 il.
1177 1789 1258 1848 Aliud
1272 1806 1339 1848 sane
1357 1791 1385 1844 iu
1398 1791 1441 1847 his
1455 1793 1604 1850 sanctitatis
1622 1808 1719 1867 genus,
1735 1802 1764 1851 et
1785 1794 1896 1868 proprio

244 1883 404 1957 gitationum
418 1891 573 1941 nostrerum
600 1881 676 1954 sequi
692 1880 726 1936 ad
753 1880 845 1936 omnia
864 1879 1043 1938 velocitatem.
1062 1855 1179 1938 flmodo
1192 1879 1327 1938 videbitur
1348 1881 1545 1953 honorandum,
1566 1881 1613 1954 qui
1637 1890 1771 1942 venerunt
1784 1901 1817 1942 ex
1832 1900 1894 1940 mu·

244 1971 316 2042 Quid
327 1971 476 2028 ultradesst
486 1971 520 2027 ad
541 1969 687 2044 perfectam
699 1969 821 2040 eorporis
831 1968 1045 2026 beatitudinem?
1098 1984 1153 2042 gna
1163 1968 1345 2036 tribulatione,
1361 1975 1387 2025 et
1400 1969 1591 2030 dealbaverunt
1611 1972 1695 2029 stolas
1708 1973 1811 2030 suasio
1829 1989 1896 2030 sarr·

246 2062 310 2118 Sola
323 2062 416 2134 utique
434 2060 618 2134 pulchritudo.
634 2060 708 2116 blanc
730 2057 957 2132 perfectissimam
969 2060 1045 2116 babi-
1098 2057 1181 2132 gulue
1195 2055 1311 2116 1089
1320 2057 1394 2132 Agni
1404 2059 1497 2132 (Aper.
1507 2076 1559 2129 vrr,
1576 2060 1640 2133 li):
1656 2061 1703 2134 qui
1718 2071 1781 2134 post
1793 2063 1896 2120 multos

246 2153 311 2219 turi,
327 2166 382 2207 non
405 2149 539 2207 immerito
556 2165 709 2225 possumus
734 2149 881 2205 attribuere
907 2147 933 2204 ei
959 2148 1044 2220 parti,

246 2256 327 2314 quam
337 2242 467 2298 babemus
480 2241 514 2296 ab
528 2239 598 2311 igne.
611 2240 786 2298 Salvatorcna
807 2239 884 2296 eninr
898 2242 1045 2311 eonspecta-

246 2347 320 2399 enas,
329 2329 567 2402 utaitdpostolus,
578 2326 912 2402 quiresomnabitcorptts
927 2327 1045 2386 bumili-

247 2423 317 2478 tatis
331 2425 448 2493 ncrtrae,
465 2421 675 2492 configuratum
698 2419 809 2489 corpori
823 2416 966 2474 claritatis
986 2433 1046 2474 acte

245 2510 389 2585 (Philipp.
404 2525 445 2576 111,
461 2511 506 2580 20,
529 2505 585 2578 il),
602 2506 733 2564 annitens
748 2505 822 2578 quod
837 2505 974 2576 pollicitus
993 2513 1044 2575 est,

246 2599 376 2674 quoniam
381 2599 532 2672 fulgebunt
534 2598 611 2670 justi
619 2599 693 2654 mmet
704 2595 745 2653 sol
758 2596 791 2652 in
802 2611 887 2668 regno
900 2597 1047 2654 Patriaco·

246 2705 312 2748 rum
326 2689 436 2760 (llattb.
458 2704 522 2745 xrrr.
538 2689 593 2758 43).
609 2687 654 2744 Sic
668 2701 733 2758 ergo
744 2683 857 2756 replebit
872 2685 977 2741 animas
996 2699 1046 2740 no-

245 2786 317 2835 stres
342 2779 425 2848 Deus,
460 2793 522 2834 cum
558 2775 681 2848 perfecte
707 2774 736 2829 in
763 2773 802 2828 eis
822 2773 933 2830 scientie
952 2773 1043 2842 fuerit,

246 2866 365 2942 perfecta
382 2867 492 2939 justitia,
503 2862 735 2938 perfectalaetitie.
751 2862 798 2919 Sic
826 2862 972 2934 replebitur
983 2877 1046 2920 me·

244 2959 341 3030 jestate
356 2959 415 3028 ejus
423 2956 510 3011 otonis
523 2963 603 3024 terre,
620 2969 682 3010 cum
697 2951 778 3009 fuerit
798 2967 900 3024 corpus
924 2953 1047 3010 incorru-

1099 2162 1200 2219 agooes
1211 2147 1269 2217 jam
1283 2162 1355 2203 nunc
1368 2147 1536 2220 triumphant
1550 2151 1579 2205 in
1591 2151 1668 2208 omlis
1682 2152 1812 2223 coronati,
1828 2168 1897 2225 quo-

1099 2235 1171 2292 niam
1187 2235 1308 2309 legitime
1320 2245 1500 2300 certaverunt.
1524 2238 1605 2296 Estne
1624 2240 1714 2298 adbuc
1740 2250 1895 2298 sanctorum

1099 2325 1209 2396 aliquod
1234 2325 1343 2382 tertium
1365 2326 1480 2398 genus?
1498 2329 1555 2394 Est,
1576 2329 1624 2386 sed
1646 2328 1810 2387 occcultum.
1826 2331 1896 2388 Sunt

1099 2414 1172 2470 euim
1191 2416 1277 2472 sancti
1304 2416 1352 2489 qui
1383 2416 1470 2472 adbuc
1493 2417 1616 2486 militant,
1639 2419 1729 2486 adbuc
1751 2429 1892 2494 pugnant,

1100 2510 1212 2562 currunt
1225 2503 1323 2576 adbuc,
1342 2505 1458 2562 necdum
1472 2507 1747 2576 comprehenderunt.
1762 2509 1894 2566 'femere-

1099 2593 1140 2650 ric
1158 2592 1269 2650 forsitan
1282 2594 1439 2665 huiusmodi
1458 2593 1550 2652 videar
1572 2595 1664 2652 dicere
1691 2607 1826 2668 sanctos;
1845 2599 1894 2655 sed

1100 2691 1186 2738 tamen
1202 2682 1265 2739 novi
1280 2698 1363 2738 unum
1385 2699 1418 2739 ex
1432 2683 1474 2738 bis
1488 2699 1542 2741 nou
1564 2685 1678 2742 veritum
1692 2688 1781 2744 dicere
1810 2689 1868 2744 Dec
1884 2706 1892 2743 :

1102 2771 1215 2831 Custodi
1223 2773 1353 2830 animam
1362 2775 1892 2850 meum,quoaiumsanctussumlPsal.

1099 2876 1202 2927 nuru,
1216 2861 1254 2933 2).
1271 2861 1316 2918 Sic
1327 2871 1355 2920 et
1368 2861 1528 2934 Apostolus,
1541 2863 1695 2921 divinorum
1709 2865 1835 2922 conscius
1847 2882 1892 2924 se·

1099 2956 1243 3020 cretarum,
1256 2949 1448 3008 evidentiusnit
1459 2967 1466 3008 :
1478 2952 1591 3010 mimae
1600 2955 1734 3026 quoniam
1745 2955 1893 3028 diligenti·

247 3047 351 3123 ptibile,
392 3044 567 3117 impassibile,
591 3042 672 3117 agile,
701 3041 901 3114 configuratum
926 3041 1043 3113 denique
1098 3039 1147 3095 bus
1156 3040 1246 3096 Deum
1255 3040 1351 3098 omniu
1365 3045 1554 3114 cooperantur
1572 3044 1720 3102 interum
1736 3043 1778 3102 loir
1793 3046 1894 3117 quiae·

246 3137 356 3210 corpori
370 3133 501 3193 claritatis
515 3149 582 3190 sum.
607 3133 641 3188 lit
663 3130 726 3191 uide
740 3147 774 3187 nc
786 3132 855 3187 forte
869 3129 914 3186 isti
929 3130 983 3186 sint
1003 3145 1045 3188 se·
1060 3143 1083 3223 e
1098 3129 1224 3186 matum
1234 3131 1409 3203 propositum
1423 3133 1515 3188 vocati
1528 3137 1596 3190 sunt
1610 3133 1704 3190 suncti
1723 3133 1815 3204 (Rom.
1832 3147 1894 3200 vnr,

246 3235 319 3301 ptem
333 3241 425 3299 panes,
445 3223 666 3297 quibueqnatuor
675 3221 817 3276 homiuum
830 3218 913 3276 millia
923 3219 1045 3279 Salvator
1101 3219 1158 3288 28).
1173 3218 1235 3275 ttae
1244 3218 1371 3276 nimirum
1385 3219 1525 3276 diversitas
1538 3220 1727 3294 appellationis
1740 3219 1769 3278 iu
1783 3222 1894 3280 nomine

247 3315 348 3388 legitur
370 3315 493 3383 satiasse,
515 3312 644 3385 equibus
672 3311 796 3384 ejusdem
819 3307 924 3366 numeri
938 3317 1044 3380 sportas
1100 3307 1259 3374 sanctitatis,
1279 3315 1308 3364 ut
1325 3307 1370 3364 alii
1383 3309 1494 3382 quidem
1513 3311 1571 3382 jam
1594 3312 1743 3369 secundum
1766 3325 1893 3368 consum·

247 3406 342 3476 plenas
350 3401 464 3478 apostoli
483 3401 661 3459 reservandas
670 3398 840 3457 sustulerunt
865 3398 976 3471 (baula
996 3413 1045 3464 xv,
1099 3396 1244 3453 mationem
1267 3397 1353 3454 sancti
1377 3409 1516 3466 vocentur,
1539 3398 1584 3456 alii
1600 3399 1679 3470 juxte
1696 3399 1781 3456 solam
1803 3399 1894 3456 adbuc

245 3497 291 3560 st,
307 3493 364 3564 iil.
379 3493 536 3549 Nuncenim
548 3489 684 3548 reficimur
700 3489 816 3560 panibus
835 3487 907 3559 istis,
925 3503 987 3544 cunr
1003 3489 1046 3558 ju·
1098 3485 1373 3558 praedestinationem.
1397 3487 1474 3544 Latet
1497 3502 1563 3559 ergo
1586 3487 1742 3558 huiusmodi
1766 3487 1894 3546 sauctitas

245 3582 332 3641 cunda
347 3581 520 3636 meditatione
535 3581 642 3635 beatam
657 3593 733 3650 spem
747 3576 915 3634 ruminamus
931 3593 939 3636 :
955 3576 1043 3632 donec
1098 3591 1181 3649 penes
1205 3576 1304 3646 Deum3
1331 3577 1423 3634 clause
1450 3587 1507 3646 est,
1532 3585 1560 3632 ct
1578 3577 1669 3634 druse
1691 3577 1893 3650 quodammodo

246 3671 344 3737 veniat,
359 3670 555 3739 cumiamnon
570 3669 671 3740 despe,
686 3666 781 3723 sedda
801 3667 902 3741 reipsa
920 3672 948 3723 et
964 3664 1041 3722 exbi-
1096 3664 1256 3722 celebratur.
1282 3665 1421 3737 Siquidem
1445 3665 1533 3723 nescit
1552 3668 1653 3734 bomo,
1677 3677 1768 3724 utrum
1789 3683 1891 3734 amore,

246 3759 348 3818 bitione
362 3759 523 3834 gaudentes,
535 3757 615 3830 qnasi
629 3755 727 3830 plenas
741 3763 848 3829 sportae
861 3754 982 3827 recipere
991 3769 1041 3828 pre
1094 3769 1128 3810 en
1144 3753 1207 3810 odio
1220 3753 1320 3828 dignus
1333 3756 1384 3825 sit;
1399 3755 1448 3812 sed
1466 3755 1495 3812 in
1513 3756 1632 3813 futurum
1647 3755 1737 3812 omnia
1751 3771 1893 3812 reservan-

246 3847 363 3922 penibus
376 3845 493 3922 singulis
509 3861 672 3903 mereamur.
1094 3854 1138 3901 tur
1152 3843 1253 3900 iucerta
1265 3846 1368 3914 (Erote.
1385 3861 1424 3914 tx,
1443 3847 1468 3912 l,
1485 3844 1523 3917 2).
1539 3846 1579 3902 Sit
1601 3861 1669 3919 ergo
1688 3846 1804 3905 istorum
1818 3846 1892 3904 cele-

562 3933 683 3992 sElttto
697 3933 732 3991 V.
1094 3933 1181 3992 brites
1193 3941 1347 3992 sauctorum
1358 3935 1385 3990 in
1398 3935 1480 3992 corde
1490 3936 1538 3994 Dei
1551 3955 1558 4002 ς
1574 3936 1705 4009 quoniam
1715 3935 1791 3994 novit
1801 3935 1892 3992 Domi-

282 4030 308 4082 i.
323 4025 429 4083 Festive
443 4023 521 4082 uobis
541 4031 584 4082 est
607 4024 677 4092 diss,
697 4022 807 4080 etinter
821 4022 973 4094 precipuas
992 4037 1041 4079 so-
1095 4039 1148 4081 uus
1162 4023 1211 4097 qni
1225 4031 1290 4081 suut
1303 4027 1374 4094 ejus,
1388 4032 1415 4081 et
1433 4025 1491 4096 ipse
1504 4025 1555 4083 scit
1568 4041 1638 4099 quos
1659 4025 1800 4098 elegerit-a
1812 4024 1892 4098 priu-

244 4115 396 4173 lemnitates
426 4114 557 4172 hodierna
591 4113 747 4170 solemnitas
774 4121 943 4169 numeretur.
972 4112 1043 4184 Quid
1095 4111 1177 4186 cipio.
1195 4112 1235 4169 Sit
1250 4113 1333 4170 etiam
1348 4115 1419 4185 apud
1437 4113 1680 4172 administratorios
1692 4115 1756 4174 illos
1770 4115 1891 4188 spiritus,

244 4221 310 4279 ergo
322 4203 458 4262 dicimus?
475 4203 555 4274 cujus
567 4200 692 4274 apostoli,
707 4202 786 4271 cujus
802 4201 938 4273 martyris,
962 4202 1043 4271 cuius
1097 4204 1144 4275 qui
1159 4204 1302 4259 mittuntur
1315 4202 1343 4258 iu
1362 4204 1538 4262 ministerium
1552 4215 1661 4278 pmpter
1674 4219 1721 4262 eos
1735 4205 1782 4277 qui
1801 4205 1891 4262 basre-

244 4291 349 4352 ssuctii
364 4293 425 4350 Non
452 4292 535 4348 unius
549 4291 664 4362 alicujus
685 4289 860 4362 singulariter
874 4289 924 4348 sed
939 4290 1040 4362 pariter
1098 4291 1211 4349 ditatem
1234 4292 1341 4365 capient
1360 4294 1453 4350 salutis
1476 4314 1482 4350 :
1505 4307 1555 4351 nos
1577 4295 1607 4354 iu
1629 4295 1682 4352 vita
1702 4311 1750 4352 sua
1778 4295 1892 4354 laudare

245 4384 444 4442 universorum.
462 4383 564 4440 Omnes
584 4380 716 4454 siquidem
731 4379 856 4437 novimus
874 4378 1043 4436 testivitatem
1097 4379 1235 4438 bominem
1268 4381 1452 4453 prohibemur.
1480 4381 1624 4451 Quomodo
1649 4398 1768 4456 namque
1793 4397 1892 4442 secura

245 4471 373 4530 Omnium
386 4472 544 4530 sanctorem
556 4469 619 4540 dici,
635 4479 662 4526 et
681 4485 752 4538 esse,
775 4484 856 4542 quam
871 4469 951 4524 bodie
965 4469 1042 4526 cele·
1059 4451 1222 4538 flleudatio,
1239 4469 1284 4526 ubi
1295 4485 1345 4527 nec
1359 4471 1419 4543 ipsc
1434 4472 1488 4528 rita
1507 4475 1625 4530 secure?
1638 4473 1698 4532 Non
1708 4474 1892 4532 coronabitur

243 4565 365 4621 bramus.
385 4560 523 4628 Omnium,
556 4559 676 4631 iuquam,
704 4558 762 4615 siue
793 4557 956 4626 calcatum,
988 4559 1044 4616 sive
1096 4560 1154 4616 oui
1167 4561 1216 4632 qui
1235 4559 1359 4632 lagitione
1381 4564 1543 4629 certauerit,
1563 4561 1602 4618 eit
1621 4562 1685 4619 tube
1709 4561 1753 4619 ills
1773 4562 1892 4622 caelestis

243 4652 423 4710 terrestrium.
447 4651 519 4708 Sunt
543 4647 615 4705 euim
634 4647 720 4704 macti
750 4647 784 4704 de
813 4645 894 4714 coelo,
924 4656 952 4704 et
977 4658 1042 4706 snut
1095 4649 1134 4722 (ll
1146 4649 1213 4706 Tiar.
1228 4665 1258 4720 rr,
1284 4649 1324 4719 5).
1342 4650 1376 4705 lit
1402 4649 1492 4723 legem
1509 4651 1665 4708 certaminis
1686 4651 1721 4709 ab
1744 4667 1792 4709 ore
1805 4651 1893 4724 ipsius

244 4741 329 4800 sandi
342 4741 376 4796 de
404 4749 474 4796 terra
489 4757 497 4795 :
511 4738 631 4810 itemque
645 4751 739 4793 earum
754 4736 801 4808 qui
814 4735 855 4806 [de
881 4744 955 4794 terra
969 4746 1041 4804 eunt,
1095 4737 1255 4810 legislatoris
1269 4740 1390 4797 ausculta
1402 4753 1409 4792 ι
1422 4741 1474 4812 Qua·
1482 4743 1705 4813 perseveraverit
1718 4757 1806 4817 arque
1817 4743 1892 4813 iati-

244 4831 353 4903 qnidam
380 4829 509 4886 edbucin
531 4833 612 4894 terre,
628 4825 711 4899 aliqui
725 4827 786 4897 ,jam
801 4826 829 4882 in
850 4825 931 4892 caelo,
962 4825 1042 4883 Cele-
1096 4845 1170 4896 nem,
1187 4829 1335 4886 lricsolous
1349 4830 1529 4903 eritlltuttlr.
1546 4849 1576 4900 x,
1595 4831 1651 4898 22).
1665 4831 1837 4904 Nescisquis
1857 4833 1892 4890 sit

244 4919 338 4975 bratur
350 4932 417 4992 ergo
432 4916 565 4974 festivitas
587 4915 708 4974 omnium
727 4916 825 4973 horum
847 4915 1037 4972 communiter.
1096 4927 1326 4992 perseveraturus,
1344 4920 1431 4977 nescis
1451 4920 1513 4992 quis
1535 4921 1569 4977 sit
1584 4921 1704 4996 legitime
1727 4932 1889 4994 certaturus,

244 5009 293 5065 sed
315 5006 428 5066 forsitan
446 5023 501 5064 non
521 5005 702 5062 uniformiter.
733 5006 827 5077 Neque
859 5006 912 5062 boc
930 5005 1041 5072 mimm,
1095 5008 1183 5065 nescis
1200 5008 1261 5081 quis
1276 5023 1404 5065 coronam
1417 5011 1452 5065 sit
1466 5018 1635 5084 accepturus.

244 5113 306 5155 cum
320 5111 375 5154 uon
389 5098 424 5154 sit
437 5112 471 5153 ne
489 5096 546 5168 ipsa
568 5095 675 5168 quidem
690 5095 817 5151 sauctitas
837 5093 959 5152 omnium
979 5097 1041 5152 uni·
1131 5101 1158 5153 3.
1185 5095 1298 5153 lllorum
1325 5096 1404 5154 lauda
1428 5098 1572 5168 virtutem,
1599 5115 1714 5173 quorum
1734 5102 1791 5172 iam
1817 5107 1893 5158 seme

243 5188 350 5254 formis,
373 5187 421 5244 sed
445 5187 517 5243 inter
530 5195 639 5242 sanctos
652 5191 678 5241 et
706 5193 815 5241 sanctos
838 5183 935 5254 distet,
961 5184 1043 5256 idque
1095 5185 1207 5243 victorie
1219 5195 1276 5254 εει,
1292 5185 1354 5242 illos
1367 5187 1471 5246 devotis
1484 5189 1583 5246 extolle
1596 5189 1739 5262 praecouiis
1751 5234 1760 5262 ,
1774 5205 1891 5262 quorum

243 5291 297 5334 non
311 5292 418 5350 parum.
432 5275 488 5332 Nec
508 5275 587 5331 modo
611 5273 672 5331 dico
694 5273 757 5346 quia
771 5273 840 5330 alius
859 5273 911 5330 alio
926 5274 1044 5332 sanctior
1095 5289 1189 5333 secure
1202 5283 1279 5347 potes
1293 5275 1448 5351 adgaudere
1470 5278 1587 5334 coronis.
1603 5279 1775 5336 cantavimus
1788 5279 1892 5337 moade

243 5365 313 5436 (bec
331 5365 405 5422 euim
430 5363 586 5440 quantitatis
607 5363 698 5436 potius
721 5378 803 5435 quam
828 5361 968 5436 qualitatis
999 5363 1042 5420 di·
1095 5365 1387 5433 bacnocte,dicentes:
1405 5368 1892 5435 Timeteilomiaum,omaessaactt'

243 5453 341 5510 sunda
354 5455 426 5527 eet);
442 5453 491 5511 sed
511 5452 584 5526 quod
606 5468 661 5508 nou
676 5453 759 5508 modo
778 5453 868 5525 magis
883 5458 912 5508 et
935 5454 1041 5520 minus,
1095 5457 1158 5527 ejas
1176 5454 1251 5527 (Pul.
1266 5469 1366 5524 xxxin,
1382 5457 1446 5529 ib);
1467 5457 1516 5514 sed
1530 5472 1585 5514 non
1598 5458 1669 5515 istis.
1683 5461 1753 5530 Non,
1768 5459 1889 5532 iuquam,

240 5543 426 5601 verumetiam
441 5543 518 5600 aliter
536 5551 617 5617 atque
640 5543 716 5600 aliter
731 5551 840 5600 sanmos
854 5541 918 5617 dici,
936 5553 964 5601 at
979 5559 1042 5602 vere
1095 5559 1143 5601 eos
1168 5543 1215 5617 qui
1235 5552 1477 5616 perseveravemnt
1504 5563 1587 5622 usque
1616 5547 1644 5602 in
1671 5547 1763 5615 finem,
1792 5548 1891 5606 timere

239 5631 293 5692 dici
303 5628 481 5691 inveniemus.
497 5631 530 5690 tte
552 5633 622 5690 forte
641 5633 711 5690 inter
725 5631 838 5707 angelos
861 5635 941 5706 atque
953 5634 1039 5690 borni·
1092 5635 1275 5701 hortabamur,
1289 5633 1352 5708 quia
1362 5634 1491 5709 scriptum
1502 5643 1545 5693 est
1559 5655 1567 5694 t
1583 5639 1648 5698 lum
1663 5639 1791 5697 aon'eril
1801 5640 1890 5696 timor

239 5737 289 5783 tres
301 5719 436 5796 estignui
449 5721 535 5796 possit
549 5723 601 5781 ists
614 5720 754 5782 timenus
773 5721 922 5782 aromata
936 5721 1038 5797 pariter
1090 5724 1123 5780 in
1142 5723 1246 5794 finibus
1264 5726 1378 5784 nostris.
1404 5725 1461 5783 tilis
1484 5724 1574 5800 potius
1592 5727 1750 5788 dicebamus
1773 5729 1886 5798 sanetis,
