4150 6348
149 457 207 520 469
615 451 649 514 ltt
669 447 771 514 FBSTO
783 448 913 514 outlutl
931 448 1130 514 sanctonum
1149 449 1260 516 SRRMO
1279 453 1326 516 lll.
1745 455 1800 520 tto

149 586 238 644 bitaut
259 582 388 642 iadomo
410 589 478 648 tua,
499 578 624 639 Domine.
643 579 760 636 Letatus
777 593 838 634 sum
866 577 947 650 plane
963 590 986 670 Α
1002 577 1127 637 dilatatur
1151 579 1271 652 penitus,
1286 587 1316 638 ut
1331 595 1382 638 nec
1395 581 1510 638 minima
1533 581 1644 656 quidem
1662 599 1730 658 ruga
1754 586 1800 642 in-

151 675 180 731 in
203 673 246 732 bis
271 688 333 746 quae
352 671 425 728 dicta
451 676 514 725 aunt
536 668 610 735 mibi,
637 667 748 734 iratres,
768 665 898 738 quoniam
921 666 948 722 in
1000 671 1123 727 veniatur
1144 670 1173 726 in
1190 686 1221 726 aa
1242 688 1250 727 ι
1272 677 1336 728 tunc
1359 672 1418 728 sine
1438 671 1531 737 dubio,
1550 674 1659 744 quando
1679 675 1737 745 jam
1758 691 1803 731 se-

152 763 265 820 domum
278 759 389 818 Domini
406 759 515 816 ibimus.
531 756 609 827 Quod
629 757 652 814 si
670 756 803 829 queritis,
821 756 893 812 unde
920 755 947 811 id
1003 767 1121 830 quentur
1134 759 1238 831 dgnum
1256 775 1417 834 quocunque
1432 761 1503 821 ierit.
1518 760 1590 818 Vere
1605 762 1676 820 enim
1694 766 1805 822 extendi

153 860 208 909 tum
222 850 382 910 fiducialiter
396 863 556 922 presumant
572 864 580 902 t
597 846 660 904 inde
687 847 746 903 sino
760 844 854 914 dubio,
876 843 952 918 quod
1006 853 1034 902 et
1047 847 1151 904 ddatan
1167 863 1275 904 necesse
1289 856 1331 904 est
1345 849 1458 915 animas,
1469 850 1567 922 quibus
1580 851 1672 923 ntique
1688 867 1804 924 aequen-

152 943 209 1012 jam
239 940 316 998 multi
338 955 371 995 ex
389 936 469 994 nubis
489 936 518 991 iu
546 935 621 992 atriis
655 943 737 1001 stent,
760 940 952 1006 exspectantes
1005 934 1804 1011 dusestdgnus.0uoenimvaditlattingitproiectoatine

155 1032 245 1088 donec
269 1029 401 1101 recipiant
417 1040 533 1097 corpora
552 1040 614 1092 sna,
634 1025 722 1080 donec
741 1024 883 1095 impleatur
898 1040 950 1080 nu·
1005 1025 1141 1097 usquead
1160 1024 1241 1082 linem
1255 1026 1372 1092 fortiter,
1387 1037 1415 1083 et
1430 1028 1550 1095 disponit
1569 1029 1658 1084 omnia
1673 1030 1802 1086 suaviter.

156 1137 248 1178 merus
265 1118 386 1174 fratrum.
404 1117 436 1171 ln
459 1114 533 1170 illam
546 1116 618 1173 enirn
633 1113 818 1170 beatissimam
839 1115 953 1171 domum
1041 1117 1068 1172 3.
1084 1114 1130 1170 llis
1143 1116 1232 1173 adbuc
1245 1131 1326 1173 nosse
1340 1131 1394 1188 quo
1408 1126 1450 1172 eat
1464 1119 1570 1191 dgnus,
1582 1127 1609 1174 st
1622 1133 1677 1190 quo
1691 1135 1803 1176 necesse

156 1225 207 1268 nec
221 1209 281 1264 aine
297 1205 378 1262 nobis
390 1205 539 1271 intrabunt,
555 1218 605 1260 nec
624 1203 684 1259 sine
705 1203 868 1274 corporibus
882 1202 951 1271 suis,
1006 1203 1123 1261 babeant
1145 1207 1229 1260 beatae
1249 1205 1346 1262 animae
1367 1205 1444 1277 aequi
1458 1208 1543 1262 anmi
1566 1208 1598 1263 lu
1613 1208 1741 1265 omnibus
1755 1225 1803 1265 re-

154 1298 182 1355 id
200 1306 241 1354 est
255 1311 304 1353 nec
318 1294 407 1351 sancti
421 1292 479 1349 aine
495 1293 584 1365 plebe,
601 1307 655 1348 nec
668 1291 780 1364 spiritus
793 1291 950 1348 sinecarne.
1005 1295 1098 1364 quiem
1113 1295 1228 1367 quaesiui
1242 1295 1341 1367 (ticeli.
1356 1310 1439 1366 xxiv,
1456 1295 1511 1366 ll).
1523 1297 1585 1354 llaec
1601 1307 1643 1352 esa
1664 1297 1743 1367 plane
1758 1313 1803 1353 re.

154 1389 249 1460 Neque
264 1384 336 1441 euim
357 1385 480 1456 prestari
501 1381 578 1438 decet
595 1381 730 1457 integram
747 1381 950 1447 beatitudinem,
1005 1383 1083 1453 quies
1096 1382 1215 1450 Domini,
1227 1399 1281 1440 non
1291 1385 1424 1454 intercisa,
1435 1399 1489 1442 non
1504 1385 1574 1444 urna
1588 1385 1689 1459 aliquid
1699 1393 1804 1443 certum

152 1475 239 1532 donec
252 1473 288 1530 sit
306 1474 388 1529 bomo
411 1471 518 1543 integer
535 1469 578 1526 cui
604 1469 698 1535 detur;
721 1484 771 1525 uec
786 1468 952 1540 perfectione
1006 1470 1142 1538 restricta3
1159 1473 1286 1545 quoniam
1306 1475 1334 1529 in
1353 1474 1479 1531 omnibus
1503 1476 1612 1549 gaudet,
1627 1475 1656 1532 in
1678 1476 1805 1533 omnibus

151 1563 248 1620 donari
275 1561 426 1620 Ecclesiam
448 1557 644 1630 imperfectam.
664 1559 809 1630 Propterea
830 1573 893 1614 cum
908 1573 951 1613 re·
1005 1559 1162 1630 delectatur,
1187 1563 1214 1618 in
1242 1563 1368 1619 omnibus
1392 1565 1513 1636 requiem
1535 1566 1642 1636 quaerit,
1673 1576 1700 1623 et
1727 1568 1805 1622 inve·

153 1652 356 1710 surrectionem
390 1657 548 1720 expeterent
572 1662 730 1719 corporum,
761 1647 831 1704 sicut
860 1646 952 1718 priore
1005 1649 1055 1705 nit.
1070 1650 1137 1704 Nam
1161 1659 1188 1706 et
1207 1651 1279 1707 bona
1296 1652 1322 1707 ei
1344 1652 1450 1723 placent
1468 1653 1496 1709 iu
1516 1655 1625 1727 seipsis,
1641 1661 1669 1712 et
1690 1654 1805 1712 delecta·

151 1743 345 1812 sermoneJam
364 1739 490 1804 diximus,
506 1735 804 1808 acceperuntdivinum
834 1750 951 1805 respon-
1006 1746 1050 1794 ιιι
1072 1739 1248 1796 nihilominus
1266 1741 1337 1797 bona
1360 1741 1531 1801 ordinatione
1549 1745 1693 1801 malorum.
1712 1745 1806 1818 Diligit

153 1847 225 1899 sum,
242 1832 358 1888 dicens:
378 1828 521 1887 Sentinate
548 1825 692 1884 modicam
720 1830 844 1899 tempus,
865 1825 952 1882 donce
970 1870 992 1947 B
1008 1827 1219 1884 misericordiam
1235 1837 1262 1883 et
1277 1828 1410 1898 judicium
1426 1848 1433 1888 :
1449 1847 1501 1887 nec
1525 1832 1605 1889 modo
1623 1833 1651 1888 in
1669 1835 1805 1890 bonorum

154 1923 332 1995 conpleatur
343 1935 482 1977 numerus
491 1920 620 1989 [rutrum
632 1918 792 1972 vostrorum
810 1913 905 1988 (Apoc.
913 1929 951 1982 ιι,
1008 1915 1094 1990 gloria
1113 1916 1165 1972 sibi
1189 1915 1349 1990 complacet,
1369 1917 1416 1972 sed
1438 1918 1466 1973 iu
1484 1919 1552 1990 ipsis
1570 1935 1690 1992 quoque,
1710 1929 1805 1992 utpote

157 2013 214 2083 lt).
231 2012 405 2082 acceperunt
432 2013 521 2064 brnen
550 2009 608 2079 jam
631 2005 753 2078 singulas
778 2003 877 2072 st'olas;
906 2001 954 2058 sed
1006 2004 1096 2075 justis,
1112 2004 1254 2077 suppliciis
1267 2005 1423 2079 impiorum.
1435 2005 1506 2076 Quid
1521 2008 1608 2082 ergo?
1623 2017 1745 2081 putasne,
1762 2025 1806 2080 po·

154 2117 211 2159 non
220 2099 370 2156 vestientur
380 2096 545 2168 duplicibus,
565 2097 653 2154 donec
673 2093 820 2152 vestiamur
835 2098 863 2149 et
877 2107 928 2150 noa
945 2106 951 2147 :
1008 2093 1071 2150 terit
1086 2095 1200 2150 bumana
1214 2094 1303 2151 anima
1323 2094 1352 2150 in
1370 2097 1424 2152 boc
1437 2095 1568 2170 gaudium
1585 2097 1692 2154 Domini
1711 2099 1764 2166 sui,
1780 2107 1807 2155 et

154 2189 293 2265 quomodo
306 2187 340 2242 de
353 2185 513 2258 patriarchis
533 2195 560 2242 et
578 2185 613 2241 de
629 2183 767 2257 propbctia
781 2181 819 2238 ait
833 2182 954 2254 Aposto·
1008 2182 1037 2238 in
1051 2183 1121 2240 banc
1135 2184 1195 2254 ejus
1209 2185 1330 2255 requiem
1352 2184 1464 2253 intrare,
1479 2192 1509 2242 ut
1533 2195 1560 2242 ct
1574 2186 1633 2258 ipsa
1652 2201 1760 2260 quoque
1778 2186 1807 2242 in

156 2279 278 2336 lumbes
288 2273 684 2348 mciiuaaliquidprcoidcnic
695 2270 949 2344 propitiantem
1008 2273 1134 2330 omnibus
1156 2273 1316 2342 delectatum
1336 2290 1386 2331 nec
1408 2274 1497 2345 aliqua
1518 2276 1574 2345 jam
1594 2277 1697 2347 priuata
1718 2275 1807 2333 alico·

156 2379 220 2422 nnc
232 2365 310 2422 roto
325 2365 596 2422 consummarentur
619 2359 710 2430 (Hebr.
739 2373 781 2427 ιιι,
799 2357 856 2428 to).
882 2355 955 2414 Stola
1009 2363 1082 2419 aione
1096 2363 1271 2420 contrahatur
1285 2363 1429 2437 jungam,
1442 2363 1489 2420 sed
1505 2371 1622 2421 gange„
1635 2365 1663 2420 jn
1679 2365 1806 2423 allectum

157 2454 231 2510 ‘nim
246 2453 334 2526 prima
357 2452 417 2524 il)⁸il
447 2458 498 2518 est,
526 2465 608 2522 ‘lilim
634 2447 762 2518 diffiniit
788 2445 907 2502 i⁰¹i⁰iit³
926 2453 955 2501 θῑ
1009 2450 1153 2524 quemdam
1179 2450 1332 2524 generalem
1350 2457 1430 2524 atque
1454 2451 1601 2508 divinum?
1623 2454 1725 2509 Poterit
1749 2454 1807 2510 aine

154 2541 267 2615 requies
282 2540 431 2598 auimamm
449 2554 455 2594 :
476 2539 594 2596 secunda
622 2553 687 2594 uero
711 2533 900 2591 immortalitas
928 2542 955 2589 et
1010 2539 1102 2605 dubio,
1118 2540 1142 2596 si
1156 2539 1243 2595 fidelis
1268 2540 1423 2598 inveniatur
1443 2555 1523 2611 super
1542 2555 1636 2612 pauca,
1653 2557 1715 2613 que
1729 2556 1807 2600 acce.

154 2630 243 2707 gloria
256 2646 415 2704 corporum.
426 2628 505 2686 Unde
518 2636 546 2685 et
556 2627 670 2683 dicunt:
692 2626 818 2691 Vindicii,
837 2625 956 2683 Domitii
1010 2629 1049 2702 pit
1063 2629 1165 2685 militie
1183 2645 1240 2684 suae
1260 2635 1394 2700 tempore,
1410 2629 1436 2683 id
1456 2637 1506 2695 est,
1521 2645 1606 2702 super
1627 2637 1712 2702 artus,
1726 2647 1809 2703 super

154 2723 328 2796 montinum
335 2723 500 2777 tunctorum
510 2717 680 2789 tammulti
689 2718 801 2786 effutita
808 2712 953 2786 astupeo.
1010 2734 1118 2790 seusus,
1133 2733 1215 2791 super
1230 2717 1368 2791 appetitus
1391 2732 1466 2790 suos,
1480 2733 1550 2790 quoa
1571 2719 1689 2791 suscepit
1707 2735 1807 2794 regen·

155 2825 194 2880 rr,
213 2810 273 2882 lb),
291 2824 347 2866 non
361 2817 488 2878 tanquam
502 2805 629 2862 vindicte
657 2802 757 2873 cupidi,
777 2816 828 2858 nec
847 2800 954 2871 depro-
1010 2807 1110 2876 dos,ut
1120 2804 1145 2860 iu
1161 2803 1204 2860 bis
1217 2805 1359 2877 probetur,
1374 2819 1453 2876 quam
1468 2803 1558 2862 fidelis
1569 2803 1604 2860 sit
1617 2806 1734 2862 Domino
1747 2822 1807 2863 auo.

156 2901 225 2973 l¹¹'iae
242 2898 354 2955 ”iiiiissit
375 2897 449 2963 zelo;
464 2894 511 2950 Sed
532 2910 564 2950 0¹
589 2891 722 2948 desidet'iO
746 2887 955 2946 resurrectionis
1010 2895 1082 2952 Sciat
1102 2893 1182 2966 igitur
1205 2909 1302 2950 servm
1325 2893 1425 2950 Clrristi
1446 2909 1494 2951 ιιι
1518 2909 1601 2949 auum
1619 2895 1758 2965 possidere
1780 2896 1809 2952 in

157 2997 187 3046 et
199 2985 403 3062 glorificationis
418 2997 564 3054 corporum
580 2996 707 3048 suorum,
728 2995 810 3052 quam
824 2977 953 3034 nimitum
1010 2981 1232 3053 sanctificatione,
1247 2979 1380 3054 glorificet
1400 2992 1427 3038 et
1444 2990 1535 3053 portet
1550 2982 1634 3040 Deum
1651 2983 1680 3038 in
1697 2998 1810 3055 corpore

157 3091 246 3150 usque
259 3075 287 3130 in
300 3074 374 3132 diem
386 3071 482 3144 judicii
497 3070 744 3127 dilterenusmesss
758 3067 952 3125 nondubitant.
1010 3088 1080 3131 sno:
1097 3087 1147 3128 nee
1161 3069 1272 3127 dubium
1282 3071 1346 3143 quin
1358 3069 1465 3128 fidelem
1479 3071 1507 3127 in
1521 3071 1628 3128 modico
1643 3088 1753 3130 sep-vum
1763 3090 1810 3131 su.

196 3171 224 3224 i·
235 3165 285 3223 Sed
301 3163 373 3222 llssdfl
387 3163 439 3220 ¹1⁰0
463 3160 524 3227 tibi,
540 3174 556 3215 ⁰
580 3159 679 3216 mima
698 3173 772 3228 ⁰³¹⁰.
797 3173 814 3214 0
833 3155 914 3226 Μ.
941 3150 1059 3233 ῡῧριι
1073 3159 1158 3217 multa
1170 3160 1318 3218 consumat
1332 3159 1463 3216 Dominus
1481 3159 1599 3216 liberalis
1616 3170 1644 3217 et
1661 3160 1745 3220 dives.
1759 3161 1810 3218 Su·

158 3255 253 3326 letida,
268 3253 340 3311 unde
360 3252 408 3308 tibi
423 3254 493 3321 boc;
510 3247 615 3306 Animae
634 3257 745 3315 sunctae,
761 3261 828 3318 quas
847 3245 957 3318 propria
1011 3265 1059 3321 pru
1078 3248 1161 3305 multa
1175 3249 1264 3323 plane,
1280 3249 1408 3323 quoniam
1427 3250 1571 3305 constituet
1586 3265 1647 3306 eum
1668 3250 1809 3307 dominum

156 3349 235 3404 Deus
257 3341 398 3417 insignivit
420 3339 550 3412 imagine,
572 3345 600 3394 ιθ
624 3335 798 3402 desiderant;
823 3349 893 3407 quat
912 3349 956 3390 te·
1009 3340 1189 3407 domussuae,
1205 3347 1233 3395 et
1257 3338 1408 3410 prinoipem
1424 3335 1513 3394 omnis
1537 3337 1716 3408 possessionis
1741 3355 1808 3396 suae.

156 3435 245 3493 demit
263 3431 373 3505 lii⁰l¹¹⁸i⁰
388 3429 529 3502 sangnine,
546 3439 572 3484 te
587 3431 766 3498 mileciam:
792 3433 820 3480 ct
836 3423 957 3497 ipsarum
1010 3429 1106 3500 Neque
1132 3427 1159 3482 id
1186 3427 1263 3484 vobis
1289 3425 1451 3482 incredibile
1478 3425 1604 3484 videatur
1626 3425 1732 3494 iratres,
1749 3435 1810 3482 tan·

158 3525 220 3580 siue
243 3533 270 3578 te
284 3520 404 3592 comperi
422 3516 535 3578 1084
557 3515 659 3582 laetitia,
674 3515 769 3584 perlici
782 3512 878 3586 gloria,
894 3525 958 3569 con·
1010 3531 1094 3590 quam
1116 3533 1133 3572 a
1155 3516 1259 3586 meipso
1282 3514 1311 3568 id
1333 3512 1453 3586 loquar:
1473 3513 1602 3586 quoniam
1622 3513 1728 3570 Veritas
1750 3515 1811 3586 ipsa

157 3612 286 3670 summari
304 3611 443 3666 beatitudo
457 3621 511 3664 non
526 3613 626 3679 potest.
645 3604 722 3660 Adeo
734 3603 869 3675 siquidem
883 3601 958 3674 viget
1010 3604 1151 3661 manifeste
1164 3604 1192 3659 id
1212 3603 1366 3676 pollicetur,
1382 3603 1460 3672 cuius
1475 3604 1509 3660 de
1524 3601 1704 3676 promissione
1718 3603 1809 3659 omni·

157 3704 188 3760 in
209 3702 248 3759 eis
272 3699 438 3759 desiderium
460 3699 514 3754 boc
536 3693 674 3762 naturale,
699 3701 730 3749 ut
752 3693 869 3748 necdum
903 3699 958 3746 tota
1011 3709 1047 3751 no
1061 3694 1182 3750 dubitare
1196 3709 1252 3750 uon
1266 3693 1339 3750 licet.
1351 3695 1464 3757 Doctus,
1480 3692 1527 3757 ait,
1543 3709 1639 3750 seruus
1652 3693 1713 3764 illc,
1730 3707 1811 3767 quem

157 3807 253 3848 earum
270 3788 376 3846 allectio
385 3787 471 3843 libere
482 3793 579 3858 pergat
592 3783 620 3838 in
631 3783 728 3849 Deum,
749 3782 798 3837 sed
816 3780 958 3837 contraba-
1011 3799 1076 3840 cum
1090 3783 1199 3842 venerii
1211 3783 1345 3839 Dominus
1355 3783 1425 3853 ejus,
1435 3782 1576 3840 incoeperit
1590 3783 1629 3838 tic
1643 3783 1809 3854 facientem.

160 3889 204 3938 tur
219 3879 338 3953 quodam
352 3878 444 3943 modo,
459 3883 591 3948 etrugam
607 3871 697 3938 faciat,
714 3872 780 3927 dum
793 3869 959 3926 inclinantur
1012 3875 1100 3931 Aaron
1122 3872 1184 3928 dico
1203 3871 1288 3937 vobis,
1304 3871 1438 3943 quonium
1457 3861 1540 3942 aitpcr
1559 3872 1656 3929 omnic
1673 3872 1745 3928 bona
1758 3887 1812 3930 auc

158 3968 296 4026 desiderio
314 3967 367 4023 tui·
393 3966 472 4022 Unde
497 3969 525 4019 ei
546 3963 642 4018 beatu·
662 3960 791 4025 loannes,
808 3958 854 4031 qui
874 3957 958 4013 multa
1011 3963 1168 4020 constituet
1182 3975 1247 4016 eum
1261 3959 1372 4029 (dotti.
1387 3975 1461 4024 ιιιιιι,
1477 3959 1522 4025 tc,
1538 3959 1594 4029 tr).
1609 3959 1683 4014 Tunc
1696 3960 1769 4015 enim
1783 3959 1813 4013 ti-

159 4060 239 4116 nobis
252 4056 328 4114 deco
348 4063 428 4121 statu,
443 4054 539 4125 inquo
554 4050 668 4108 feliciter
687 4051 771 4107 beatas
794 4049 889 4104 animae
912 4061 958 4104 re·
1011 4046 1081 4104 delia
1095 4061 1189 4102 seruus
1212 4042 1384 4099 constituitur
1405 4058 1488 4113 super
1507 4042 1598 4105 omnia
1617 4043 1689 4097 bona
1703 4042 1811 4098 Domini

156 4147 314 4222 quiescunt,
339 4159 390 4218 per
413 4143 544 4217 Spiritum
569 4141 697 4196 reseravit
716 4156 724 4194 ι
744 4139 811 4197 Sine
832 4137 957 4208 mocula,
1011 4134 1069 4207 sui,
1084 4149 1145 4190 cum
1159 4130 1190 4188 in
1210 4130 1341 4204 gaudium
1362 4132 1423 4201 eius
1443 4141 1562 4187 meretur
1580 4129 1691 4198 intrare,
1706 4137 1734 4186 et
1749 4146 1812 4187 curn

157 4237 259 4311 inquit,
274 4251 343 4294 auus
356 4238 425 4296 ante
439 4233 574 4290 tironum
587 4229 639 4287 Dei
652 4228 747 4302 (Apoc.
763 4243 826 4295 xiv,
842 4226 881 4298 a),
893 4225 957 4282 Sina
1013 4241 1046 4282 eo
1060 4225 1187 4292 deinceps
1202 4220 1286 4277 laetari
1304 4221 1332 4276 in
1352 4217 1497 4285 universis,
1513 4218 1540 4274 in
1561 4220 1665 4275 cunctis
1679 4219 1810 4291 gaudere,

156 4327 276 4392 macula,
304 4324 423 4396 inquam,
454 4320 502 4377 sed
528 4319 642 4376 necdum
670 4317 730 4374 sine
757 4331 840 4391 ruga;
867 4315 954 4371 donec
1011 4315 1039 4370 in
1067 4312 1193 4370 omnibus
1218 4309 1356 4366 delectari.
1386 4309 1490 4364 Etenim
1518 4311 1568 4383 qut
1594 4309 1720 4366 adiceret
1746 4311 1811 4380 Deo,

156 4417 254 4474 veniat
268 4413 334 4480 dica,
348 4427 409 4470 cum
432 4409 486 4466 sibi
505 4407 653 4484 gloriosam
675 4406 797 4463 Christus
821 4404 957 4462 exhibebit
1012 4403 1142 4476 Apostolo
1153 4408 1231 4470 teste,
1242 4417 1318 4456 unua
1328 4415 1393 4456 cum
1404 4414 1434 4456 eo
1444 4397 1566 4471 spiritus
1576 4397 1703 4467 efficitur
1712 4395 1739 4468 (l
1748 4395 1811 4465 Gor,

156 4501 320 4568 Ecclesiam,
337 4517 391 4558 non
409 4501 553 4556 habentem
575 4496 719 4567 maculam,
739 4511 829 4568 neque
849 4510 955 4570 rugam,
1013 4511 1052 4562 vr,
1069 4492 1130 4566 rt);
1146 4499 1172 4550 et
1197 4491 1321 4546 voluntas
1342 4489 1402 4559 ejus
1423 4486 1534 4543 omnino
1557 4485 1655 4540 diuinae
1673 4483 1814 4540 adbaerens

157 4595 189 4651 ln
205 4591 248 4648 bis
262 4606 377 4664 namque
391 4589 436 4660 qui
456 4587 544 4644 adbuc
559 4586 684 4654 militant,
701 4600 751 4640 nec
775 4585 835 4640 siue
854 4583 959 4640 macula
1012 4583 1141 4643 voluntati
1157 4580 1187 4637 lit
1205 4597 1258 4636 una
1274 4595 1336 4636 cum
1358 4593 1400 4648 ea,
1416 4586 1446 4634 ut
1464 4575 1532 4632 nibil
1549 4577 1616 4646 iam,
1631 4575 1704 4644 quod
1719 4582 1814 4631 contra

156 4683 273 4757 quidem
299 4679 424 4738 Ecclesia
451 4686 512 4745 cst3
538 4675 666 4748 quoniam
695 4690 775 4731 nemo
799 4674 916 4729 mundus
943 4688 959 4728 a
1013 4689 1073 4729 eam
1088 4673 1131 4742 sit,
1146 4671 1298 4728 inveniatur
1317 4668 1345 4723 in
1367 4667 1495 4724 omnibus
1518 4664 1664 4733 creaturia;
1679 4664 1728 4720 aad
1746 4663 1812 4720 uni·

157 4772 241 4828 sorde
266 4785 315 4826 nec
340 4767 440 4834 inians,
468 4767 547 4836 cnjus
570 4771 610 4820 est
630 4763 711 4820 unius
729 4761 783 4819 diei
800 4763 856 4819 sita
879 4777 960 4831 snper
1012 4779 1090 4820 versa
1104 4761 1177 4826 liant,
1190 4759 1232 4818 vel
1249 4757 1335 4829 magis
1353 4765 1478 4813 maneant
1492 4770 1542 4827 pro
1561 4755 1620 4824 eius
1634 4752 1760 4811 arbitrio.

158 4869 263 4918 terram
279 4878 285 4913 :
301 4874 384 4931 quam
407 4856 502 4928 utique
526 4853 609 4930 vitqm
637 4853 734 4908 beatus
761 4852 812 4907 Job
836 4850 960 4907 militium
1049 4853 1076 4908 t.
1091 4849 1155 4907 Haec
1168 4855 1209 4905 cst
1223 4863 1289 4919 ergo
1302 4847 1382 4903 beata
1396 4861 1471 4917 spes,
1489 4861 1572 4918 quam
1586 4850 1744 4916 exspectant
1755 4841 1815 4898 ani·

158 4965 222 5007 ease
252 4955 366 5005 testatur
389 4946 459 5020 (iob.
481 4960 530 5013 ιιι,
555 4945 591 5014 t).
619 4943 649 4997 lu
677 4941 721 4997 liis
747 4955 812 4998 vero
835 4939 881 5012 qui
909 4939 960 4996 sub
1015 4957 1067 4997 mae
1081 4948 1181 4997 sanctae
1198 4956 1205 4992 z
1221 4936 1322 4992 etlicet
1343 4934 1371 4990 in
1384 4935 1531 5008 gratiarum
1553 4932 1658 4991 actione
1672 4939 1815 4988 versentur

158 5038 245 5096 altare
258 5037 366 5094 Domini
382 5034 567 5109 requiescunt,
579 5033 637 5103 jam
651 5030 761 5102 quidem
774 5029 835 5085 sius
853 5029 961 5086 macula
1016 5045 1063 5101 pro
1078 5046 1108 5086 ea
1122 5026 1257 5092 felicitate,
1270 5027 1297 5080 in
1310 5039 1390 5097 quam
1402 5025 1460 5094 jam
1474 5023 1662 5096 requiescunt3
1671 5022 1758 5078 adbuc
1774 5030 1814 5076 ta-

157 5135 202 5186 est
215 5127 344 5195 Ecclesia,
362 5126 431 5183 sicut
449 5125 535 5180 babes
557 5121 585 5178 in
600 5121 706 5193 psalmo
723 5138 731 5176 ι
747 5119 874 5186 Domine,
899 5118 961 5192 quis
1014 5135 1076 5176 man
1091 5124 1170 5175 orant
1189 5123 1215 5173 et
1236 5116 1351 5171 clamant
1370 5113 1403 5169 ad
1417 5113 1503 5168 Deum
1526 5127 1575 5183 pro
1594 5127 1626 5168 ea
1644 5125 1815 5168 consumma·

158 5217 301 5277 dubitabit
314 5218 348 5272 in
359 5214 594 5274 tubemucclotoo
606 5210 620 5265 ?
630 5215 683 5267 aut
693 5209 918 5283 quisrequicacet
928 5210 961 5263 in
1014 5211 1099 5275 tione,
1111 5221 1191 5280 quom
1207 5201 1404 5277 prestolantur.
1422 5201 1501 5258 Unde
1515 5200 1742 5274 quemadmodum
1756 5199 1817 5255 sine

157 5311 258 5368 monte
283 5310 382 5363 sancto
407 5303 480 5363 too?
506 5303 560 5372 Qui
581 5299 754 5372 ingreditor,
777 5297 876 5370 inquit,
898 5295 960 5354 nnc
1015 5296 1120 5354 macula
1140 5294 1250 5368 quidem
1272 5291 1421 5358 uetustatis,
1438 5290 1484 5347 sed
1507 5305 1562 5345 non
1584 5289 1643 5345 sine
1662 5304 1731 5363 ruga
1749 5303 1816 5344 con·

156 5396 277 5455 cauculo
297 5395 386 5466 (Paul.
410 5408 470 5458 xiv,
486 5395 513 5458 t,
538 5393 574 5447 at.
600 5388 650 5444 llic
674 5403 741 5461 ergo
762 5385 911 5459 requiescet
934 5384 963 5440 in
1015 5381 1157 5442 tractionis
1172 5394 1218 5435 eas
1230 5377 1348 5434 diximus
1371 5392 1446 5448 esse,
1462 5375 1549 5432 sicud
1564 5373 1711 5447 gratiarum
1730 5373 1816 5428 actio-

158 5495 254 5543 monte
276 5483 397 5553 Domini,
424 5480 471 5554 qui
494 5479 646 5554 ingreditur
668 5478 729 5532 sine
757 5474 863 5531 macula
889 5473 962 5545 :qui
1016 5471 1145 5541 nemjam
1159 5465 1319 5540 pervenisse
1331 5466 1468 5534 videntur,
1483 5464 1530 5519 sed
1544 5463 1660 5519 necdum
1675 5461 1710 5516 ad
1725 5475 1817 5522 vocent

157 5590 230 5635 vero
260 5571 342 5631 luerit
361 5571 419 5627 aine
438 5585 517 5644 ruga,
542 5565 700 5624 exaltabitur
721 5581 804 5638 supra
833 5569 963 5620 montem.
1017 5555 1420 5631 laudis3quoniamperfectum
1438 5550 1551 5610 10θὸ
1565 5547 1819 5622 perlectoslaudare

158 5664 216 5722 Sed
241 5663 265 5720 si
287 5662 330 5721 vis
352 5660 424 5718 scire
451 5659 561 5734 qnando
590 5665 670 5714 erunt
694 5655 753 5712 sina
778 5670 846 5727 ruga
862 5652 962 5708 animae
1018 5651 1102 5715 decet,
1117 5654 1145 5704 ut
1168 5643 1294 5702 laudetur
1316 5660 1377 5701 cum
1400 5641 1556 5700 hereditate
1570 5654 1629 5708 sus,
1644 5638 1752 5711 quaudo
1763 5638 1820 5708 jam

159 5761 276 5820 sauctae,
292 5750 402 5826 quando
420 5747 599 5807 extendentur
614 5744 677 5805 ceti
700 5744 772 5804 sicut
790 5741 879 5817 pellis,
903 5756 965 5812 que
1017 5745 1045 5797 et
1061 5737 1114 5812 ipsi
1127 5733 1275 5794 laudabunt
1290 5749 1365 5804 eum,
1381 5732 1473 5792 eterit
1487 5730 1636 5803 unicuique
1650 5729 1708 5786 laus
1722 5743 1738 5782 a
1751 5727 1821 5784 Deo.
