4064 6344
269 483 338 545 ttae

537 606 652 664 sentio
666 607 790 664 LXXIV.

266 681 522 742 coniurationibus
537 678 615 736 Verbi
624 695 637 734 s
657 679 1057 751 masi,qucmcccultcfiuatad

300 753 430 808 animem
452 757 592 810 sunctum.
611 696 693 825 iidoc
717 749 878 806 bernardus
898 753 945 807 sui
968 753 1060 823 ipsius

301 824 430 896 ecemplo
455 822 491 878 od
509 821 725 891 aedificationem
745 837 864 880 suorum
888 822 1007 880 demisse
1027 840 1059 878 cc

300 891 608 953 verecundcdeclarnt.

301 970 327 1021 i.
352 967 509 1032 llcocrtere,
548 961 633 1036 inquit
656 961 749 1032 (dant.
772 977 802 1032 ιι,
828 964 883 1032 lt).
916 963 990 1018 licet
1005 977 1058 1020 non

265 1056 455 1126 adessequem
483 1061 607 1120 revocat3
637 1050 757 1107 adfuisse
782 1059 883 1117 tamen,
907 1051 989 1124 idque
1005 1068 1060 1108 non

263 1145 345 1218 longe
359 1149 421 1199 ante
438 1159 444 1197 :
461 1141 561 1213 quippe
574 1139 621 1212 qui
634 1139 699 1195 dum
715 1140 802 1196 adhuc
824 1141 920 1209 abiret,
935 1140 1058 1196 revocari

264 1233 381 1289 videtur.
405 1229 596 1301 intempestiva
610 1228 761 1294 revocatio,
782 1229 874 1301 magni
887 1229 968 1285 unius
982 1243 1059 1286 arno·

264 1321 312 1386 ris,
327 1335 432 1391 magnae
463 1317 575 1374 alterius
599 1317 769 1373 amabilitatis
784 1317 912 1374 indicium
930 1327 991 1373 est.
1007 1317 1059 1384 Qui

264 1419 327 1466 suot
339 1407 383 1464 isti
394 1406 534 1464 charitatis
547 1407 680 1472 cultores,
697 1406 877 1478 amatoriique
907 1418 960 1464 tam
976 1406 1055 1463 inde-

265 1499 328 1556 lessi
357 1503 505 1553 sectatores
520 1495 641 1569 negotii,
658 1510 771 1566 quorum
787 1495 899 1550 alterum
916 1496 1059 1567 prosequi-

264 1595 318 1648 tur,
343 1583 453 1640 alteram
481 1591 559 1652 urget
588 1591 641 1636 tanr
656 1582 794 1652 inquietus
820 1585 918 1638 arnor‘.l
945 1585 979 1639 Et
992 1583 1059 1639 milri

262 1673 382 1746 quidem,
395 1679 425 1726 ut
440 1671 550 1726 memini
565 1686 633 1726 mear
654 1671 852 1742 prenrissienis,
867 1673 1000 1728 incumbit
1015 1688 1060 1727 as-

263 1761 370 1833 signare
389 1760 460 1816 bunc
483 1759 572 1814 locum
588 1759 678 1815 Verbo
706 1765 733 1813 ct
747 1757 861 1826 animae;
884 1761 931 1815 sed
959 1752 1059 1816 adlice

263 1856 291 1903 ut
301 1849 383 1922 digne
396 1849 437 1906 vel
452 1846 648 1920 aliquantisper
659 1845 714 1912 fiat,
725 1845 811 1918 ipsius
822 1847 961 1917 adjutorio
978 1847 1058 1904 Verbi

737 481 765 540 S.
785 481 951 545 emendi
970 483 1105 548 lienus
1122 485 1431 546 utlnntnttunsls

1840 489 1911 550 tlte

1075 611 1203 702 “vulda
1235 611 1382 683 Denique:
1412 613 1587 670 [desiderium
1613 627 1783 685 pauperum,
1813 611 1910 684 inquit,

1115 701 1263 758 caaudioit
1278 703 1505 770 DcrninustPsol.
1521 717 1562 768 rx,
1579 703 1634 772 tt).
1653 702 1742 758 Verbo
1761 701 1846 774 igitur
1860 703 1910 756 ab·

1114 796 1204 853 eunte,
1221 805 1274 844 una
1288 789 1393 844 interim
1417 799 1445 846 et
1463 789 1591 846 continua
1614 790 1711 844 anime
1738 803 1802 855 vex,
1826 791 1911 844 conti-

1114 893 1195 932 nuum
1211 877 1371 933 desiderium
1383 879 1582 951 ejus,tanquam
1598 895 1681 934 unum
1695 879 1908 950 continuumque

1115 968 1267 1032 decutere,
1288 966 1375 1023 denec
1390 966 1488 1022 veniat.

1150 1057 1176 1109 3.
1203 1056 1236 1109 lit
1265 1071 1334 1110 rrunc
1357 1055 1392 1108 da
1415 1055 1481 1110 mihi
1509 1053 1637 1126 animam,
1655 1069 1734 1126 quam
1754 1055 1911 1126 frequenter

1114 1143 1234 1198 Verbum
1265 1159 1381 1215 sponsus
1404 1143 1520 1200 invisere
1543 1147 1638 1210 soleat,
1662 1144 1706 1199 cui
1741 1143 1910 1198 familiaritas

1113 1249 1217 1300 ausum,
1235 1231 1279 1288 cui
1302 1239 1398 1302 gustus
1414 1231 1519 1297 samem,
1536 1232 1579 1288 cui
1598 1240 1770 1302 contemptus
1787 1232 1910 1289 omnium

1113 1321 1197 1376 etium
1223 1320 1342 1375 dederit:
1372 1329 1398 1374 et
1421 1337 1472 1390 ego
1494 1321 1557 1376 huic
1586 1321 1771 1376 incunctanter
1798 1322 1909 1393 assigno

1114 1424 1207 1464 vocem
1223 1407 1355 1478 paritcret
1370 1424 1466 1468 nomen
1482 1424 1589 1480 sponsa.¹
1605 1427 1611 1475 ;
1625 1425 1676 1464 neo
1691 1411 1724 1463 ab
1745 1424 1777 1464 ea
1801 1410 1910 1480 penitus

1115 1495 1212 1561 locum,
1238 1497 1283 1567 qui
1307 1497 1334 1550 in
1363 1495 1486 1550 minibus
1513 1507 1564 1566 est,
1594 1498 1746 1554 censuerim
1775 1497 1907 1556 alienum.

1114 1585 1185 1639 Telis
1199 1599 1297 1654 nempe
1312 1583 1448 1640 inducitur
1462 1584 1504 1638 lric
1518 1583 1643 1655 loquens.
1663 1583 1749 1651 Quem
1773 1585 1846 1640 enim
1863 1601 1908 1641 re·

1113 1683 1199 1739 vocat
1209 1673 1268 1744 ejus
1281 1672 1381 1744 absque
1395 1673 1479 1728 dubio
1496 1675 1590 1745 probat
1605 1689 1634 1727 se
1645 1673 1779 1730 meruisse
1790 1689 1909 1744 praesen·

1114 1761 1189 1826 tiam,
1212 1761 1262 1815 etsi
1287 1777 1340 1816 non
1368 1761 1485 1826 copiam.
1512 1761 1649 1833 Alioquim
1673 1777 1726 1816 non
1756 1773 1910 1817 manasset

1114 1848 1200 1918 illum,
1229 1850 1276 1903 sed
1304 1857 1435 1906 vocasset.
1464 1850 1548 1904 Porro
1578 1850 1758 1910 recreationis
1798 1853 1909 1905 verbum

262 1952 342 2008 egere
356 1952 400 1992 mc
414 1934 511 1993 fateor.
527 1935 560 1991 lit
573 1943 646 1990 certe
660 1949 750 1989 sermo
765 1935 816 1990 istc
831 1938 958 1991 decuerat
973 1938 1058 2010 magia
1114 1941 1311 1995 reuertareest.
1327 1937 1359 1990 lit
1370 1936 1439 1992 icrte
1453 1937 1514 1992 ideo
1529 1937 1675 1992 substraxit
1685 1954 1725 2003 se,
1737 1953 1791 2009 qne
1806 1939 1910 1992 aridius

262 2031 414 2096 expertum,
430 2022 572 2096 magisque
588 2022 727 2080 conscium
743 2022 827 2078 sancti
843 2032 868 2079 et
882 2025 972 2079 arcani
981 2040 1058 2081 nmo·
1114 2034 1291 2094 revocaretur,
1319 2033 1455 2081 teneretur
1484 2025 1589 2082 lortius.
1620 2027 1688 2081 Nam
1711 2036 1738 2080 et
1765 2025 1909 2096 aliquando

263 2114 317 2184 ris3
335 2112 382 2168 sed
399 2127 452 2168 uon
463 2126 575 2183 possum
591 2109 680 2166 alticio
692 2112 788 2166 deesse
798 2127 869 2177 meo,
891 2127 945 2168 non
960 2115 1056 2170 vestris
1111 2113 1251 2170 simulabat
1269 2129 1299 2170 se
1312 2114 1421 2184 lougius
1434 2114 1483 2181 irc,
1501 2101 1554 2169 non
1574 2114 1705 2186 quiahoc
1724 2114 1843 2182 volebat,
1860 2119 1908 2168 sed

235 2187 246 2198 ⁸
262 2195 372 2258 omnino
388 2201 467 2258 rotis.
483 2199 634 2257 Periculum
649 2213 740 2253 nicom
751 2198 842 2267 video,
859 2209 885 2256 et
895 2215 1055 2269 noncaveo;
1111 2203 1218 2257 volebat
1232 2199 1327 2260 andire
1343 2221 1350 2257 ι
1368 2201 1447 2259 dunc
1468 2201 1623 2267 nobiscum,
1636 2203 1907 2276 nominandarum

261 2287 490 2362 rcsmecogitis.
508 2289 623 2343 Prorsus
638 2287 736 2360 cogitis
751 2288 890 2344 ambulare
910 2289 1057 2361 inmaqnis
1110 2291 1317 2362 advesperascit
1334 2290 1415 2362 (buc.
1444 2305 1519 2357 xxiv,
1536 2294 1579 2356 28,
1595 2293 1651 2362 aa).
1668 2292 1701 2346 Et
1723 2307 1830 2347 rursum
1850 2291 1903 2346 clia

266 2389 293 2436 et
307 2379 334 2434 in
356 2376 525 2435 mirabilibus
541 2393 622 2450 super
638 2393 690 2432 me.
713 2375 788 2431 ileu!
811 2392 891 2447 quam
909 2393 1005 2433 vereor
1022 2393 1057 2434 ne
1110 2380 1168 2435 vice
1182 2395 1266 2448 super
1286 2393 1357 2434 mare
1371 2377 1522 2444 ambulans,
1539 2395 1600 2434 cum
1615 2378 1732 2450 apostoli
1746 2379 1909 2451 navigarent

261 2467 376 2524 subinde
402 2464 532 2521 audiam:
552 2464 642 2534 Quare
675 2471 704 2519 tu
719 2479 830 2520 enarras
849 2464 960 2522 delicias
972 2482 1056 2533 mma,
1110 2476 1137 2523 et
1156 2466 1309 2524 laborarent
1324 2467 1351 2522 in
1372 2467 1539 2540 remigando,
1556 2467 1634 2538 quasi
1653 2468 1747 2523 volens
1770 2467 1910 2538 praeterire

262 2563 288 2612 et
301 2554 418 2613 assumis
432 2561 626 2611 sacramentum
642 2569 734 2609 meum
748 2569 797 2626 per
811 2568 843 2610 os
856 2556 956 2610 tuum‘l
970 2554 1059 2611 Audi·
1112 2569 1168 2623 eos,
1183 2568 1234 2611 nee
1247 2561 1312 2610 tunc
1327 2553 1435 2628 quidem
1451 2555 1520 2610 istud
1535 2554 1654 2621 volebat,
1672 2553 1718 2609 aed
1738 2556 1826 2626 rumis
1843 2569 1909 2624 pro-

262 2653 289 2701 te
309 2660 352 2700 me
369 2651 460 2699 nmen
475 2642 611 2700 homiuem
626 2642 673 2714 qui
688 2642 762 2715 loqui
778 2642 903 2714 trepidat,
920 2651 946 2700 et
965 2651 1057 2700 tacere
1110 2643 1177 2698 bare
1195 2641 1285 2713 iidem,
1305 2651 1332 2699 et
1358 2643 1455 2699 elicere
1474 2657 1592 2714 precem.
1618 2643 1750 2716 Denique,
1775 2643 1847 2698 sicut
1872 2643 1909 2697 ait

262 2749 319 2790 nen
344 2741 442 2806 potest.
476 2731 624 2788 Excusabit
654 2731 767 2788 forsitan
789 2747 887 2787 ausum
916 2732 1058 2804 trepidatio
1109 2733 1539 2806 evangelistazl'urlutisant,et
1553 2737 1908 2808 clamaverunt,putcntes

264 2823 323 2894 ipsa
336 2838 410 2892 mea3
430 2821 519 2893 magis
529 2827 619 2876 autern
635 2827 735 2889 vestra,
751 2819 775 2876 si
791 2821 959 2891 provenerit,
976 2821 1059 2877 aedili·
1108 2821 1282 2894 phantasma
1296 2839 1352 2900 csse
1367 2824 1467 2894 (diere.
1478 2838 1518 2890 vr,
1530 2827 1574 2890 ta,
1590 2825 1647 2892 ta).
1664 2825 1738 2895 Ergo
1753 2823 1909 2878 istiusmodi

264 2909 346 2967 catio.
361 2910 396 2964 Et
409 2907 478 2986 lorte
493 2909 535 2964 hae
549 2909 675 2980 lacrymas
689 2907 788 2978 pariter
803 2907 976 2976 ridebuntur,
1007 2911 1058 2966 Re·
1111 2927 1182 2982 pram
1197 2911 1410 2984 simulationem,
1430 2911 1486 2966 imo
1500 2911 1644 2967 salutarem
1664 2910 1907 2982 dispensationem.

264 3002 382 3064 certare,
396 2992 444 3052 ait.
458 2997 541 3055 Bene.
556 2996 666 3064 ebibat,
683 3002 836 3053 revocatur.
855 2996 921 3067 Quis
936 2997 1001 3053 mibi
1016 3013 1059 3054 re·
1112 3016 1193 3072 quarn
1218 3008 1280 3056 tunc
1304 3000 1483 3072 corporaliter
1507 2999 1625 3056 Verbum
1649 3015 1750 3070 corpus
1769 2999 1907 3055 interdum

265 3085 432 3156 serethujus
461 3084 651 3140 mutabilitatis
676 3084 1058 3155 sacramentuleuismibi
1114 3089 1246 3158 exitibuit,
1262 3107 1316 3146 non
1344 3100 1433 3146 cessat
1464 3089 1608 3145 identidem
1637 3087 1755 3144 Verbum
1785 3086 1908 3158 spiritus,

265 3174 348 3250 digne
360 3173 475 3246 explicet
489 3174 539 3242 irc,
553 3181 579 3229 et
589 3170 700 3230 tw
716 3173 806 3229 redire
818 3173 922 3229 Verbi?
936 3174 1063 3246 Numquid
1079 3181 1102 3259 c
1116 3181 1195 3235 modo
1210 3193 1259 3235 sno
1275 3177 1417 3248 spirituali,
1433 3193 1494 3235 eum
1514 3177 1613 3233 devota
1627 3175 1677 3232 sihi
1702 3175 1794 3232 anima
1814 3176 1909 3232 sedule

262 3261 466 3323 levitateutitnr
486 3264 627 3334 sponsus?
642 3262 731 3332 Unde,
747 3262 1061 3332 quovenireseudeuuo
1117 3266 1237 3323 actitare.
1265 3266 1425 3323 Praeterieris
1453 3266 1538 3322 teneri
1567 3264 1634 3331 vult,
1659 3265 1751 3320 abiens
1769 3263 1909 3320 moecari.

269 3355 309 3410 ire
323 3360 414 3424 queat,
435 3351 482 3424 qui
498 3360 583 3408 totum
600 3349 711 3422 impleti
725 3348 813 3419 Quem
828 3350 944 3423 denique
959 3359 1062 3408 motum
1117 3355 1211 3426 Neque
1224 3355 1297 3411 enim
1308 3357 1360 3411 hoc
1373 3355 1545 3412 irrevocabile
1558 3355 1677 3412 verbum.
1686 3355 1720 3420 lt,
1732 3361 1760 3408 et
1774 3351 1848 3408 redit
1860 3367 1909 3422 pro

270 3441 369 3498 babere
384 3441 499 3498 localem
527 3437 616 3510 possit
634 3439 679 3509 qui
695 3438 806 3510 spiritus
821 3440 885 3495 esti
912 3440 967 3495 Aut
981 3455 1063 3510 quem
1117 3441 1285 3513 beneplacito
1316 3459 1376 3510 suo,
1394 3444 1470 3516 quasi
1494 3443 1607 3500 visitans
1625 3441 1752 3510 diluculo,
1777 3447 1806 3496 et
1822 3439 1911 3496 subito

270 3535 409 3602 postremo
421 3530 464 3586 vel
485 3527 670 3597 cujuscunque
688 3527 794 3600 generis
822 3537 924 3582 motum
951 3528 999 3584 das
1023 3528 1062 3584 illi
1116 3530 1246 3601 probans.
1262 3531 1294 3586 Et
1309 3531 1347 3587 ire
1362 3531 1469 3603 quidem
1485 3531 1524 3587 illi
1538 3531 1654 3602 quodam
1669 3529 1751 3586 modo
1764 3527 1909 3599 dispensa·

272 3617 319 3689 qui
334 3617 407 3672 Deus
422 3615 481 3672 esti
506 3615 557 3670 Est
571 3615 673 3686 quippe
701 3615 811 3671 omnino
826 3617 1060 3674 incommutabilis.
1116 3617 1215 3674 terium
1228 3637 1235 3685 ;
1246 3621 1333 3676 redire
1346 3636 1412 3676 vero
1427 3636 1537 3684 semper
1551 3618 1732 3676 voluntarium
1740 3626 1798 3674 est:
1809 3625 1911 3673 utrum

300 3709 326 3759 t.
349 3702 450 3759 Verum
473 3704 532 3757 baec
559 3702 605 3773 qui
638 3709 728 3772 potest
751 3717 860 3772 capere,
890 3705 988 3774 capiat.
1003 3708 1061 3763 Nos
1114 3699 1820 3772 queautemplenumjucicii.ntpenasipsunnorum
1831 3697 1909 3753 ratio.

263 3799 355 3848 autent
378 3791 407 3846 in
421 3790 589 3863 expositione
608 3791 677 3847 sacri
690 3793 849 3864 mysticique
866 3792 967 3863 eloquii
980 3801 1060 3850 caute
1150 3793 1176 3846 t.
1193 3790 1272 3844 Nunc
1295 3804 1360 3846 vero
1379 3795 1485 3845 constat
1509 3789 1536 3842 in
1557 3788 1647 3844 anima
1673 3787 1731 3843 lieri
1750 3785 1911 3857 hujusmodi

263 3887 291 3939 et
304 3878 463 3952 simpliciter
476 3879 655 3949 ambulantes,
670 3895 797 3953 geramus
811 3895 914 3936 merem
938 3881 1059 3954 Scriptu-
1113 3876 1311 3934 vicissitudines
1333 3879 1423 3950 eunu's
1446 3885 1473 3932 et
1492 3875 1629 3933 redeuntis
1647 3876 1742 3942 Verbi,
1762 3874 1835 3929 sicut
1853 3876 1907 3930 ait:

264 3981 311 4038 rte,
325 3982 386 4040 quae
401 3968 501 4023 uestris
526 3967 617 4025 verbis
632 3967 790 4038 sapientiam
817 3969 844 4023 in
859 3969 986 4040 mysterio
1008 3969 1059 4025 ab·
1119 3966 1224 4032 Vadaei
1231 3969 1313 4023 oraio
1322 3966 1359 4022 ad
1368 3967 1512 4036 casilaco.
1523 3981 1584 4035 arv,
1595 3965 1651 4036 28);
1660 3965 1744 4020 item:
1758 3963 1908 4030 lesinam,

262 4053 413 4110 sconditum
438 4055 570 4128 loquitur;
600 4056 701 4112 nostris
727 4054 868 4112 aflectibus
880 4056 978 4122 Deum,
994 4056 1057 4111 dum
1113 4057 1141 4109 cl
1154 4054 1451 4120 nonvidebitismc5et
1467 4055 1572 4112 itonam
1580 4051 1909 4118 medicum,eloidcdttis

263 4141 371 4217 iiqurat,
392 4143 525 4216 insinuat3
542 4145 613 4200 notis
634 4159 723 4200 rerum
748 4143 917 4200 sensibilium
932 4143 1059 4201 similitu·
1111 4157 1156 4198 me
1180 4143 1272 4212 (loca.
1297 4157 1356 4210 svs,
1386 4141 1480 4213 li).0
1507 4142 1644 4198 merlinum
1665 4149 1694 4197 et
1711 4139 1908 4198 mcfficumlo

150 4285 159 4307 ,
262 4232 382 4302 dinibus,
398 4240 524 4305 tanquam
538 4233 703 4304 quibusdam
716 4232 818 4290 vilioris
831 4233 948 4288 materiae
968 4249 1056 4304 pocu-
1111 4230 1245 4286 modicum
1260 4229 1371 4304 longum
1384 4227 1390 4285 l
1404 4230 1449 4286 Pie
1464 4231 1587 4297 Domine,
1599 4229 1734 4287 modicum
1749 4228 1909 4300 diemque

262 4318 309 4387 lis,
319 4333 350 4376 aa
364 4335 425 4390 quaa
443 4319 563 4393 pretiosa
582 4327 655 4386 snut,
671 4320 801 4392 ignotast
827 4319 974 4376 invisibilia
996 4321 1055 4388 Dei,
1111 4332 1165 4374 non
1179 4318 1331 4374 videbimus
1346 4319 1393 4375 te‘l
1407 4319 1516 4376 Salvum
1531 4320 1567 4376 sit
1580 4318 1699 4376 Verbum
1714 4317 1825 4374 Domini
1838 4317 1908 4374 mei:

264 4408 400 4465 mutibus
413 4409 538 4480 propinat
568 4408 705 4466 humanis.
735 4408 1007 4481 Sequamurpreinde
1031 4420 1059 4467 et
1112 4408 1222 4480 lengum
1236 4415 1287 4474 est,
1312 4415 1340 4464 et
1367 4409 1484 4466 multum
1507 4409 1584 4467 valde
1607 4409 1696 4464 nimis.
1715 4407 1912 4466 Verumtamen

264 4511 315 4552 nos
339 4497 441 4570 eloquii
463 4498 531 4555 casti
546 4497 783 4564 consuetudinem,
801 4496 975 4569 dicamusque
996 4498 1060 4556 Vcr·
1115 4504 1378 4569 utrumqueverum:
1402 4505 1429 4553 ct
1452 4498 1589 4554 modicum
1612 4497 1723 4561 meritis,
1742 4507 1769 4552 ct
1793 4497 1908 4568 lengum

263 4587 328 4641 bum
339 4584 391 4642 Dei
403 4586 637 4659 iteumsponsum
650 4587 757 4652 animae,
773 4593 853 4657 prout
868 4585 960 4643 vultet
970 4583 1061 4646 vestire
1114 4585 1352 4657 votislclius,non
1369 4585 1506 4642 modicum
1527 4584 1617 4658 votisl.
1647 4584 1735 4640 liabes
1764 4591 1911 4652 utrumque

262 4675 295 4730 ad
311 4675 437 4747 andnam,
452 4683 480 4733 at
507 4675 605 4733 iterum
637 4677 773 4733 dimittere
800 4691 858 4732 eam
876 4694 882 4733 :
899 4683 1003 4734 nutum
1030 4689 1060 4735 ut
1115 4675 1141 4729 in
1166 4676 1314 4746 propheta:
1339 4676 1496 4732 Simorum
1516 4677 1624 4746 sarmit,
1650 4672 1746 4743 inquit,
1772 4678 1908 4744 anspcetc

266 4779 349 4820 sensu
362 4765 468 4832 mine,
483 4779 538 4820 nen
552 4765 635 4823 Verbi
664 4773 748 4833 motu,
763 4765 816 4822 ista
828 4763 888 4820 fieri
902 4765 1057 4824 sentiamus.
1113 4780 1187 4830 crcrn,
1199 4766 1264 4836 quin
1280 4765 1395 4820 veniens
1408 4765 1512 4829 sarriet,
1531 4769 1559 4820 ct
1581 4779 1639 4820 non
1654 4761 1780 4818 tardabit
1795 4761 1907 4830 (liobae

264 4853 346 4910 Verbi
370 4868 463 4923 musa,
479 4872 541 4914 cum
565 4855 648 4913 sentit
663 4857 787 4929 gratiam,
802 4855 925 4928 agnoscit
940 4871 1060 4928 praesen-
1114 4866 1144 4917 u,
1161 4851 1202 4924 3.)
1224 4852 1367 4921 Quomodo
1387 4867 1441 4908 uon
1466 4851 1589 4920 tardabit,
1617 4851 1641 4908 si
1666 4865 1769 4906 moram
1802 4851 1907 4915 iecerit,

262 4940 350 4997 tiam:
380 4957 442 4998 com
467 4960 532 5018 nen,
561 4945 710 5001 absentiam
737 4945 871 5018 queritur,
902 4953 929 5003 et
952 4961 1059 5003 rursum
1113 4942 1165 4997 nisi
1182 4939 1378 5014 quiaquodad
1392 4941 1515 4998 meritum
1539 4942 1604 4996 satis
1627 4948 1678 5006 cst,
1695 4953 1750 4995 non
1771 4946 1817 4994 est
1844 4937 1909 4992 satis

260 5029 434 5099 presentiam
445 5033 722 5105 quarit,dicenscum
732 5034 882 5106 Propheta:
899 5036 1058 5108 inquisivit
1112 5030 1144 5084 ad
1159 5038 1253 5087 return
1264 5031 1374 5086 tPorro
1390 5031 1480 5086 anima
1494 5047 1587 5086 amans
1601 5029 1673 5086 votis
1686 5029 1778 5096 lectur,
1794 5025 1907 5084 tm

260 5121 288 5174 te
297 5120 468 5191 sociassent,-
479 5123 582 5194 [οοίοιη
592 5123 1056 5199 tunm,Domine,reqciram(Pscl.
1110 5119 1224 5174 trahitur
1236 5118 1392 5189 desideriis,
1407 5119 1559 5174 dissimulat
1574 5118 1679 5187 merita,
1694 5117 1827 5189 majestati
1841 5131 1910 5173 ocu·

258 5221 342 5280 xxvi,
359 5211 399 5282 8).
416 5209 517 5281 Quidni
533 5213 672 5282 requirat?
698 5213 793 5284 Neque
816 5214 899 5284 enim,
923 5212 1055 5270 subducto
1109 5206 1150 5263 los
1163 5205 1274 5277 claudit,
1289 5207 1377 5278 aperit
1399 5207 1541 5277 voluptati,
1562 5223 1666 5277 ponens
1688 5205 1716 5261 in
1740 5205 1867 5273 saluuri,
1884 5216 1909 5260 ct

258 5295 309 5353 tibi
323 5303 379 5355 mm
407 5298 480 5356 dulci
498 5314 608 5371 sponse,
629 5300 738 5358 interim
764 5301 866 5374 aliquid
894 5303 965 5358 aliud
989 5317 1054 5372 non,
1108 5293 1270 5352 fiducialiter
1284 5309 1369 5367 agens
1382 5293 1409 5349 in
1425 5311 1470 5353 oo.
1493 5294 1627 5365 intrepida
1641 5295 1758 5367 denique
1778 5302 1807 5350 et
1831 5295 1907 5349 inre·

255 5384 317 5442 dico
332 5387 498 5458 desiderare,
511 5390 557 5444 sed
573 5405 623 5445 nee
637 5390 757 5463 cogitare
772 5390 875 5446 libebit.
892 5391 985 5445 Restat
997 5392 1051 5462 igi·
1106 5385 1227 5441 reconda
1241 5391 1351 5440 revecat
1365 5383 1498 5451 Verbum,
1514 5393 1542 5440 et
1562 5400 1622 5440 cum
1639 5382 1736 5440 fiducia
1749 5383 1851 5454 repetit
1865 5383 1909 5438 ds·

254 5477 299 5530 tur
314 5481 342 5528 ut
357 5475 493 5533 absonum
521 5477 645 5535 studiose
661 5479 791 5551 requirat,
820 5489 930 5535 revocet
950 5478 1052 5534 abeun·
1107 5473 1184 5528 licias
1202 5487 1274 5541 suas,
1292 5471 1371 5526 sulita
1392 5472 1515 5529 libertate
1540 5487 1648 5540 vocans,
1672 5487 1725 5528 non
1750 5473 1906 5538 bornicum,

255 5569 319 5618 tem.
335 5563 375 5618 lta
386 5577 453 5637 crgo
468 5575 615 5624 revocatur
629 5569 761 5635 Verbum,
779 5575 805 5625 et
824 5578 965 5624 revocatur
982 5567 1051 5622 desi·
1105 5563 1152 5618 sed
1166 5562 1312 5618 dilectum:
1329 5561 1588 5629 bannieraddccte
1606 5563 1648 5617 mi
1658 5577 1665 5614 :
1682 5561 1907 5618 etaddit:8lnu'·

255 5647 332 5705 derio
349 5649 456 5720 animae,
471 5653 518 5708 sed
533 5655 594 5722 ejus
624 5657 718 5710 animae
742 5655 786 5710 coi
810 5657 893 5712 semel
907 5652 1049 5711 indulseris
1105 5650 1139 5706 lis
1152 5655 1210 5708 esto
1224 5667 1341 5723 capreae,
1354 5651 1776 5724 liurauloqucccroerantsuper
1791 5655 1901 5708 monne

255 5734 418 5791 suavitatem
446 5738 498 5793 sui.
514 5740 641 5812 Nunquid
668 5755 722 5796 nen
737 5739 902 5796 desiderium
926 5743 999 5796 rcx‘t
1017 5741 1050 5798 Et
1103 5738 1215 5793 Rcttel.
1228 5739 1260 5796 llt
1274 5739 1343 5794 istud
1357 5749 1460 5810 postea.
