4116 6348
238 379 293 446 Ἢ
711 375 738 436 S.
753 375 921 442 amulum
937 373 1397 439 manumittimus
1827 368 1882 432 rat

236 505 340 584 judicii,
360 520 376 560 s
403 501 519 560 sinistris
545 500 681 573 patientie
705 501 912 570 inniteretur,a
931 503 1033 561 dennis
1050 502 1281 598 *nopotensin
1295 499 1561 575 prelioissptigitur
1574 496 1697 563 nuntius,
1708 495 1756 571 qui
1765 509 1881 554 sumum

238 590 392 652 humilitati.
422 589 507 648 Porro
529 589 595 660 Spes
622 597 649 644 et
676 589 771 648 Timor
793 592 894 648 debere
908 592 1032 662 calcaria,
1089 592 1262 650 necessitstas
1281 597 1406 664 exponat,
1427 588 1590 661 adjutorium
1602 585 1717 662 flagitet,
1732 584 1880 644 auxiliato-

239 681 308 753 Spes
331 679 358 736 iu
373 677 469 734 dextro
484 676 552 750 pede
562 675 792 749 exspectationem
806 679 923 750 praemii,
936 679 1032 736 Timor
1087 697 1144 738 rem
1154 679 1279 739 addocet.
1290 681 1322 736 lit
1334 679 1445 752 quisine
1458 677 1565 752 poterit,
1576 679 1613 734 ait
1622 674 1734 733 'l'imori
1748 673 1881 732 Tenebrae

238 767 267 826 in
280 766 392 826 sinistro
407 765 534 839 supplicii
550 774 663 823 metum.
1088 769 1213 842 operiunt
1228 777 1338 835 meram,
1358 779 1385 826 et
1403 781 1496 824 maros
1516 765 1624 824 obsidet
1638 764 1755 822 hostium
1769 759 1882 835 perviqil

274 860 302 913 t.
312 857 348 912 Et
362 856 430 914 lacta
440 871 518 912 mora
529 871 592 912 cum
609 856 860 928 advesperasceret,
875 856 1037 916 etinclinsta
1088 857 1252 926 multitudo;
1268 865 1296 914 ιι
1316 856 1403 933 ignari
1420 857 1480 924 visa,
1495 865 1624 928 tanquam
1643 854 1670 910 in
1692 853 1804 926 regione
1819 851 1882 908 lon-

239 945 372 1016 essatJam
385 944 453 1016 dies,
469 959 563 1000 rursus
572 945 733 1020 congregati
748 951 811 1002 sunt
825 945 954 1002 hostesin
969 945 1037 1003 mul·
1089 946 1201 1020 qinqua.
1215 944 1424 1006 Advocaverunt
1442 944 1527 1019 igitur
1545 943 1676 1016 hospitem
1698 956 1778 998 suum
1795 939 1883 996 lusd-

242 1032 367 1100 titudine,
381 1040 411 1090 ut
425 1032 554 1088 dimicent
581 1038 677 1088 conus
690 1031 838 1092 eos.Pavet
851 1033 956 1102 Timor,
969 1035 1038 1107 Spes
1091 1035 1165 1092 tiam.
1183 1034 1212 1092 si
1232 1034 1310 1109 quid,
1327 1023 1461 1108 inquiunt,
1471 1040 1562 1105 potes,
1578 1031 1680 1104 adiuva
1697 1045 1758 1088 nos.
1775 1027 1886 1098 Quibus

240 1123 389 1191 acceleratc
416 1122 465 1180 scd
492 1121 537 1178 vix
554 1119 662 1178 undam
685 1119 720 1178 ad
740 1121 885 1180 consilium
903 1137 951 1179 eos
964 1123 1037 1179 Pru·
1089 1123 1340 1182 illscbonoanimo
1356 1129 1450 1180 estote.
1461 1121 1509 1180 Est
1523 1120 1596 1178 enim
1609 1119 1678 1176 mihi
1691 1117 1803 1176 nuntius
1816 1115 1886 1172 tide-

241 1209 342 1282 dntia,
361 1208 603 1284 Temperantiaque
624 1210 769 1269 revocavit.
793 1212 829 1268 Et
851 1211 910 1268 ills:
921 1211 1036 1282 Videtis,
1089 1212 1208 1270 lissimns
1222 1213 1288 1287 regi,
1304 1213 1375 1269 hene
1393 1220 1474 1269 notus
1487 1210 1583 1278 curie,
1597 1207 1690 1266 Oratio
1709 1205 1821 1272 scilicet,
1835 1206 1883 1280 qui

241 1301 338 1375 inquit,
354 1297 417 1374 quia
430 1299 490 1356 dies
503 1299 653 1371 praecessit,
669 1307 697 1357 et
709 1315 763 1358 nus
787 1301 1035 1374 appropinquavit:
1089 1301 1118 1357 in
1131 1309 1237 1358 secreto
1250 1300 1338 1360 noctis
1354 1299 1461 1358 silentio
1477 1298 1645 1372 perignotae
1662 1296 1773 1354 ιιιιιιιιι
1785 1310 1885 1352 arcana

242 1396 270 1446 ιι
281 1386 328 1462 qui
342 1387 461 1444 ambulat
475 1386 503 1442 in
516 1386 645 1456 tenebris,
665 1388 814 1461 nescitque
826 1387 925 1446 vadat?
952 1391 1037 1448 Porro
1090 1390 1151 1448 coeli
1166 1399 1320 1463 penetrare,
1335 1397 1362 1446 et
1374 1387 1529 1448 cubiculum
1548 1388 1621 1460 regis
1635 1385 1764 1454 adereat
1777 1398 1884 1458 oppor-

242 1473 319 1536 vobis
332 1475 602 1550 grandiusculus,
619 1491 670 1534 nec
682 1492 764 1548 parus
777 1485 819 1538 est
831 1477 950 1536 bostium
964 1479 1036 1535 mul-
1091 1490 1157 1537 tuna
1171 1480 1371 1552 importunitate
1388 1478 1463 1549 pium
1478 1477 1550 1550 regis
1566 1475 1686 1532 animum
1705 1473 1814 1531 demere
1827 1486 1884 1530 non

242 1563 338 1623 titudo.
367 1565 416 1622 ιιιι
428 1571 517 1621 autem
541 1564 618 1621 milas
631 1564 741 1636 quidam
755 1566 815 1640 regi
828 1573 923 1625 nostro
935 1566 1038 1624 tidelis·
1089 1569 1225 1638 indoctus,
1240 1567 1438 1641 supplicatione
1451 1565 1598 1623 miserabili
1609 1563 1794 1620 laborantibus
1806 1561 1883 1617 auxi·

242 1652 337 1720 simus,
364 1669 445 1725 qnam
467 1669 521 1726 eqo
542 1653 614 1722 novi,
638 1659 758 1711 castrum
772 1655 874 1714 hahens
887 1672 973 1730 prope
986 1671 1036 1713 nos
1090 1657 1157 1717 lium
1171 1657 1269 1715 solitus
1285 1653 1399 1714 tenc
1420 1655 1574 1728 impetrare.
1594 1653 1645 1710 Est
1667 1651 1713 1708 ille
1732 1651 1881 1722 siplacet:

242 1741 371 1814 positum,
399 1749 427 1799 et
454 1741 638 1800 firmissimum
652 1751 693 1800 est
706 1743 906 1815 habitaculum
923 1745 986 1820 quia
1006 1745 1035 1804 in
1090 1746 1233 1805 ecceemm
1247 1751 1346 1818 praesto
1357 1753 1407 1803 ast.
1423 1745 1546 1814 Cumque
1554 1740 1758 1814 respondissent
1768 1754 1884 1796 omnes:

243 1841 317 1904 petra
335 1831 427 1902 posuit
457 1830 551 1890 nidum
564 1847 653 1890 sunm.
669 1833 841 1890 Divertsmus
862 1835 896 1889 sd
910 1834 996 1904 illum,
1012 1835 1036 1890 si
1053 1797 1076 1876 fl
1091 1833 1199 1894 Placetl
1213 1834 1430 1907 Prudentiaquid
1442 1833 1500 1907 regi
1509 1832 1635 1898 ιιιιιιιιιι,
1646 1827 1885 1898 dictantelnstitia

243 1919 526 1993 quenquennium
541 1929 583 1978 ast
597 1920 651 1977 illic
664 1936 733 1978 esse.
749 1919 827 1991 Quod
840 1936 901 1978 cum
919 1921 1036 1994 placaris·
1092 1937 1121 1982 ut
1134 1924 1250 1983 lidetiter
1262 1931 1527 1997 monstraremus
1541 1925 1689 1978 revertatur
1700 1916 1886 1989 precipiente,

243 2015 285 2068 set
297 2007 433 2076 omuibus,
449 2019 477 2066 et
491 2008 589 2066 ducem
610 2009 714 2068 itineris
727 2010 899 2082 quesissent,
915 2011 953 2067 ait
969 2014 1039 2068 Pru·
1093 2013 1204 2084 umoris,
1229 2021 1255 2070 et
1273 2011 1389 2069 maxime
1407 2011 1527 2078 Timore,
1542 2017 1571 2066 ut
1590 2010 1642 2066 iter
1660 2008 1822 2065 acceleraret
1835 2007 1887 2063 de-

243 2097 349 2154 dentis:
365 2089 491 2170 Armiger
504 2098 665 2155 meusllstio
681 2101 815 2170 precedet
829 2115 891 2154 uos.
906 2100 955 2156 Est
968 2099 1041 2155 enim
1094 2103 1275 2176 probantibus,
1290 2117 1339 2174 per
1359 2099 1482 2158 occultos
1502 2099 1634 2173 quosdam
1656 2097 1727 2154 muri
1742 2096 1832 2153 esitus
1846 2095 1887 2150 di-

243 2201 350 2258 gnarus
362 2185 475 2254 viarum,
490 2192 516 2242 et
531 2196 609 2244 notus
621 2186 742 2258 justitiae,
761 2193 856 2258 utpote
874 2188 1040 2261 consangni·
1094 2193 1191 2248 missus
1204 2199 1254 2247 est.
1266 2191 1302 2248 ht
1315 2189 1490 2247 illabentium
1505 2203 1607 2246 cuneos
1621 2194 1764 2259 penetrans
1773 2199 1889 2242 securus

245 2290 312 2331 neus
324 2273 394 2344 ejus.
406 2273 577 2332 rraeoedsnts
586 2273 678 2348 itaque
691 2275 815 2343 Ratione,
826 2276 933 2332 caeteris
945 2276 1043 2333 subsc·
1094 2280 1166 2337 omui
1184 2295 1234 2336 aue
1248 2277 1376 2346 velocior,
1392 2278 1420 2334 iu
1436 2289 1582 2344 momento,
1597 2275 1626 2333 in
1646 2275 1701 2333 ictu
1715 2275 1788 2331 oculi
1802 2289 1889 2347 usqne

237 2360 400 2432 quentibus,
435 2362 571 2420 antevenit
597 2363 695 2433 Ratio;
724 2375 751 2421 et
782 2363 896 2420 saluum
922 2364 1041 2434 lustitia,
1094 2370 1126 2424 ad
1143 2375 1233 2440 portas
1243 2368 1478 2425 novaeJerusalem
1490 2365 1619 2439 peruenit.
1631 2365 1706 2434 Quas
1715 2379 1775 2421 curn
1783 2362 1890 2419 clausus

244 2449 377 2507 nuntiavit
392 2450 515 2523 hospites
528 2451 682 2511 adventare.
714 2449 818 2520 Quaevit
836 2452 881 2508 ills
906 2453 955 2524 qui
968 2454 1038 2525 sinl;
1094 2457 1238 2530 reperisset
1258 2463 1286 2512 et
1298 2456 1443 2529 pulsasset,
1457 2454 1622 2526 janitoribus
1640 2467 1712 2524 egre
1727 2451 1886 2517 ferentibus,

246 2539 326 2607 nude,
341 2537 377 2596 ad
398 2540 463 2612 quid
486 2541 605 2608 veniunt,
628 2540 790 2598 sciscitatur.
805 2541 839 2596 ιιι
861 2559 923 2600 cum
947 2559 1040 2615 regem
1094 2546 1168 2619 quod
1190 2546 1359 2618 intempestae
1383 2545 1471 2602 noctis
1489 2542 1597 2600 silentio
1610 2542 1746 2599 civitatem
1766 2541 1891 2612 impleret

245 2629 427 2704 cognovisset,
439 2628 522 2686 hilari
536 2617 612 2687 vultu
622 2647 737 2702 surgens
750 2629 918 2702 fugientibus
945 2649 1042 2688 occur-
1096 2634 1268 2704 elamoribus,
1283 2643 1309 2690 at
1330 2633 1389 2707 regi
1408 2632 1460 2704 ipsi
1474 2632 1645 2702 importunus
1664 2644 1793 2686 essenon
1808 2643 1890 2684 vcra-

246 2717 280 2775 rit
292 2733 353 2776 cum
368 2718 493 2790 panibus,
508 2725 536 2773 et
560 2719 678 2778 obviavit
692 2719 744 2776 illis
759 2723 836 2791 quasi
851 2728 938 2776 mater
951 2722 1042 2780 hono·
1097 2728 1181 2792 ratur,
1197 2721 1241 2778 ille
1259 2721 1449 2794 perseverabat
1472 2721 1590 2793 pulsans,
1614 2725 1641 2776 et
1659 2717 1776 2789 amplius
1790 2719 1889 2789 loque-

246 2805 357 2879 rilicnta,
373 2813 581 2880 susceptamque
593 2807 711 2864 animam
726 2810 845 2882 absquo
858 2810 999 2882 deposuit,
1017 2821 1044 2869 et
1097 2812 1175 2867 batur
1190 2811 1322 2886 :Aperite
1344 2811 1420 2876 mihi,
1440 2811 1536 2883 inquit,
1558 2814 1650 2880 portas
1665 2807 1787 2878 justine,
1806 2812 1833 2862 et
1846 2805 1892 2860 in·

247 2896 275 2953 in
289 2897 470 2968 penetralibus
482 2897 581 2954 domas
592 2889 670 2952 avida
684 2896 837 2954 collocavit.
1098 2915 1208 2973 gressus
1222 2900 1249 2956 iu
1262 2915 1309 2956 aas
1331 2901 1480 2956 coulitebcr
1494 2896 1610 2955 Domino
1622 2897 1679 2968 regi
1694 2903 1787 2952 nostro
1801 2893 1828 2949 in
1843 2908 1892 2951 ore

281 2987 308 3042 b.
339 2985 494 3058 Insequitur
511 2986 616 3042 hostilis
631 2987 777 3055 exercitus,
794 2997 821 3043 et
842 3001 960 3046 castrum
975 2990 1045 3047 ohsi-
1098 3003 1161 3044 msc
1174 2989 1322 3046 secundnm
1336 2988 1536 3047 multitudinem
1556 2987 1682 3043 dolorum
1695 2999 1828 3052 meorum,
1844 2982 1892 3056 qui

247 3079 328 3146 dens,
343 3075 460 3148 undique
469 3072 589 3147 inquirit,
615 3073 639 3130 si
652 3077 713 3146 quis
727 3074 799 3132 lorta
815 3085 918 3146 pateret
940 3079 1043 3150 ingres·
1059 3068 1082 3147 0
1097 3076 1201 3133 suntin
1216 3078 1382 3135 cordameo.
1398 3077 1472 3147 llaec,
1488 3075 1586 3148 inqnit,
1603 3083 1679 3146 porta
1692 3073 1800 3130 Domini
1819 3073 1888 3130 mei.

248 3179 306 3232 aas,
320 3178 352 3221 ac
366 3171 493 3235 unquam
506 3161 549 3218 leo
572 3161 664 3218 circuit
680 3177 809 3232 querens
824 3178 907 3236 quem
922 3163 1047 3222 devoret.
1100 3164 1207 3222 lustitia
1221 3181 1265 3222 me
1288 3166 1362 3224 misit
1379 3167 1412 3223 ad
1433 3183 1493 3232 vos,
1509 3155 1542 3221 ut
1560 3163 1716 3221 introducar
1737 3163 1771 3218 ad
1785 3177 1898 3234 rapam,

249 3250 301 3310 Sed
315 3267 378 3308 cum
391 3251 510 3324 undique
527 3249 596 3308 illud
615 3249 747 3307 munitum
762 3250 912 3321 inveniunt,
930 3254 1047 3310 tantoris
1100 3254 1208 3328 quisad
1222 3255 1407 3324 ipsumhaheo
1420 3263 1597 3326 secretaque
1608 3252 1753 3326 perieram.
1770 3251 1827 3310 Vox
1837 3257 1895 3306 tur·

250 3341 345 3416 ligant,
373 3351 400 3400 et
420 3343 548 3398 excubias
569 3342 704 3410 ordinant,
735 3358 770 3398 ne
797 3341 859 3415 quis
880 3343 987 3415 ingredi
1001 3353 1048 3400 aut
1100 3341 1172 3398 binis
1185 3341 1332 3400 suditsest
1345 3343 1372 3399 in
1387 3349 1461 3400 terra
1474 3349 1574 3399 nostra.

249 3431 451 3503 egredivalcat,
468 3443 496 3487 ut
511 3445 589 3486 mane
605 3429 674 3486 lacto
698 3429 840 3488 instructis
854 3431 989 3487 machinis
1001 3432 1047 3487 di·
1135 3432 1163 3486 ι.
1192 3431 1246 3488 lies
1268 3447 1331 3490 curn
1352 3431 1526 3505 cognovisset
1548 3429 1671 3488 nuntium
1696 3439 1756 3484 essa
1779 3426 1897 3483 iustitiae

250 3526 329 3576 ruant
341 3526 369 3572 et
377 3517 483 3574 irruant
495 3534 578 3590 super
592 3533 648 3574 eos.
663 3519 777 3574 interim
796 3521 880 3574 Pavor
903 3520 1048 3590 paviditate
1100 3518 1234 3578 introduci
1249 3536 1311 3577 eum
1334 3521 1471 3592 praecapit.
1490 3520 1614 3594 luqressa
1626 3516 1720 3574 Oratio
1741 3514 1777 3572 ad
1792 3531 1896 3590 regem,

250 3603 532 3666 attollicitudinenou
544 3605 629 3680 piger,
641 3620 957 3677 necunquamsecnrus,
971 3622 1048 3665 cum-
1100 3608 1231 3677 adoravit,
1257 3619 1284 3666 et
1306 3611 1344 3667 alt
1359 3627 1365 3665 ι
1382 3595 1449 3680 Rex,
1473 3608 1501 3667 in
1520 3616 1652 3665 aeternum
1676 3605 1747 3663 vive.
1773 3605 1808 3660 Et
1823 3605 1866 3661 ille
1888 3623 1895 3661 :

250 3689 388 3748 militones
409 3690 516 3759 ιιιιιιι,
532 3691 664 3750 iustitiam
686 3693 822 3759 convenit,
846 3694 1048 3753 deminutione
1100 3698 1218 3756 uectem
1240 3705 1302 3755 sunt
1315 3699 1407 3755 omnia
1429 3701 1500 3756 circs
1525 3696 1663 3752 dominum
1682 3701 1770 3768 tunm,
1788 3701 1816 3751 et
1837 3709 1899 3766 quae

252 3781 318 3848 loci,
333 3783 367 3838 de
382 3780 581 3854 praeparatione
594 3795 732 3838 armorum
748 3781 856 3856 quaerit,
874 3783 1003 3856 adjiciens
1021 3792 1048 3841 ιι
1101 3785 1172 3840 ιιιιιιι
1187 3787 1316 3843 suntiEt
1326 3786 1437 3844 Oratio:
1452 3787 1546 3855 Recte,
1560 3784 1688 3851 Domine,
1699 3785 1786 3843 vestri
1801 3782 1897 3858 gratis.

251 3871 330 3941 illud,
345 3887 390 3929 ¹ue
414 3871 486 3929 sorte
513 3871 699 3930 sustentationi
712 3869 838 3928 dedciant
852 3871 988 3931 alimenta.
1005 3873 1046 3930 Ad
1104 3877 1187 3932 i‘nrro
1206 3890 1290 3932 annm
1313 3885 1354 3934 est
1374 3876 1568 3933 necessarium.
1594 3873 1695 3931 Servus
1715 3872 1759 3928 ille
1780 3879 1900 3928 vestare

251 3964 309 4019 hec
319 3962 423 4034 justitia
433 3963 583 4034 respondit:
612 3961 684 4020 Situs
698 3961 762 4034 loci,
781 3973 810 4020 ut
836 3963 1047 4021 animadvertere
1100 3965 1227 4022 cornibus
1254 3965 1425 4022 unicornium
1449 3966 1482 4020 ad
1508 3965 1651 4037 imperium
1674 3963 1749 4037 regis
1778 3969 1899 4032 ereptus,

252 4051 375 4123 potestis,
392 4066 506 4109 mosas
518 4069 545 4108 ιι
565 4051 760 4110 inaccessibilis
773 4061 823 4120 est,
841 4069 892 4110 nec
905 4053 933 4108 in
953 4052 1044 4120 armis,
1101 4054 1205 4111 diremit
1219 4054 1252 4110 ad
1269 4055 1381 4112 militem
1403 4065 1523 4112 vestrum
1545 4053 1683 4110 dominum
1705 4067 1816 4122 meum3
1842 4059 1870 4107 et
1891 4068 1899 4120 ι

253 4156 303 4198 nec
315 4139 343 4196 ιιι
354 4141 484 4198 machinis
492 4140 663 4200 inimicorum
673 4142 751 4202 timet
762 4142 902 4201 insultum.
921 4143 973 4200 Sed
984 4145 1047 4216 quia
1099 4142 1213 4199 Domine
1227 4143 1273 4210 nri,
1291 4151 1363 4200 terra
1386 4143 1433 4200 illa
1453 4143 1576 4200 australis
1599 4150 1626 4199 et
1641 4155 1720 4198 arens
1742 4147 1795 4210 est,
1820 4147 1848 4196 et
1862 4139 1901 4197 ci·

252 4231 345 4292 auidus
358 4239 410 4300 stt,
429 4245 529 4304 paucos
541 4231 624 4288 hahet
637 4233 790 4306 indigenas,
806 4247 874 4304 quos
887 4233 963 4289 arido
978 4233 1045 4288 hor·
1101 4233 1164 4287 hum
1174 4245 1229 4287 non
1240 4233 1332 4289 hahet.
1349 4233 1401 4290 Det
1410 4234 1542 4290 Dominus
1553 4231 1776 4300 benedictionem,
1790 4237 1819 4285 et
1830 4239 1902 4286 terra

252 4318 343 4377 descai
352 4319 429 4391 panis
438 4320 500 4378 cibo
512 4329 649 4394 utcunque
664 4329 806 4378 sustentat.
822 4321 858 4376 Et
871 4337 941 4378 nuuc
955 4337 1049 4392 super·
1063 4307 1087 4387 [i
1100 4329 1193 4375 nostra
1206 4320 1250 4374 det
1264 4319 1378 4379 tractum
1398 4337 1488 4378 suum.
1513 4321 1554 4376 Eu
1577 4319 1737 4391 cougregati
1756 4318 1852 4374 hostes
1870 4319 1900 4374 in

252 4419 317 4468 snut
328 4409 408 4464 nohis
425 4411 546 4483 quinque
569 4425 654 4481 panes
669 4410 822 4476 hordeacei,
845 4419 871 4466 et
885 4411 940 4467 duo
951 4411 1049 4480 pisces.
1107 4407 1287 4478 multitudine,
1303 4416 1332 4465 ut
1345 4409 1472 4468 dimicent
1486 4415 1578 4467 contra
1595 4425 1647 4464 nos
1663 4423 1671 4462 c
1687 4405 1825 4476 danobis,
1842 4407 1904 4462 Do·

252 4500 289 4556 Et
305 4498 411 4555 Timor:
440 4496 512 4567 Quid
543 4501 611 4570 hec,
640 4498 737 4570 inquit,
767 4505 829 4555 sunt
852 4498 921 4554 inter
943 4500 1051 4556 ιιιιιοιι
1105 4495 1187 4565 mine,
1202 4498 1330 4555 auxilium
1346 4500 1380 4556 de
1399 4498 1592 4569 tribulatioue3
1616 4497 1680 4570 quia
1699 4511 1755 4552 non
1769 4505 1808 4552 est
1830 4493 1904 4550 alios

253 4589 343 4663 Grsplt
371 4589 451 4664 igitur
472 4590 558 4662 magis
571 4603 670 4660 pavere
694 4595 721 4645 et
742 4589 861 4645 taedere:
892 4596 918 4644 et
933 4603 1052 4658 arguens
1089 4585 1152 4658 .qni
1168 4587 1268 4661 pugnet
1282 4603 1333 4659 pro
1356 4587 1521 4658 uobis‚,nisi
1541 4595 1579 4656 tu,
1600 4586 1674 4642 Deus
1697 4591 1801 4642 noster.
1816 4583 1905 4640 Porro

255 4682 373 4739 animam
392 4681 463 4752 quod
477 4681 512 4736 ah
532 4695 603 4754 equo
624 4677 757 4737 Desiderli
771 4677 966 4747 descendisset,
982 4678 1051 4735 illud
1106 4691 1154 4732 rer
1168 4685 1271 4743 noster,
1286 4677 1468 4746 cujusnsturs
1482 4677 1602 4742 bonitas,
1618 4681 1707 4731 motos
1717 4673 1760 4728 his
1771 4670 1905 4754 lacrymis

255 4770 357 4842 saepius
387 4770 568 4841 memorabat,
583 4783 646 4826 esse
667 4767 813 4826 nouissima
834 4767 951 4825 hominis
978 4767 1052 4826 illius
1105 4765 1143 4822 ait
1158 4784 1165 4822 :
1179 4765 1267 4836 Quem
1281 4766 1442 4823 mittemus?
1457 4766 1497 4824 lid
1509 4781 1590 4839 quem
1605 4757 1903 4834 Charitshcldcceego,

257 4861 352 4932 pejora
367 4859 509 4931 umoribus.
519 4858 749 4931 Equusenimille
759 4858 961 4929 praepeticnrsu
971 4858 1052 4915 iesti—
1107 4855 1230 4923 Domine,
1247 4850 1322 4912 mitte
1345 4871 1398 4911 me.
1414 4855 1470 4911 Rex
1488 4865 1575 4912 ιιιιιιιι
1595 4852 1732 4926 quaerebat
1754 4849 1902 4917 desooiis;

257 4966 309 5007 nns
322 4947 465 5006 advolabat
477 4949 512 5003 ad
530 4949 637 5013 urbem,
653 4961 725 5002 nunc
740 4946 821 5003 solius
846 4946 968 5006 Rationis
980 4961 1057 5004 com-
1111 4945 1160 5000 sed
1183 4945 1304 5001 Charitas
1330 4945 1506 5001 domesticam
1534 4943 1594 5000 sibi·
1611 4941 1739 4998 familiam
1768 4939 1908 5012 respondit

257 5036 360 5096 ιιιιιιιι
385 5035 506 5093 ducatui.
523 5037 595 5110 lpse,
610 5036 704 5109 iuquit,
721 5036 832 5104 ndens,
857 5035 948 5092 sinon
963 5033 1059 5092 melius
1111 5030 1247 5088 sullicera.
1259 5031 1319 5087 lixit
1333 5047 1398 5103 erqo
1412 5047 1466 5088 una
1479 5047 1542 5087 cum
1552 5029 1638 5087 nubili
1647 5029 1693 5085 illo
1707 5027 1836 5085 comitatu
1846 5041 1907 5096 suo,

258 5135 316 5186 erat
326 5126 375 5184 tibi
390 5136 454 5183 tunc
470 5126 567 5198 magis,
582 5141 661 5200 quam
674 5140 755 5181 nnuc.
1110 5119 1227 5191 Gaudio,
1242 5120 1323 5188 Pace,
1339 5121 1477 5190 Patientia,
1489 5117 1713 5192 Longanimitata,
1727 5114 1907 5190 Benignitate,

294 5221 323 5276 t.
351 5218 441 5288 Prope
465 5215 524 5285 jam
547 5221 604 5270 erat
624 5221 654 5271 nt
682 5214 811 5270 adversus
824 5213 907 5284 Spem
924 5211 1058 5270 contraria
1111 5210 1243 5280 ιιοιιιιιιι,
1268 5210 1482 5268 ιιιιιιιιιιιιιιιιιι.
1507 5207 1555 5264 ilis
1581 5207 1694 5278 stipatus
1714 5205 1770 5261 dun
1790 5203 1909 5276 insignis

262 5312 422 5366 subantem
438 5305 713 5377 Timorinsnrperet;
729 5303 777 5359 sad
789 5301 976 5374 Temperantia
991 5303 1058 5358 Pru«
1112 5297 1295 5370 progreditur,
1326 5309 1468 5370 senosque
1497 5299 1532 5352 da
1559 5295 1683 5365 uictoria,
1711 5301 1804 5350 erecto
1828 5291 1908 5364 siquo

264 5395 385 5454 desdam
409 5395 562 5454 aduocauit.
583 5393 720 5451 Accersits
733 5392 880 5449 Prudentia
894 5391 1057 5464 improhits·
1110 5387 1265 5460 triampball
1290 5387 1402 5460 primam
1431 5386 1576 5460 pertransit
1603 5387 1785 5453 inimicorum,
1810 5397 1908 5439 sacun-

263 5493 316 5540 trm
331 5486 448 5542 'limosis
462 5487 624 5556 obiurgans:
642 5483 668 5538 in
679 5481 858 5547 sdversarius,
874 5479 971 5550 iuquit,
986 5485 1059 5552 tuus,
1114 5476 1234 5550 demque
1265 5477 1425 5543 custodiam,
1446 5477 1566 5548 Cumque
1589 5475 1707 5533 venisset
1729 5473 1764 5530 ad
1790 5479 1907 5545 portam,

264 5575 402 5640 ohimnr,
416 5591 512 5631 mucro
533 5574 670 5631 deseviat.
700 5571 797 5629 Nescis
818 5573 881 5644 quia
896 5588 943 5627 rex
959 5581 1060 5634 noster,
1115 5567 1187 5623 ultro
1211 5577 1305 5638 aperta
1328 5582 1371 5622 est
1392 5568 1426 5624 ei.
1452 5567 1492 5622 nd
1507 5567 1586 5636 cujus
1607 5566 1761 5639 ingressum
1780 5561 1850 5617 iscts
1871 5569 1911 5614 est

266 5661 459 5722 rexvirtntmu
473 5669 525 5729 est,
541 5661 673 5718 Dominus
688 5659 765 5716 lortis
788 5672 814 5718 et
838 5669 945 5732 potens,
968 5659 1061 5716 Domi·
1115 5657 1207 5714 lretltla
1225 5673 1321 5732 magns
1340 5659 1366 5713 in
1391 5657 1502 5731 oppido.
1522 5657 1643 5726 Cumque
1661 5653 1792 5712 suadente
1805 5647 1912 5706 Gaudio
