4150 6348
168 419 222 480 tar
652 414 688 476 tlt
706 407 806 476 FRSTO
816 405 953 478 ouban
972 407 1168 480 SANCTORUM
1185 411 1293 482 subdo
1313 426 1336 483 l.
1764 421 1817 491 ²158

168 538 283 601 libarius
305 560 313 601 ε
333 549 361 600 et
382 541 512 600 nolebant
529 555 614 599 censu
629 535 769 599 abundare
787 549 908 612 terreno,
933 529 1002 642 ιιιρ
1018 555 1176 616 exspectare
1194 527 1291 620 noluit,
1317 556 1348 606 ut
1362 551 1395 607 da
1418 567 1501 610 manu
1523 555 1644 622 Domini,
1664 558 1735 614 unde
1760 558 1816 628 jam

167 633 337 690 abundarent
350 632 438 704 magis
453 631 482 686 in
496 645 578 688 sensu
599 647 660 686 suo.
678 632 733 687 ilos
746 631 877 688 discernit
889 632 963 704 quod
1019 641 1114 690 caetera
1138 642 1287 708 acceperat,
1308 637 1503 708 perfectionem
1517 659 1624 715 qunque
1643 645 1817 702 beatitudinis

167 719 269 779 dictum
283 729 335 790 est,
350 721 467 796 spiritu,
480 720 505 775 id
517 728 568 782 est.
580 719 873 792 spiritualivoluntate.
888 724 968 778 Beati
1019 730 1177 790 mereretur,
1202 727 1250 779 sed
1273 725 1420 798 praeripere
1443 727 1515 783 illam
1539 734 1671 802 serpentis
1705 734 1817 791 consilio

167 827 236 884 ergo
250 827 388 887 pauperes
403 810 521 882 spiritu,
536 808 670 877 spirituali
686 808 791 866 scilicet
805 810 965 876 intentione,
1019 811 1168 868 attentavit.
1192 812 1306 884 Propter
1323 815 1374 870 boo
1395 816 1549 888 paradisum
1570 820 1696 890 perdidit,
1717 831 1816 879 terram

167 901 307 958 desiderio
322 897 585 972 spirituaii,propter
594 899 684 953 solum
694 897 900 971 beneplacitum
910 898 967 965 Dei,
1019 898 1190 957 delitiarum:
1213 910 1323 974 propter
1345 903 1396 959 boo
1416 904 1474 977 ipso
1498 921 1611 977 corpore
1634 923 1684 965 suo
1708 919 1816 968 contra-

168 997 197 1046 et
210 990 363 1045 animarum
377 986 784 1059 salntem,qaoaiamipsaram
794 992 836 1044 est
849 1001 967 1060 repausa
1020 987 1086 1042 riam
1109 987 1196 1059 legem
1214 989 1326 1046 invenit.
1342 989 1395 1046 Sed
1408 992 1464 1062 jam
1478 993 1602 1050 fortassis
1624 997 1658 1052 ad
1676 997 1744 1053 banc
1761 1001 1817 1058 Do·

167 1079 313 1136 coeloram.
333 1075 388 1131 Sed
397 1075 458 1146 quis
467 1082 510 1130 eet
519 1073 566 1146 qui
581 1073 621 1130 sio
636 1075 764 1147 loquitur,
780 1075 827 1147 qui
846 1078 886 1133 sic
901 1077 966 1132 bea·
1022 1074 1086 1131 mini
1112 1091 1205 1134 vocem
1240 1077 1375 1136 desiderio
1412 1081 1624 1140 nransuetudinis
1653 1095 1762 1152 aestuas,
1790 1095 1816 1143 et

168 1165 253 1223 tiiicat
267 1179 411 1236 pauperes,
432 1168 460 1219 et
475 1163 516 1220 sic
531 1163 625 1218 ditati
645 1163 740 1232 Putas,
757 1163 857 1236 poterit
870 1177 964 1220 verum
1019 1165 1194 1236 conquereris
1216 1183 1299 1238 super
1317 1170 1462 1238 asperitate
1481 1171 1571 1227 cordis
1585 1171 1635 1241 tui,
1651 1179 1678 1228 et
1691 1172 1816 1232 belluinis

169 1255 251 1310 esset
267 1253 325 1308 Erit
338 1251 501 1320 sinedubio,
518 1251 653 1323 siquidem
666 1267 748 1309 verax
771 1259 798 1308 et
814 1260 910 1325 potens
925 1259 967 1308 est
1020 1252 1180 1325 quibusdam
1195 1255 1313 1312 motibus
1327 1267 1407 1328 atque
1421 1256 1551 1317 indomita
1570 1259 1686 1318 feritate.
1699 1263 1816 1320 strande

170 1343 215 1415 qui
229 1341 375 1416 promittit.
391 1341 419 1396 Si
434 1349 587 1397 murmurat
602 1339 737 1408 inimicus,
758 1341 968 1412 respondebitur
1019 1355 1086 1412 erqo
1104 1343 1175 1413 quod
1191 1343 1327 1415 sequitur:

171 1431 213 1488 ei:
229 1433 272 1487 Aa
285 1446 346 1486 aaa
362 1429 429 1486 ticet
443 1430 517 1486 mibi
530 1432 625 1501 [acm
638 1428 711 1502 quod
723 1432 785 1486 vota
794 1429 808 1484 i
817 1445 857 1485 aa
867 1430 968 1486 ceatur
1056 1431 1100 1484 tt.
1117 1433 1198 1488 Beati
1203 1434 1254 1503 qai
1262 1433 1365 1505 tepeat,
1377 1435 1508 1506 quoatnm
1522 1436 1578 1510 ipsi
1587 1437 1814 1497 consotabuntur.

172 1517 966 1592 raasrequamestparsepotonarrcm?(ftarrn.xx,re.)
1019 1517 1127 1588 Equum
1145 1517 1305 1576 indomitum
1319 1521 1425 1597 flagella
1443 1522 1567 1592 domant:
1588 1527 1704 1582 animam
1724 1527 1816 1584 immi·

172 1609 202 1667 Si
220 1610 324 1680 tujure
338 1607 496 1664 humiliatus
514 1623 544 1662 es
563 1623 613 1679 pro
629 1621 662 1662 eo
676 1607 749 1679 quod
764 1608 908 1663 adversum
922 1623 967 1665 me
1020 1612 1076 1659 tem
1103 1607 1229 1662 contritio
1261 1597 1375 1680 spiritus
1394 1623 1421 1665 et
1447 1611 1592 1668 assiduitas
1624 1615 1816 1688 lacrymarum.

171 1697 294 1755 exaltme
308 1704 334 1752 ta
344 1693 470 1767 voluisti;
486 1708 578 1751 nonne
592 1693 639 1767 qui
654 1709 684 1750 se
694 1694 840 1750 humiliant
856 1703 968 1768 propter
1021 1693 1096 1766 Ergo
1110 1693 1138 1749 in
1157 1693 1282 1752 omnibus
1296 1699 1425 1769 oporibus
1440 1699 1493 1755 tuis
1507 1715 1657 1760 memorare
1671 1703 1817 1762 novissima

171 1800 229 1852 me,
246 1784 342 1840 merito
360 1791 424 1840 sunt
432 1782 597 1840 exaltandi?
611 1783 645 1838 Et
661 1797 734 1852 vere,
748 1781 857 1850 fratres,
874 1785 895 1838 si
910 1783 967 1838 mi·
1023 1789 1081 1840 tua:
1103 1778 1212 1840 itm
1237 1783 1331 1840 mortis
1359 1787 1508 1855 horrorem,
1530 1789 1623 1859 judicii
1647 1794 1816 1850 tremcndum

173 1881 305 1936 serrimus
319 1879 364 1934 ille
379 1895 394 1936 c
408 1877 481 1936 coelo
490 1878 615 1947 dejectus
624 1886 675 1946 est,
691 1876 820 1948 quoniam
831 1875 968 1933 affectavit
984 1839 1007 1918 Β
1021 1869 1177 1940 discrimen,
1191 1871 1311 1929 ardentis
1326 1875 1458 1945 gebennae
1471 1885 1573 1933 metum
1584 1879 1617 1934 ab
1631 1880 1716 1936 oculis
1729 1881 1818 1938 cordis

173 1967 376 2037 celsitudinem,
392 1965 563 2024 altitudinem
587 1965 753 2039 concupivit,
771 1964 968 2022 sublimitatem
1023 1960 1060 2014 iul
1079 1959 1202 2036 elongari
1224 1960 1377 2020 nullatenus
1399 1964 1520 2035 patiaris.
1544 1966 1638 2040 Cogita
1661 1971 1818 2043 peregrina·

173 2057 368 2130 presumpsit:
383 2070 476 2111 nonne
492 2069 664 2125 consequens
677 2064 721 2110 est
732 2053 909 2121 beatosesse,
923 2053 969 2124 qui
1022 2048 1106 2106 tionis
1120 2057 1173 2104 tue
1184 2049 1330 2116 miseriam.
1350 2053 1468 2124 recogita
1486 2067 1575 2110 ³11th
1594 2062 1656 2111 tuos
1670 2056 1699 2110 in
1716 2057 1818 2112 emeri-

174 2152 272 2218 sponto
285 2145 314 2201 in
327 2143 497 2217 paupertatis
512 2143 927 2214 bumilitatemsesedeponunt,
944 2150 971 2198 at
1024 2135 1116 2193 tudine
1136 2137 1235 2194 animae
1260 2151 1328 2211 tue:
1353 2141 1442 2213 cogita
1460 2143 1521 2198 vite
1544 2144 1670 2200 humanae
1691 2145 1817 2218 pericula,

172 2236 251 2304 juxta
270 2233 377 2290 Domini
401 2232 613 2302 professionem,
638 2233 766 2304 ipsarum
785 2235 827 2290 est
849 2247 971 2304 rapaum
1024 2227 1115 2298 cogita
1128 2225 1297 2301 fragilitatem
1309 2230 1458 2301 propriam:
1475 2241 1503 2287 et
1516 2231 1544 2287 in
1559 2232 1640 2305 hujus
1654 2235 1728 2292 modi
1740 2235 1819 2307 cogi·

173 2325 321 2393 calomen,
333 2323 408 2394 qnod
429 2321 548 2394 perdidit
561 2319 637 2377 iste?
654 2321 689 2376 lta
704 2320 811 2376 attende
826 2335 910 2390 quam
923 2334 970 2376 sa·
1024 2316 1128 2372 tutione
1147 2317 1171 2372 ai
1195 2319 1421 2392 perseveraveris,
1441 2319 1501 2377 dico
1522 2321 1580 2393 tibi,
1601 2337 1693 2392 parum
1718 2325 1820 2380 senties

175 2411 281 2484 pinnen
294 2409 459 2469 ordinaverit
480 2408 630 2481 Sapientia,
646 2415 743 2466 contra
756 2416 901 2481 peecatum
916 2407 972 2481 pri-
1025 2403 1158 2477 quidquid
1185 2404 1250 2462 foris
1274 2406 1381 2463 videtur
1409 2423 1468 2464 esse
1496 2410 1652 2482 molestum,
1671 2410 1735 2466 dum
1763 2420 1820 2468 toto

175 2516 263 2566 mom,
278 2500 428 2556 remedium
447 2497 565 2569 primum
582 2513 735 2569 opponens.
758 2498 800 2552 Ac
815 2497 838 2552 si
852 2496 973 2574 apertius
1026 2492 1106 2548 corde
1128 2491 1199 2550 circa
1225 2493 1386 2550 interiorem
1409 2496 1560 2552 molestiam
1585 2499 1737 2569 occuparis.
1767 2499 1820 2556 Sed

174 2589 247 2644 dicat
263 2605 271 2644 ι
287 2589 334 2646 Vis
348 2587 474 2643 obtinere
484 2586 586 2642 coelum
595 2586 668 2657 quod
680 2584 797 2657 perdidit
811 2585 973 2658 superbiens
1026 2595 1076 2636 nec
1086 2581 1204 2652 patietur
1221 2581 1353 2638 Dominus
1367 2583 1426 2639 sine
1440 2585 1619 2642 consolatione
1633 2593 1660 2642 te
1675 2603 1744 2655 esse,
1753 2603 1823 2660 quo·

178 2677 303 2751 angelus,
320 2673 498 2749 quioonfisus
521 2681 562 2730 est
576 2673 605 2728 in
624 2673 723 2728 virtute
745 2689 805 2742 sua,
822 2673 890 2729 etin
904 2674 974 2728 mul·
1027 2670 1099 2726 niam
1128 2670 1204 2726 Pater
1233 2671 1477 2730 misericordiarum
1509 2683 1559 2742 est,
1582 2683 1609 2730 et
1635 2676 1710 2733 Deus
1741 2678 1824 2734 totius

177 2764 293 2822 titudine
306 2763 463 2821 divitiarum
477 2764 609 2818 suarum?
639 2763 809 2834 Paupertatis
844 2761 974 2818 vilitatem
1027 2755 1233 2824 consolationis:
1250 2767 1279 2816 et
1291 2759 1474 2831 complebitur
1487 2763 1599 2818 omnino
1624 2765 1697 2836 qnod
1716 2765 1824 2821 Veritas

178 2853 355 2926 amplectere,
376 2859 402 2907 et
416 2859 492 2906 tuum
502 2850 561 2908 erit.
577 2849 725 2922 Sequitur:
1028 2845 1188 2916 pollicetur:
1202 2847 1284 2903 Beati
1298 2849 1348 2920 qai
1364 2849 1472 2921 tepeat,
1484 2852 1620 2922 quoniam
1633 2853 1690 2926 ipsi
1698 2853 1824 2910 consota-

215 2946 241 2999 9.
258 2942 340 2998 Beati
352 2939 593 3012 scitamentorum
603 2940 660 3012 ipsi
667 2939 849 3010 possiderant
858 2943 973 2996 tanam.
1029 2933 1147 2990 inlatae.
1164 2931 1313 2989 concordat
1328 2945 1417 2991 autern
1426 2935 1491 2992 buia
1504 2939 1646 2994 sententie
1659 2939 1738 2995 edam
1747 2939 1824 3010 illud,

179 3029 274 3097 Bene,
293 3028 415 3099 optime.
438 3026 482 3084 Sia
506 3029 579 3081 enirn
603 3027 758 3096 oportebat,
785 3027 975 3083 commendata
1030 3023 1102 3093 quod
1117 3021 1146 3076 in
1161 3021 1304 3078 Salomone
1323 3021 1426 3096 fegisti:
1440 3025 1536 3084 ileliae
1555 3028 1697 3086 estiread
1713 3030 1826 3086 ἀοριιιιιι

180 3123 348 3190 paupertate,
365 3116 447 3170 etiam
472 3115 710 3172 mansuetudinem
729 3113 889 3185 predicari3
906 3130 974 3185 qno·
990 3114 1013 3196 e
1031 3110 1134 3180 lactus,
1154 3127 1240 3185 quom
1260 3111 1297 3168 nd
1311 3111 1428 3170 damam
1448 3113 1573 3172 coaetant·
1590 3117 1694 3186 (Beate.
1710 3134 1762 3186 ιιι,
1786 3121 1824 3188 3).

181 3205 256 3262 niam
269 3203 483 3276 relinquentibus
497 3203 597 3271 omnia,
616 3203 705 3274 prima
713 3205 784 3258 solet
794 3218 852 3260 esse
867 3204 978 3260 tentatio
1031 3199 1177 3269 Propterea
1189 3199 1265 3256 beata
1279 3215 1362 3268 esses,
1384 3203 1448 3267 Bra,
1465 3203 1487 3257 si
1502 3211 1563 3273 post
1577 3204 1683 3276 cuipam
1698 3207 1826 3263 consola-

181 3295 218 3351 de
239 3293 370 3349 molestiis
389 3293 525 3362 corporis,
541 3298 568 3346 et
583 3290 726 3348 afflictione
755 3293 845 3348 carnis
857 3291 976 3349 insolita.
1032 3287 1132 3342 tionem
1145 3303 1285 3360 quaereres
1298 3288 1488 3361 lacrymarum,
1504 3297 1531 3347 et
1545 3305 1675 3348 conversa
1690 3295 1722 3348 ad
1738 3295 1826 3365 poeni-

182 3383 255 3452 Quid
268 3397 333 3439 vero
348 3387 495 3453 paupertas
502 3379 634 3452 proderit,
646 3379 680 3446 si,
692 3382 763 3454 quod
774 3380 845 3436 absit
856 3378 862 3435 l
874 3395 979 3453 pauper
1030 3375 1140 3431 tentiam
1152 3378 1257 3433 reniam
1275 3375 1353 3433 citius
1368 3377 1513 3435 obtineres.
1533 3379 1610 3435 Nunc
1623 3387 1713 3437 autem
1729 3381 1827 3439 miser-

182 3473 213 3529 in
234 3469 474 3526 murmurationem
499 3467 633 3536 deveniat,
660 3468 747 3526 faetus
760 3483 931 3540 exasperans,
952 3479 979 3526 et
1031 3462 1129 3519 rimam
1156 3464 1275 3536 quaesisti
1293 3465 1506 3522 consolationem
1529 3469 1563 3524 de
1585 3466 1667 3524 simili
1689 3484 1755 3527 nasu
1776 3469 1829 3528 viri

182 3559 327 3630 impatiens
354 3557 529 3629 discipline?
548 3556 656 3629 Optime
676 3571 787 3630 quoque
817 3564 880 3629 post
901 3558 980 3631 regni
1032 3551 1079 3620 tui,
1100 3563 1128 3609 et
1150 3568 1254 3610 veneno
1271 3553 1400 3625 pessimo,
1420 3555 1586 3624 nequissimo
1609 3557 1734 3615 videlicet
1753 3557 1829 3626 vitio,

184 3647 394 3721 promissionem
411 3646 501 3702 minus
520 3645 596 3702 aliud
615 3661 729 3718 regnum
743 3647 818 3702 velut
832 3645 979 3702 inarrbam
1034 3647 1119 3698 teum
1136 3641 1252 3699 infecisti
1272 3641 1455 3713 posteritatem
1479 3653 1566 3700 tuam:
1590 3655 1622 3702 ιιι
1641 3661 1726 3720 usque
1749 3646 1831 3704 bodie

184 3738 274 3804 datur,
289 3746 319 3792 ut
340 3736 487 3792 secumdum
509 3735 683 3806 scripturam,
697 3736 915 3806 promissionem
929 3736 980 3790 ba-
1035 3730 1213 3801 perditionem
1225 3731 1350 3798 alterius,
1367 3733 1434 3788 alter
1449 3748 1528 3789 suam
1544 3742 1651 3807 reputet
1665 3734 1832 3794 consolatio·

184 3827 298 3884 bearem
311 3827 379 3884 vitre
392 3826 455 3897 ejas
471 3840 533 3896 quoe
546 3839 622 3880 auno
633 3828 685 3890 est,
699 3823 854 3895 peniteret
871 3825 982 3894 future
1035 3834 1110 3875 nem.
1129 3819 1227 3875 itisara
1242 3833 1356 3892 prorsus
1373 3821 1439 3880 Evae
1453 3821 1612 3890 consolatio,
1630 3831 1658 3879 et
1676 3839 1770 3881 eorum
1786 3825 1832 3898 qui

188 3917 213 3986 (l
231 3917 301 3972 Tira.
315 3930 354 3981 ιι,
373 3915 420 3985 8);
435 3922 463 3968 et
481 3913 516 3968 de
530 3910 697 3970 exhibitione
716 3913 890 3982 praesentium
905 3909 983 3966 firma
1036 3909 1173 3965 miseriam
1201 3910 1270 3964 banc
1288 3909 1441 3966 imitantur!
1471 3911 1523 3966 Sed
1547 3913 1620 3969 beuti
1643 3914 1693 3984 qui
1724 3916 1832 3986 tepeat,

188 4004 224 4060 sit
237 4003 402 4076 exspectatio
413 4001 579 4059 futurorum.
590 4002 775 4068 beatimites,
786 4001 984 4076 quoniamipsi
1036 3999 1238 4070 quoaiomipsa'
1253 3998 1484 4056 consotabuntur.
1499 4001 1598 4056 Verum
1616 3999 1681 4074 quid
1700 4001 1774 4057 aliud
1793 4009 1834 4058 est

187 4091 370 4167 possidebant
380 4091 852 4162 terramllauoegoterramcorpua
862 4096 984 4145 nostrum
1038 4086 1261 4157 baecconsolatio,
1277 4101 1357 4160 quana
1372 4086 1519 4158 procedens
1533 4087 1567 4144 de
1584 4102 1634 4164 spe
1648 4088 1733 4145 venie
1744 4089 1835 4162 qratia

187 4179 312 4253 intelligo
327 4181 420 4251 :quod
439 4180 463 4234 si
485 4178 624 4251 possidere
640 4179 697 4234 vult
710 4177 810 4245 anima,
826 4176 850 4234 si
871 4193 986 4252 regnare
1038 4175 1199 4241 devotionis,
1224 4183 1250 4230 et
1270 4175 1428 4233 suavissima
1448 4175 1588 4234 delectatio
1606 4175 1681 4244 boni,
1697 4187 1724 4233 et
1738 4185 1835 4253 gustus

188 4269 326 4326 desiderat
343 4284 427 4342 super
444 4267 568 4324 membra
581 4281 640 4334 sua,
657 4272 822 4322 necesseeet
837 4273 865 4320 ut
879 4266 914 4320 sit
927 4265 988 4336 ipsa
1041 4263 1191 4337 sapientie,
1220 4265 1282 4323 licet
1306 4266 1433 4338 exiguus,
1453 4265 1552 4339 quibos
1577 4264 1684 4323 interim
1701 4268 1836 4341 benignus

189 4357 279 4425 mitis,
294 4365 321 4412 et
339 4356 473 4427 superiori
487 4371 537 4412 sun
553 4354 691 4424 subiectu3
708 4355 836 4425 quoniam
847 4353 986 4410 taleiuve-
1003 4353 1174 4471 nDominus
1196 4353 1323 4410 afflictam
1345 4353 1487 4428 refrigerat
1505 4355 1646 4412 animam?
1669 4355 1723 4412 Sed
1741 4365 1838 4430 gustus

188 4446 250 4503 niet
268 4445 379 4502 inferius
402 4460 492 4512 suum,
511 4433 620 4515 qualem
637 4457 667 4500 sa
680 4441 829 4500 exhibuerit
842 4442 985 4514 superiori.
1041 4441 1085 4497 ille
1104 4443 1169 4497 nibil
1183 4443 1256 4500 aliud
1276 4451 1329 4513 est,
1345 4459 1425 4517 quam
1439 4444 1637 4503 irritamentum
1655 4443 1792 4514 desiderii,
1811 4452 1839 4500 et

189 4537 322 4592 Armatur
334 4533 543 4592 animarentura
556 4532 591 4588 ad
605 4532 788 4589 ulciscendam
803 4530 846 4588 sui
860 4530 989 4602 injuriam
1040 4531 1204 4587 incentivum
1227 4533 1336 4600 amoris,
1354 4535 1426 4590 sicut
1441 4537 1571 4608 scriptum
1586 4545 1641 4594 est:
1662 4534 1714 4606 oct
1737 4533 1838 4600 ederat,

192 4623 339 4682 Creatoria
358 4625 393 4680 Et
407 4623 468 4679 ideo
484 4621 588 4680 noverit
602 4622 702 4691 anima,
716 4635 778 4692 qnae
794 4620 923 4676 rebellam
937 4617 990 4675 sibi
1042 4620 1355 4692 me,adtaaesarieat‚·
1374 4625 1627 4697 etquibiiuntnre‚
1639 4624 1841 4682 adiueritieat

191 4711 415 4770 invenitoarnem
430 4727 519 4782 suam,
533 4727 566 4768 se
582 4725 689 4782 quoque
698 4708 800 4777 minus,
814 4721 898 4780 quarn
912 4721 991 4777 opor·
1046 4710 1142 4778 (Beati.
1157 4725 1240 4777 xxiv,
1254 4709 1310 4782 29).
1326 4711 1472 4784 Propterea
1484 4713 1556 4770 illico
1571 4713 1748 4771 subinfertur:

193 4811 257 4870 teat,
274 4799 462 4872 superioribus
475 4799 659 4873 potestatibus
673 4813 732 4854 esse
746 4797 905 4867 subjectam.
915 4797 991 4854 uan-
1080 4803 1123 4855 tt.
1135 4801 1216 4856 Beati
1225 4801 1275 4872 qui
1295 4803 1464 4858 eranaatet
1476 4803 1583 4859 sitiunt
1596 4806 1754 4878 justitiam,
1768 4820 1842 4878 quo·

193 4897 304 4948 suescat
319 4889 389 4963 ipsa,
401 4898 428 4946 et
445 4889 603 4946 humilietur
616 4889 668 4944 snb
682 4888 786 4960 potenti
800 4901 882 4941 mann
901 4883 990 4942 atris-
1044 4887 1190 4959 aiamipsi
1199 4889 1418 4946 saturabuntur.
1429 4889 1481 4959 Qui
1491 4891 1585 4960 esurit,
1601 4892 1840 4967 esuriatnmplius3

194 4980 276 5051 simi3
291 4991 319 5037 et
333 4982 460 5051 subjecta
477 4979 592 5046 sitDeo,
606 4985 634 5034 et
650 4979 692 5034 bis
708 4977 809 5048 pariter
822 4976 922 5048 quibus
933 4977 992 5032 vice
1046 4975 1129 5049 etqui
1143 4977 1289 5046 desiderat,
1308 4977 1489 5035 abundantius
1503 4979 1591 5036 adbuc
1604 4981 1749 5049 desideret:
1772 4993 1843 5053 quo-

195 5070 348 5141 ejusbabet
358 5067 470 5126 obedire
480 5068 792 5141 prelatis:etoontinuo
803 5080 903 5137 corpus
912 5079 994 5120 suum
1047 5065 1118 5121 niam
1140 5072 1381 5139 quantumcunque
1407 5068 1560 5126 desiderare
1587 5071 1712 5140 potnerit,
1739 5077 1842 5126 tantum

195 5158 317 5215 inveniet
330 5157 462 5215 obediens
485 5165 513 5213 et
532 5157 692 5226 subjectum.
723 5157 829 5213 Veritas
855 5155 930 5212 enim
953 5159 995 5208 est
1047 5162 1090 5212 est
1098 5166 1265 5227 accepturus.
1280 5157 1338 5212 lmo
1352 5170 1416 5214 vero
1431 5174 1485 5215 non
1499 5159 1650 5215 secondum
1663 5157 1844 5227 imperfectio·

193 5242 994 5322 qnaeloquirur:anarimitesquontomtpsa'posrtdetanr
1050 5259 1112 5300 nem
1143 5245 1286 5303 modumve
1309 5245 1445 5318 desiderii,
1473 5247 1734 5320 quoniamquidem
1758 5246 1846 5301 donec

195 5340 320 5393 terram.
335 5337 371 5392 Et
384 5335 458 5406 vide,
483 5335 505 5390 si
533 5351 586 5392 non
610 5333 739 5391 adversus
758 5335 870 5390 secundi
893 5331 998 5404 peccati
1050 5333 1168 5407 perfecte
1195 5335 1303 5405 babent,
1332 5335 1451 5406 perfecte
1477 5335 1631 5392 desiderare
1658 5351 1712 5391 non
1741 5343 1845 5408 potest:

195 5422 301 5480 vulnus
315 5425 436 5481 secunda
463 5422 626 5495 processerit
653 5421 796 5478 medicina.
815 5421 901 5478 Prima
915 5421 998 5494 siqui-
1051 5423 1100 5478 sad
1114 5437 1165 5478 nec
1186 5431 1214 5478 et
1227 5423 1347 5493 periente
1363 5424 1475 5491 babere,
1495 5423 1583 5480 donec
1597 5421 1714 5495 perfecte
1736 5426 1848 5480 deside·

195 5511 263 5568 dcun
277 5519 338 5584 post
350 5514 481 5586 angelice
497 5511 726 5586 prevaricationis
742 5511 847 5567 ruinam
861 5512 918 5568 Eva
932 5527 996 5582 pec·
1052 5522 1104 5579 ret:
1126 5513 1173 5568 sed
1192 5527 1346 5568 mensumn
1371 5523 1530 5586 accepturus
1553 5521 1594 5569 est
1610 5514 1721 5580 bonam,
1736 5521 1763 5571 et
1780 5530 1849 5570 oon-

196 5599 284 5670 cavit,
298 5600 487 5673 inquietudine
497 5601 608 5673 spiritus
622 5602 735 5674 agitata,
748 5608 775 5656 et
792 5599 928 5658 interdicti
942 5602 997 5657 Bo-
1052 5605 1158 5670 tertam,
1174 5611 1203 5657 et
1216 5601 1388 5675 coagitatam,
1404 5611 1432 5659 et
1447 5601 1694 5674 supereffluentem.
1709 5603 1789 5659 Beati
1803 5605 1851 5678 qai

196 5687 294 5750 misici
305 5689 404 5770 jugum
417 5699 545 5762 suerent
559 5693 618 5749 leve
631 5687 996 5764 palaestinensem
1050 5691 1221 5751 mamre
1235 5691 1342 5752 sidant
1350 5691 1510 5768 justitiam,
1520 5693 1654 5765 quoniam
1667 5691 1724 5771 ipsi
1732 5697 1852 5754 satura-

366 5795 486 5858 Paraoa.
513 5795 683 5858 clxxxm.
1690 5802 1726 5862 tr
