<?xml version="1.0" encoding="UTF-8"?>
<!DOCTYPE html PUBLIC "-//W3C//DTD XHTML 1.0 Transitional//EN"
    "http://www.w3.org/TR/xhtml1/DTD/xhtml1-transitional.dtd">
<html xmlns="http://www.w3.org/1999/xhtml" xml:lang="en" lang="en">
 <head>
  <title>
</title>
<meta http-equiv="Content-Type" content="text/html;charset=utf-8" />
  <meta name='ocr-system' content='tesseract 3.04.00' />
  <meta name='ocr-capabilities' content='ocr_page ocr_carea ocr_par ocr_line ocrx_word'/>
</head>
<body>
  <div class='ocr_page' id='page_1' title='image "./patrologiaecurs142unkngoog_0434.png"; bbox 0 0 4086 6344; ppageno 0'>
   <div class='ocr_carea' id='block_1_1' title="bbox 126 403 1776 476">
    <p class='ocr_par' dir='ltr' id='par_1_1' title="bbox 126 403 1776 476">
     <span class='ocr_line' id='line_1_1' title="bbox 126 403 1776 476; baseline -0.001 -8"><span class='ocrx_word' id='word_1_1' title='bbox 126 406 182 471; x_wconf 80' lang='lat' dir='ltr'><strong>ote</strong></span> <span class='ocrx_word' id='word_1_2' title='bbox 770 405 941 470; x_wconf 76' lang='lat' dir='ltr'><strong>SERMONRS</strong></span> <span class='ocrx_word' id='word_1_3' title='bbox 955 405 992 468; x_wconf 78' lang='grc' dir='ltr'><strong>[Ν</strong></span> <span class='ocrx_word' id='word_1_4' title='bbox 1008 403 1160 474; x_wconf 74' lang='lat' dir='ltr'><strong>totilum</strong></span> <span class='ocrx_word' id='word_1_5' title='bbox 1577 471 1581 476; x_wconf 71' lang='grc'><strong>,</strong></span> <span class='ocrx_word' id='word_1_6' title='bbox 1721 411 1776 476; x_wconf 82' lang='grc'><strong>850</strong></span> 
     </span>
    </p>
   </div>
   <div class='ocr_carea' id='block_1_2' title="bbox 34 529 1787 5742">
    <p class='ocr_par' dir='ltr' id='par_1_2' title="bbox 34 529 1787 5742">
     <span class='ocr_line' id='line_1_2' title="bbox 126 529 1773 624; baseline 0.003 -36"><span class='ocrx_word' id='word_1_7' title='bbox 126 540 182 588; x_wconf 90' lang='lat' dir='ltr'><strong>tem</strong></span> <span class='ocrx_word' id='word_1_8' title='bbox 192 531 268 604; x_wconf 82' lang='lat' dir='ltr'><strong>(sap.</strong></span> <span class='ocrx_word' id='word_1_9' title='bbox 284 547 326 604; x_wconf 85' lang='lat' dir='ltr'><strong>xv,</strong></span> <span class='ocrx_word' id='word_1_10' title='bbox 342 533 398 602; x_wconf 79' lang='lat'><strong>15).</strong></span> <span class='ocrx_word' id='word_1_11' title='bbox 408 533 550 604; x_wconf 74' lang='lat' dir='ltr'><strong>Propterea</strong></span> <span class='ocrx_word' id='word_1_12' title='bbox 565 549 645 592; x_wconf 91' lang='lat' dir='ltr'><strong>namu</strong></span> <span class='ocrx_word' id='word_1_13' title='bbox 668 535 780 592; x_wconf 89' lang='lat' dir='ltr'><strong>miretur</strong></span> <span class='ocrx_word' id='word_1_14' title='bbox 797 541 843 590; x_wconf 92' lang='lat' dir='ltr'><strong>aut</strong></span> <span class='ocrx_word' id='word_1_15' title='bbox 866 547 926 588; x_wconf 90' lang='lat' dir='ltr'><strong>mo·</strong></span> <span class='ocrx_word' id='word_1_16' title='bbox 940 544 964 624; x_wconf 58' lang='lat' dir='ltr'>fl</span> <span class='ocrx_word' id='word_1_17' title='bbox 979 529 1096 587; x_wconf 86' lang='lat' dir='ltr'><strong>enimam</strong></span> <span class='ocrx_word' id='word_1_18' title='bbox 1115 532 1249 590; x_wconf 86' lang='lat' dir='ltr'><strong>viventem</strong></span> <span class='ocrx_word' id='word_1_19' title='bbox 1263 536 1361 593; x_wconf 88' lang='lat' dir='ltr'><strong>creavit</strong></span> <span class='ocrx_word' id='word_1_20' title='bbox 1384 551 1446 601; x_wconf 89' lang='lat' dir='ltr'><strong>me;</strong></span> <span class='ocrx_word' id='word_1_21' title='bbox 1469 535 1588 592; x_wconf 62' lang='lat' dir='ltr'><strong>mundo</strong></span> <span class='ocrx_word' id='word_1_22' title='bbox 1607 537 1637 592; x_wconf 92' lang='lat' dir='ltr'><strong>in</strong></span> <span class='ocrx_word' id='word_1_23' title='bbox 1649 536 1773 609; x_wconf 88' lang='lat' dir='ltr'><strong>spiritum</strong></span> 
     </span>
     <span class='ocr_line' id='line_1_3' title="bbox 127 617 1771 696; baseline 0.005 -21"><span class='ocrx_word' id='word_1_24' title='bbox 127 621 192 677; x_wconf 89' lang='lat' dir='ltr'><strong>leste</strong></span> <span class='ocrx_word' id='word_1_25' title='bbox 207 619 332 692; x_wconf 86' lang='lat' dir='ltr'><strong>accipiat,</strong></span> <span class='ocrx_word' id='word_1_26' title='bbox 349 620 372 677; x_wconf 89' lang='lat' dir='ltr'><strong>si</strong></span> <span class='ocrx_word' id='word_1_27' title='bbox 389 620 417 677; x_wconf 92' lang='lat' dir='ltr'><strong>in</strong></span> <span class='ocrx_word' id='word_1_28' title='bbox 431 621 474 678; x_wconf 92' lang='lat' dir='ltr'><strong>bis</strong></span> <span class='ocrx_word' id='word_1_29' title='bbox 501 622 668 690; x_wconf 72' lang='lat' dir='ltr'>scrutandis,</span> <span class='ocrx_word' id='word_1_30' title='bbox 706 629 838 696; x_wconf 39' lang='lat' dir='ltr'><strong>tanquam.</strong></span> <span class='ocrx_word' id='word_1_31' title='bbox 857 620 922 694; x_wconf 90' lang='lat' dir='ltr'><strong>qui-</strong></span> <span class='ocrx_word' id='word_1_32' title='bbox 979 617 1159 678; x_wconf 85' lang='lat' dir='ltr'><strong>vivificantem</strong></span> <span class='ocrx_word' id='word_1_33' title='bbox 1182 621 1338 682; x_wconf 83' lang='lat' dir='ltr'><strong>reformavit</strong></span> <span class='ocrx_word' id='word_1_34' title='bbox 1359 639 1412 681; x_wconf 89' lang='lat' dir='ltr'><strong>me.</strong></span> <span class='ocrx_word' id='word_1_35' title='bbox 1430 624 1524 680; x_wconf 80' lang='lat' dir='ltr'><strong>Manus</strong></span> <span class='ocrx_word' id='word_1_36' title='bbox 1544 640 1607 681; x_wconf 87' lang='lat' dir='ltr'><strong>sues</strong></span> <span class='ocrx_word' id='word_1_37' title='bbox 1628 626 1697 682; x_wconf 90' lang='lat' dir='ltr'><strong>meis</strong></span> <span class='ocrx_word' id='word_1_38' title='bbox 1719 642 1771 683; x_wconf 89' lang='lat' dir='ltr'><strong>su·</strong></span> 
     </span>
     <span class='ocr_line' id='line_1_4' title="bbox 34 699 1770 784; baseline 0.003 -20"><span class='ocrx_word' id='word_1_39' title='bbox 34 753 37 764; x_wconf 89' lang='lat'><em>.</em></span> <span class='ocrx_word' id='word_1_40' title='bbox 124 707 238 780; x_wconf 88' lang='lat' dir='ltr'><strong>busdam</strong></span> <span class='ocrx_word' id='word_1_41' title='bbox 255 707 372 780; x_wconf 77' lang='lat' dir='ltr'><strong>Spiritus</strong></span> <span class='ocrx_word' id='word_1_42' title='bbox 393 709 480 766; x_wconf 87' lang='lat' dir='ltr'><strong>sancti</strong></span> <span class='ocrx_word' id='word_1_43' title='bbox 511 711 657 781; x_wconf 75' lang='lat' dir='ltr'><strong>apothecis,</strong></span> <span class='ocrx_word' id='word_1_44' title='bbox 690 711 813 768; x_wconf 89' lang='lat' dir='ltr'><strong>curiosus</strong></span> <span class='ocrx_word' id='word_1_45' title='bbox 826 707 924 776; x_wconf 88' lang='lat' dir='ltr'><strong>exista,</strong></span> <span class='ocrx_word' id='word_1_46' title='bbox 981 709 1135 780; x_wconf 88' lang='lat' dir='ltr'><strong>perposuit,</strong></span> <span class='ocrx_word' id='word_1_47' title='bbox 1163 710 1314 783; x_wconf 87' lang='lat' dir='ltr'><strong>exemplum</strong></span> <span class='ocrx_word' id='word_1_48' title='bbox 1342 699 1464 782; x_wconf 82' lang='lat' dir='ltr'><strong>presbens</strong></span> <span class='ocrx_word' id='word_1_49' title='bbox 1491 712 1627 770; x_wconf 86' lang='lat' dir='ltr'><strong>bonorum</strong></span> <span class='ocrx_word' id='word_1_50' title='bbox 1645 728 1770 784; x_wconf 89' lang='lat' dir='ltr'><strong>operum,</strong></span> 
     </span>
     <span class='ocr_line' id='line_1_5' title="bbox 125 794 1772 878; baseline 0.003 -26"><span class='ocrx_word' id='word_1_51' title='bbox 125 812 185 852; x_wconf 90' lang='lat' dir='ltr'><strong>cum</strong></span> <span class='ocrx_word' id='word_1_52' title='bbox 196 796 281 853; x_wconf 89' lang='lat' dir='ltr'><strong>sciam</strong></span> <span class='ocrx_word' id='word_1_53' title='bbox 295 797 360 878; x_wconf 84' lang='lat' dir='ltr'><strong>quia</strong></span> <span class='ocrx_word' id='word_1_54' title='bbox 373 797 412 855; x_wconf 89' lang='lat' dir='ltr'><strong>sic</strong></span> <span class='ocrx_word' id='word_1_55' title='bbox 435 797 544 865; x_wconf 87' lang='lat' dir='ltr'><strong>vivitur,</strong></span> <span class='ocrx_word' id='word_1_56' title='bbox 559 808 586 855; x_wconf 93' lang='lat' dir='ltr'><strong>et</strong></span> <span class='ocrx_word' id='word_1_57' title='bbox 609 798 636 855; x_wconf 87' lang='lat' dir='ltr'><strong>in</strong></span> <span class='ocrx_word' id='word_1_58' title='bbox 664 799 762 857; x_wconf 92' lang='lat' dir='ltr'><strong>talibus</strong></span> <span class='ocrx_word' id='word_1_59' title='bbox 790 801 844 858; x_wconf 87' lang='lat' dir='ltr'><strong>vita</strong></span> <span class='ocrx_word' id='word_1_60' title='bbox 867 798 925 871; x_wconf 88' lang='lat' dir='ltr'><strong>spi·</strong></span> <span class='ocrx_word' id='word_1_61' title='bbox 978 794 1084 852; x_wconf 84' lang='lat' dir='ltr'><strong>forman</strong></span> <span class='ocrx_word' id='word_1_62' title='bbox 1098 796 1269 854; x_wconf 74' lang='lat' dir='ltr'><strong>obedientie.</strong></span> <span class='ocrx_word' id='word_1_63' title='bbox 1290 797 1346 856; x_wconf 75' lang='lat' dir='ltr'><strong>aut</strong></span> <span class='ocrx_word' id='word_1_64' title='bbox 1360 805 1432 854; x_wconf 91' lang='lat' dir='ltr'><strong>certe</strong></span> <span class='ocrx_word' id='word_1_65' title='bbox 1453 799 1549 854; x_wconf 85' lang='lat' dir='ltr'><strong>manus</strong></span> <span class='ocrx_word' id='word_1_66' title='bbox 1563 815 1628 858; x_wconf 87' lang='lat' dir='ltr'><strong>snas</strong></span> <span class='ocrx_word' id='word_1_67' title='bbox 1650 801 1725 858; x_wconf 91' lang='lat' dir='ltr'><strong>misit</strong></span> <span class='ocrx_word' id='word_1_68' title='bbox 1738 801 1772 858; x_wconf 87' lang='lat' dir='ltr'><strong>ad</strong></span> 
     </span>
     <span class='ocr_line' id='line_1_6' title="bbox 125 882 1773 962; baseline 0.004 -22"><span class='ocrx_word' id='word_1_69' title='bbox 125 885 194 942; x_wconf 86' lang='lat' dir='ltr'><strong>ritus</strong></span> <span class='ocrx_word' id='word_1_70' title='bbox 204 886 269 944; x_wconf 90' lang='lat' dir='ltr'><strong>mei.</strong></span> <span class='ocrx_word' id='word_1_71' title='bbox 280 885 348 944; x_wconf 84' lang='lat' dir='ltr'>Dico</span> <span class='ocrx_word' id='word_1_72' title='bbox 363 893 453 944; x_wconf 88' lang='lat' dir='ltr'><strong>tamen</strong></span> <span class='ocrx_word' id='word_1_73' title='bbox 468 886 509 943; x_wconf 89' lang='lat' dir='ltr'><strong>bis</strong></span> <span class='ocrx_word' id='word_1_74' title='bbox 522 887 568 960; x_wconf 92' lang='lat' dir='ltr'><strong>qui</strong></span> <span class='ocrx_word' id='word_1_75' title='bbox 597 889 775 958; x_wconf 83' lang='lat' dir='ltr'><strong>praepoiantes</strong></span> <span class='ocrx_word' id='word_1_76' title='bbox 802 889 923 962; x_wconf 87' lang='lat' dir='ltr'><strong>ingenio,</strong></span> <span class='ocrx_word' id='word_1_77' title='bbox 978 882 1066 952; x_wconf 89' lang='lat' dir='ltr'><strong>iortis,</strong></span> <span class='ocrx_word' id='word_1_78' title='bbox 1083 892 1113 940; x_wconf 91' lang='lat' dir='ltr'><strong>ut</strong></span> <span class='ocrx_word' id='word_1_79' title='bbox 1123 886 1232 944; x_wconf 84' lang='lat' dir='ltr'><strong>doceret</strong></span> <span class='ocrx_word' id='word_1_80' title='bbox 1246 902 1343 944; x_wconf 87' lang='lat' dir='ltr'><strong>manus</strong></span> <span class='ocrx_word' id='word_1_81' title='bbox 1353 901 1427 942; x_wconf 89' lang='lat' dir='ltr'><strong>meas</strong></span> <span class='ocrx_word' id='word_1_82' title='bbox 1441 887 1475 942; x_wconf 85' lang='lat' dir='ltr'><strong>ed</strong></span> <span class='ocrx_word' id='word_1_83' title='bbox 1486 887 1619 958; x_wconf 86' lang='lat' dir='ltr'><strong>praeiium,</strong></span> <span class='ocrx_word' id='word_1_84' title='bbox 1634 889 1773 962; x_wconf 81' lang='lat' dir='ltr'><strong>etdigitos</strong></span> 
     </span>
     <span class='ocr_line' id='line_1_7' title="bbox 121 971 1517 1050; baseline 0.001 -22"><span class='ocrx_word' id='word_1_85' title='bbox 121 971 152 1028; x_wconf 92' lang='lat' dir='ltr'><strong>in</strong></span> <span class='ocrx_word' id='word_1_86' title='bbox 167 975 241 1030; x_wconf 86' lang='lat' dir='ltr'><strong>omni</strong></span> <span class='ocrx_word' id='word_1_87' title='bbox 255 990 382 1032; x_wconf 85' lang='lat' dir='ltr'><strong>sermone</strong></span> <span class='ocrx_word' id='word_1_88' title='bbox 396 986 459 1033; x_wconf 88' lang='lat' dir='ltr'><strong>ante</strong></span> <span class='ocrx_word' id='word_1_89' title='bbox 483 991 553 1049; x_wconf 88' lang='lat' dir='ltr'><strong>pene</strong></span> <span class='ocrx_word' id='word_1_90' title='bbox 572 975 696 1050; x_wconf 78' lang='lat' dir='ltr'><strong>flagitant</strong></span> <span class='ocrx_word' id='word_1_91' title='bbox 721 976 813 1044; x_wconf 87' lang='lat' dir='ltr'><strong>linem,</strong></span> <span class='ocrx_word' id='word_1_92' title='bbox 841 991 923 1049; x_wconf 90' lang='lat' dir='ltr'><strong>quem</strong></span> <span class='ocrx_word' id='word_1_93' title='bbox 978 985 1051 1028; x_wconf 87' lang='lat' dir='ltr'><strong>meos</strong></span> <span class='ocrx_word' id='word_1_94' title='bbox 1066 974 1101 1028; x_wconf 89' lang='lat' dir='ltr'><strong>ad</strong></span> <span class='ocrx_word' id='word_1_95' title='bbox 1113 973 1222 1030; x_wconf 90' lang='lat' dir='ltr'><strong>bellum.</strong></span> <span class='ocrx_word' id='word_1_96' title='bbox 1514 975 1517 981; x_wconf 81' lang='grc'><em>’</em></span> 
     </span>
     <span class='ocr_line' id='line_1_8' title="bbox 124 1061 1772 1136; baseline 0 -16"><span class='ocrx_word' id='word_1_97' title='bbox 124 1061 289 1134; x_wconf 83' lang='lat' dir='ltr'><strong>principium</strong></span> <span class='ocrx_word' id='word_1_98' title='bbox 299 1071 420 1135; x_wconf 88' lang='lat' dir='ltr'><strong>teneant,</strong></span> <span class='ocrx_word' id='word_1_99' title='bbox 437 1064 587 1121; x_wconf 77' lang='lat' dir='ltr'><strong>debitorem</strong></span> <span class='ocrx_word' id='word_1_100' title='bbox 602 1082 645 1124; x_wconf 93' lang='lat' dir='ltr'><strong>me</strong></span> <span class='ocrx_word' id='word_1_101' title='bbox 664 1065 744 1123; x_wconf 88' lang='lat' dir='ltr'><strong>etiam</strong></span> <span class='ocrx_word' id='word_1_102' title='bbox 759 1066 924 1122; x_wconf 77' lang='lat' dir='ltr'><strong>tardioribus</strong></span> <span class='ocrx_word' id='word_1_103' title='bbox 1013 1064 1040 1119; x_wconf 92' lang='grc'><strong>3.</strong></span> <span class='ocrx_word' id='word_1_104' title='bbox 1056 1063 1088 1121; x_wconf 86' lang='lat' dir='ltr'><strong>Et</strong></span> <span class='ocrx_word' id='word_1_105' title='bbox 1111 1064 1251 1131; x_wconf 82' lang='lat' dir='ltr'><strong>oscitavit,</strong></span> <span class='ocrx_word' id='word_1_106' title='bbox 1269 1063 1367 1136; x_wconf 91' lang='lat' dir='ltr'><strong>inquit,</strong></span> <span class='ocrx_word' id='word_1_107' title='bbox 1380 1079 1452 1136; x_wconf 83' lang='lat' dir='ltr'><strong>puer</strong></span> <span class='ocrx_word' id='word_1_108' title='bbox 1474 1065 1576 1136; x_wconf 82' lang='lat' dir='ltr'><strong>septies</strong></span> <span class='ocrx_word' id='word_1_109' title='bbox 1592 1065 1641 1132; x_wconf 87' lang='lat' dir='ltr'><strong>(lV</strong></span> <span class='ocrx_word' id='word_1_110' title='bbox 1652 1067 1715 1136; x_wconf 74' lang='lat' dir='ltr'><strong>itaq.</strong></span> <span class='ocrx_word' id='word_1_111' title='bbox 1732 1079 1772 1133; x_wconf 88' lang='lat' dir='ltr'><strong>rv,</strong></span> 
     </span>
     <span class='ocr_line' id='line_1_9' title="bbox 122 1147 1773 1228; baseline 0.001 -22"><span class='ocrx_word' id='word_1_112' title='bbox 122 1165 196 1218; x_wconf 86' lang='lat' dir='ltr'><strong>esse,</strong></span> <span class='ocrx_word' id='word_1_113' title='bbox 214 1160 241 1208; x_wconf 92' lang='lat' dir='ltr'><strong>et</strong></span> <span class='ocrx_word' id='word_1_114' title='bbox 255 1150 385 1219; x_wconf 79' lang='lat' dir='ltr'><strong>mesime3</strong></span> <span class='ocrx_word' id='word_1_115' title='bbox 406 1152 455 1210; x_wconf 91' lang='lat' dir='ltr'><strong>sed</strong></span> <span class='ocrx_word' id='word_1_116' title='bbox 470 1169 519 1212; x_wconf 89' lang='lat' dir='ltr'><strong>nec</strong></span> <span class='ocrx_word' id='word_1_117' title='bbox 545 1154 665 1220; x_wconf 84' lang='lat' dir='ltr'><strong>studium</strong></span> <span class='ocrx_word' id='word_1_118' title='bbox 698 1162 752 1212; x_wconf 87' lang='lat' dir='ltr'><strong>tam</strong></span> <span class='ocrx_word' id='word_1_119' title='bbox 777 1171 839 1212; x_wconf 91' lang='lat' dir='ltr'><strong>esse</strong></span> <span class='ocrx_word' id='word_1_120' title='bbox 856 1153 922 1211; x_wconf 87' lang='lat' dir='ltr'><strong>mihi</strong></span> <span class='ocrx_word' id='word_1_121' title='bbox 980 1147 1034 1220; x_wconf 86' lang='lat'><strong>35).</strong></span> <span class='ocrx_word' id='word_1_122' title='bbox 1057 1149 1210 1208; x_wconf 79' lang='lat' dir='ltr'><strong>Sufficiebat</strong></span> <span class='ocrx_word' id='word_1_123' title='bbox 1237 1154 1270 1209; x_wconf 92' lang='lat' dir='ltr'><strong>ad</strong></span> <span class='ocrx_word' id='word_1_124' title='bbox 1297 1152 1411 1228; x_wconf 78' lang='lat' dir='ltr'><strong>gloriam</strong></span> <span class='ocrx_word' id='word_1_125' title='bbox 1437 1149 1627 1206; x_wconf 79' lang='lat' dir='ltr'><strong>manifestandi</strong></span> <span class='ocrx_word' id='word_1_126' title='bbox 1649 1151 1773 1208; x_wconf 84' lang='lat' dir='ltr'><strong>miraculi</strong></span> 
     </span>
     <span class='ocr_line' id='line_1_10' title="bbox 122 1238 1773 1315; baseline 0.002 -21"><span class='ocrx_word' id='word_1_127' title='bbox 122 1246 154 1294; x_wconf 96' lang='lat' dir='ltr'><strong>ut</strong></span> <span class='ocrx_word' id='word_1_128' title='bbox 176 1253 310 1312; x_wconf 85' lang='lat' dir='ltr'><strong>exponam</strong></span> <span class='ocrx_word' id='word_1_129' title='bbox 341 1241 434 1312; x_wconf 87' lang='lat' dir='ltr'><strong>verba,</strong></span> <span class='ocrx_word' id='word_1_130' title='bbox 463 1259 543 1314; x_wconf 90' lang='lat' dir='ltr'><strong>quem</strong></span> <span class='ocrx_word' id='word_1_131' title='bbox 567 1251 597 1301; x_wconf 91' lang='lat' dir='ltr'><strong>ut</strong></span> <span class='ocrx_word' id='word_1_132' title='bbox 626 1245 747 1302; x_wconf 88' lang='lat' dir='ltr'><strong>imbuam</strong></span> <span class='ocrx_word' id='word_1_133' title='bbox 766 1246 857 1302; x_wconf 90' lang='lat' dir='ltr'><strong>corde.</strong></span> <span class='ocrx_word' id='word_1_134' title='bbox 891 1245 926 1300; x_wconf 81' lang='lat' dir='ltr'><strong>lit</strong></span> <span class='ocrx_word' id='word_1_135' title='bbox 979 1238 1109 1296; x_wconf 89' lang='lat' dir='ltr'><strong>oscitasse</strong></span> <span class='ocrx_word' id='word_1_136' title='bbox 1122 1243 1223 1315; x_wconf 82' lang='lat' dir='ltr'><strong>semel;</strong></span> <span class='ocrx_word' id='word_1_137' title='bbox 1242 1243 1289 1298; x_wconf 90' lang='lat' dir='ltr'><strong>sed</strong></span> <span class='ocrx_word' id='word_1_138' title='bbox 1305 1240 1488 1311; x_wconf 80' lang='lat' dir='ltr'><strong>multiplicitas</strong></span> <span class='ocrx_word' id='word_1_139' title='bbox 1502 1248 1529 1296; x_wconf 91' lang='lat' dir='ltr'><strong>et</strong></span> <span class='ocrx_word' id='word_1_140' title='bbox 1547 1239 1661 1312; x_wconf 85' lang='lat' dir='ltr'><strong>insignis</strong></span> <span class='ocrx_word' id='word_1_141' title='bbox 1674 1255 1773 1297; x_wconf 91' lang='lat' dir='ltr'><strong>nnme-</strong></span> 
     </span>
     <span class='ocr_line' id='line_1_11' title="bbox 121 1327 1773 1406; baseline 0.003 -24"><span class='ocrx_word' id='word_1_142' title='bbox 121 1327 240 1392; x_wconf 86' lang='lat' dir='ltr'><strong>haurire,</strong></span> <span class='ocrx_word' id='word_1_143' title='bbox 251 1335 278 1384; x_wconf 92' lang='lat' dir='ltr'><strong>et</strong></span> <span class='ocrx_word' id='word_1_144' title='bbox 292 1329 450 1400; x_wconf 89' lang='lat' dir='ltr'><strong>proprinare</strong></span> <span class='ocrx_word' id='word_1_145' title='bbox 471 1346 513 1388; x_wconf 91' lang='lat' dir='ltr'><strong>me</strong></span> <span class='ocrx_word' id='word_1_146' title='bbox 548 1343 693 1404; x_wconf 88' lang='lat' dir='ltr'><strong>opportet:</strong></span> <span class='ocrx_word' id='word_1_147' title='bbox 720 1334 793 1406; x_wconf 90' lang='lat' dir='ltr'><strong>qnod</strong></span> <span class='ocrx_word' id='word_1_148' title='bbox 809 1349 863 1391; x_wconf 91' lang='lat' dir='ltr'><strong>non</strong></span> <span class='ocrx_word' id='word_1_149' title='bbox 896 1335 925 1390; x_wconf 82' lang='lat' dir='ltr'><strong>iit</strong></span> <span class='ocrx_word' id='word_1_150' title='bbox 979 1343 1026 1384; x_wconf 87' lang='lat' dir='ltr'><strong>rus</strong></span> <span class='ocrx_word' id='word_1_151' title='bbox 1045 1331 1165 1401; x_wconf 77' lang='lat' dir='ltr'><strong>mysterii</strong></span> <span class='ocrx_word' id='word_1_152' title='bbox 1184 1332 1338 1390; x_wconf 88' lang='lat' dir='ltr'><strong>admouent.</strong></span> <span class='ocrx_word' id='word_1_153' title='bbox 1355 1330 1382 1387; x_wconf 89' lang='lat' dir='ltr'><strong>Si</strong></span> <span class='ocrx_word' id='word_1_154' title='bbox 1397 1330 1463 1386; x_wconf 90' lang='lat' dir='ltr'><strong>iilud</strong></span> <span class='ocrx_word' id='word_1_155' title='bbox 1477 1329 1574 1400; x_wconf 82' lang='lat' dir='ltr'><strong>ingens</strong></span> <span class='ocrx_word' id='word_1_156' title='bbox 1589 1328 1705 1388; x_wconf 86' lang='lat' dir='ltr'><strong>universi</strong></span> <span class='ocrx_word' id='word_1_157' title='bbox 1720 1331 1773 1387; x_wconf 87' lang='lat' dir='ltr'><strong>bn-</strong></span> 
     </span>
     <span class='ocr_line' id='line_1_12' title="bbox 122 1415 1773 1495; baseline 0 -21"><span class='ocrx_word' id='word_1_158' title='bbox 122 1415 246 1480; x_wconf 81' lang='lat' dir='ltr'><strong>celeriter</strong></span> <span class='ocrx_word' id='word_1_159' title='bbox 261 1419 454 1487; x_wconf 87' lang='lat' dir='ltr'><strong>percurrendo,</strong></span> <span class='ocrx_word' id='word_1_160' title='bbox 478 1421 528 1476; x_wconf 88' lang='lat' dir='ltr'><strong>sed</strong></span> <span class='ocrx_word' id='word_1_161' title='bbox 555 1422 706 1491; x_wconf 85' lang='lat' dir='ltr'><strong>tractando,</strong></span> <span class='ocrx_word' id='word_1_162' title='bbox 725 1421 883 1495; x_wconf 87' lang='lat' dir='ltr'><strong>diligenter,</strong></span> <span class='ocrx_word' id='word_1_163' title='bbox 897 1429 924 1486; x_wconf 86' lang='lat' dir='ltr'><strong>et</strong></span> <span class='ocrx_word' id='word_1_164' title='bbox 978 1418 1051 1473; x_wconf 89' lang='lat' dir='ltr'><strong>mani</strong></span> <span class='ocrx_word' id='word_1_165' title='bbox 1071 1419 1180 1492; x_wconf 88' lang='lat' dir='ltr'><strong>generis</strong></span> <span class='ocrx_word' id='word_1_166' title='bbox 1203 1421 1318 1494; x_wconf 90' lang='lat' dir='ltr'><strong>primum</strong></span> <span class='ocrx_word' id='word_1_167' title='bbox 1341 1419 1451 1490; x_wconf 91' lang='lat' dir='ltr'><strong>quidem</strong></span> <span class='ocrx_word' id='word_1_168' title='bbox 1475 1417 1598 1475; x_wconf 87' lang='lat' dir='ltr'><strong>exanime</strong></span> <span class='ocrx_word' id='word_1_169' title='bbox 1618 1429 1773 1490; x_wconf 87' lang='lat' dir='ltr'><strong>corpuset-</strong></span> 
     </span>
     <span class='ocr_line' id='line_1_13' title="bbox 123 1503 1773 1584; baseline 0.002 -24"><span class='ocrx_word' id='word_1_170' title='bbox 123 1504 291 1562; x_wconf 84' lang='lat' dir='ltr'><strong>exhortando</strong></span> <span class='ocrx_word' id='word_1_171' title='bbox 306 1503 472 1578; x_wconf 81' lang='lat' dir='ltr'><strong>frequenter.</strong></span> <span class='ocrx_word' id='word_1_172' title='bbox 493 1507 654 1580; x_wconf 85' lang='lat' dir='ltr'><strong>Quanquam</strong></span> <span class='ocrx_word' id='word_1_173' title='bbox 676 1520 704 1567; x_wconf 91' lang='lat' dir='ltr'><strong>et</strong></span> <span class='ocrx_word' id='word_1_174' title='bbox 733 1518 831 1584; x_wconf 83' lang='lat' dir='ltr'><strong>praeter</strong></span> <span class='ocrx_word' id='word_1_175' title='bbox 845 1527 923 1583; x_wconf 89' lang='lat' dir='ltr'><strong>spem</strong></span> <span class='ocrx_word' id='word_1_176' title='bbox 977 1506 1083 1577; x_wconf 86' lang='lat' dir='ltr'><strong>tendes,</strong></span> <span class='ocrx_word' id='word_1_177' title='bbox 1112 1507 1188 1564; x_wconf 90' lang='lat' dir='ltr'><strong>vides</strong></span> <span class='ocrx_word' id='word_1_178' title='bbox 1219 1510 1324 1583; x_wconf 89' lang='lat' dir='ltr'><strong>ubique</strong></span> <span class='ocrx_word' id='word_1_179' title='bbox 1349 1505 1506 1581; x_wconf 77' lang='lat' dir='ltr'><strong>Ecclesiam,</strong></span> <span class='ocrx_word' id='word_1_180' title='bbox 1545 1522 1579 1562; x_wconf 89' lang='lat' dir='ltr'><strong>ex</strong></span> <span class='ocrx_word' id='word_1_181' title='bbox 1611 1521 1665 1579; x_wconf 90' lang='lat' dir='ltr'><strong>quo</strong></span> <span class='ocrx_word' id='word_1_182' title='bbox 1690 1507 1773 1564; x_wconf 89' lang='lat' dir='ltr'><strong>vitem</strong></span> 
     </span>
     <span class='ocr_line' id='line_1_14' title="bbox 123 1589 1767 1671; baseline 0.004 -23"><span class='ocrx_word' id='word_1_183' title='bbox 123 1589 232 1666; x_wconf 80' lang='lat' dir='ltr'><strong>quoque&#39;</strong></span> <span class='ocrx_word' id='word_1_184' title='bbox 245 1608 333 1652; x_wconf 87' lang='lat' dir='ltr'><strong>meam</strong></span> <span class='ocrx_word' id='word_1_185' title='bbox 346 1594 393 1652; x_wconf 88' lang='lat' dir='ltr'><strong>diu</strong></span> <span class='ocrx_word' id='word_1_186' title='bbox 406 1609 457 1653; x_wconf 90' lang='lat' dir='ltr'><strong>nos</strong></span> <span class='ocrx_word' id='word_1_187' title='bbox 480 1595 612 1654; x_wconf 90' lang='lat' dir='ltr'><strong>discussio</strong></span> <span class='ocrx_word' id='word_1_188' title='bbox 639 1597 756 1655; x_wconf 84' lang='lat' dir='ltr'><strong>detinuit</strong></span> <span class='ocrx_word' id='word_1_189' title='bbox 769 1613 923 1670; x_wconf 88' lang='lat' dir='ltr'><strong>sacramen·</strong></span> <span class='ocrx_word' id='word_1_190' title='bbox 976 1595 1108 1667; x_wconf 89' lang='lat' dir='ltr'><strong>propbeta</strong></span> <span class='ocrx_word' id='word_1_191' title='bbox 1118 1597 1288 1656; x_wconf 82' lang='lat' dir='ltr'><strong>incumbente</strong></span> <span class='ocrx_word' id='word_1_192' title='bbox 1302 1597 1413 1671; x_wconf 90' lang='lat' dir='ltr'><strong>recepit,</strong></span> <span class='ocrx_word' id='word_1_193' title='bbox 1428 1595 1505 1670; x_wconf 91' lang='lat' dir='ltr'><strong>quasi</strong></span> <span class='ocrx_word' id='word_1_194' title='bbox 1519 1595 1619 1669; x_wconf 90' lang='lat' dir='ltr'><strong>septies</strong></span> <span class='ocrx_word' id='word_1_195' title='bbox 1633 1596 1767 1666; x_wconf 76' lang='lat' dir='ltr'><strong>cecitare3</strong></span> 
     </span>
     <span class='ocr_line' id='line_1_15' title="bbox 122 1681 1772 1755; baseline 0.002 -17"><span class='ocrx_word' id='word_1_196' title='bbox 122 1687 224 1742; x_wconf 91' lang='lat' dir='ltr'><strong>torum.</strong></span> <span class='ocrx_word' id='word_1_197' title='bbox 238 1683 341 1755; x_wconf 82' lang='lat' dir='ltr'><strong>Putaui,</strong></span> <span class='ocrx_word' id='word_1_198' title='bbox 358 1681 453 1754; x_wconf 82' lang='lat' dir='ltr'><strong>intem,</strong></span> <span class='ocrx_word' id='word_1_199' title='bbox 465 1698 549 1742; x_wconf 89' lang='lat' dir='ltr'><strong>unum</strong></span> <span class='ocrx_word' id='word_1_200' title='bbox 563 1685 597 1743; x_wconf 89' lang='lat' dir='ltr'><strong>ad</strong></span> <span class='ocrx_word' id='word_1_201' title='bbox 625 1686 678 1743; x_wconf 91' lang='lat' dir='ltr'><strong>boc</strong></span> <span class='ocrx_word' id='word_1_202' title='bbox 695 1701 848 1744; x_wconf 88' lang='lat' dir='ltr'><strong>sermenem</strong></span> <span class='ocrx_word' id='word_1_203' title='bbox 863 1687 920 1743; x_wconf 86' lang='lat' dir='ltr'><strong>snt-</strong></span> <span class='ocrx_word' id='word_1_204' title='bbox 974 1682 1039 1753; x_wconf 91' lang='lat' dir='ltr'><strong>quis</strong></span> <span class='ocrx_word' id='word_1_205' title='bbox 1050 1683 1151 1754; x_wconf 83' lang='lat' dir='ltr'><strong>septies</strong></span> <span class='ocrx_word' id='word_1_206' title='bbox 1174 1683 1202 1738; x_wconf 91' lang='lat' dir='ltr'><strong>in</strong></span> <span class='ocrx_word' id='word_1_207' title='bbox 1221 1683 1265 1740; x_wconf 88' lang='lat' dir='ltr'><strong>die</strong></span> <span class='ocrx_word' id='word_1_208' title='bbox 1281 1685 1386 1740; x_wconf 88' lang='lat' dir='ltr'><strong>laudem</strong></span> <span class='ocrx_word' id='word_1_209' title='bbox 1405 1685 1493 1743; x_wconf 88' lang='lat' dir='ltr'><strong>dicere</strong></span> <span class='ocrx_word' id='word_1_210' title='bbox 1518 1688 1666 1743; x_wconf 88' lang='lat' dir='ltr'><strong>consuevit.</strong></span> <span class='ocrx_word' id='word_1_211' title='bbox 1692 1685 1721 1742; x_wconf 89' lang='lat' dir='ltr'><strong>Si</strong></span> <span class='ocrx_word' id='word_1_212' title='bbox 1744 1691 1772 1742; x_wconf 91' lang='lat' dir='ltr'><strong>te</strong></span> 
     </span>
     <span class='ocr_line' id='line_1_16' title="bbox 122 1767 1772 1856; baseline 0.002 -30"><span class='ocrx_word' id='word_1_213' title='bbox 122 1767 216 1840; x_wconf 86' lang='lat' dir='ltr'><strong>licere,</strong></span> <span class='ocrx_word' id='word_1_214' title='bbox 239 1769 385 1845; x_wconf 77' lang='lat' dir='ltr'><strong>silvamque</strong></span> <span class='ocrx_word' id='word_1_215' title='bbox 410 1771 489 1830; x_wconf 88' lang='lat' dir='ltr'><strong>iatam</strong></span> <span class='ocrx_word' id='word_1_216' title='bbox 512 1772 680 1840; x_wconf 82' lang='lat' dir='ltr'><strong>umbrosum,</strong></span> <span class='ocrx_word' id='word_1_217' title='bbox 704 1774 922 1846; x_wconf 84' lang='lat' dir='ltr'><strong>latebrosamque</strong></span> <span class='ocrx_word' id='word_1_218' title='bbox 938 1774 961 1853; x_wconf 72' lang='lat' dir='ltr'>fl</span> <span class='ocrx_word' id='word_1_219' title='bbox 975 1767 1065 1842; x_wconf 90' lang='lat' dir='ltr'><strong>ipsum</strong></span> <span class='ocrx_word' id='word_1_220' title='bbox 1085 1771 1219 1841; x_wconf 84' lang='lat' dir='ltr'><strong>advertas,</strong></span> <span class='ocrx_word' id='word_1_221' title='bbox 1242 1771 1271 1828; x_wconf 89' lang='lat' dir='ltr'><strong>ia</strong></span> <span class='ocrx_word' id='word_1_222' title='bbox 1284 1774 1338 1830; x_wconf 92' lang='lat' dir='ltr'><strong>hoc</strong></span> <span class='ocrx_word' id='word_1_223' title='bbox 1351 1780 1378 1830; x_wconf 90' lang='lat' dir='ltr'><strong>te</strong></span> <span class='ocrx_word' id='word_1_224' title='bbox 1391 1774 1502 1832; x_wconf 87' lang='lat' dir='ltr'><strong>noveris</strong></span> <span class='ocrx_word' id='word_1_225' title='bbox 1516 1773 1570 1830; x_wconf 88' lang='lat' dir='ltr'><strong>vita</strong></span> <span class='ocrx_word' id='word_1_226' title='bbox 1584 1773 1674 1832; x_wconf 83' lang='lat' dir='ltr'><strong>virere</strong></span> <span class='ocrx_word' id='word_1_227' title='bbox 1687 1772 1772 1856; x_wconf 66' lang='lat' dir='ltr'><strong>spiri7</strong></span> 
     </span>
     <span class='ocr_line' id='line_1_17' title="bbox 123 1855 1773 1932; baseline 0.003 -19"><span class='ocrx_word' id='word_1_228' title='bbox 123 1855 316 1930; x_wconf 74' lang='lat' dir='ltr'><strong>allegoriarum</strong></span> <span class='ocrx_word' id='word_1_229' title='bbox 343 1859 508 1932; x_wconf 86' lang='lat' dir='ltr'><strong>pertransire</strong></span> <span class='ocrx_word' id='word_1_230' title='bbox 537 1858 724 1920; x_wconf 71' lang='grc'><strong>18111101</strong></span> <span class='ocrx_word' id='word_1_231' title='bbox 751 1861 804 1920; x_wconf 91' lang='lat' dir='ltr'><strong>citu</strong></span> <span class='ocrx_word' id='word_1_232' title='bbox 826 1869 854 1918; x_wconf 91' lang='lat' dir='ltr'><strong>et</strong></span> <span class='ocrx_word' id='word_1_233' title='bbox 887 1862 922 1918; x_wconf 91' lang='lat' dir='ltr'><strong>ad</strong></span> <span class='ocrx_word' id='word_1_234' title='bbox 978 1858 1059 1926; x_wconf 89' lang='lat' dir='ltr'><strong>tuali,</strong></span> <span class='ocrx_word' id='word_1_235' title='bbox 1086 1874 1118 1917; x_wconf 92' lang='lat' dir='ltr'><strong>ac</strong></span> <span class='ocrx_word' id='word_1_236' title='bbox 1145 1861 1287 1932; x_wconf 78' lang='lat' dir='ltr'><strong>mysticum</strong></span> <span class='ocrx_word' id='word_1_237' title='bbox 1314 1863 1387 1917; x_wconf 86' lang='lat' dir='ltr'><strong>hunc</strong></span> <span class='ocrx_word' id='word_1_238' title='bbox 1416 1861 1528 1932; x_wconf 90' lang='lat' dir='ltr'><strong>implere</strong></span> <span class='ocrx_word' id='word_1_239' title='bbox 1562 1877 1714 1930; x_wconf 87' lang='lat' dir='ltr'><strong>nnmerum,</strong></span> <span class='ocrx_word' id='word_1_240' title='bbox 1750 1862 1773 1918; x_wconf 91' lang='lat' dir='ltr'><strong>s¹</strong></span> 
     </span>
     <span class='ocr_line' id='line_1_18' title="bbox 122 1945 1771 2022; baseline 0.002 -20"><span class='ocrx_word' id='word_1_241' title='bbox 122 1945 262 2017; x_wconf 84' lang='lat' dir='ltr'><strong>planitiem</strong></span> <span class='ocrx_word' id='word_1_242' title='bbox 289 1948 432 2006; x_wconf 89' lang='lat' dir='ltr'><strong>moralium</strong></span> <span class='ocrx_word' id='word_1_243' title='bbox 466 1964 598 2009; x_wconf 88' lang='lat' dir='ltr'><strong>sensuum</strong></span> <span class='ocrx_word' id='word_1_244' title='bbox 623 1949 720 2007; x_wconf 89' lang='lat' dir='ltr'><strong>itinere</strong></span> <span class='ocrx_word' id='word_1_245' title='bbox 763 1949 819 2007; x_wconf 90' lang='lat' dir='ltr'><strong>diei</strong></span> <span class='ocrx_word' id='word_1_246' title='bbox 843 1949 921 2022; x_wconf 87' lang='lat' dir='ltr'><strong>quasi</strong></span> <span class='ocrx_word' id='word_1_247' title='bbox 976 1947 1158 2006; x_wconf 85' lang='lat' dir='ltr'><strong>sensualitatis</strong></span> <span class='ocrx_word' id='word_1_248' title='bbox 1171 1956 1225 2004; x_wconf 87' lang='lat' dir='ltr'><strong>tuae</strong></span> <span class='ocrx_word' id='word_1_249' title='bbox 1246 1948 1402 2021; x_wconf 91' lang='lat' dir='ltr'><strong>quinarium</strong></span> <span class='ocrx_word' id='word_1_250' title='bbox 1417 1949 1554 2006; x_wconf 84' lang='lat' dir='ltr'><strong>charitatis</strong></span> <span class='ocrx_word' id='word_1_251' title='bbox 1577 1950 1683 2008; x_wconf 86' lang='lat' dir='ltr'><strong>binario</strong></span> <span class='ocrx_word' id='word_1_252' title='bbox 1705 1951 1771 2006; x_wconf 90' lang='lat' dir='ltr'><strong>sub·</strong></span> 
     </span>
     <span class='ocr_line' id='line_1_19' title="bbox 122 2033 1773 2113; baseline 0.002 -22"><span class='ocrx_word' id='word_1_253' title='bbox 122 2033 202 2092; x_wconf 89' lang='lat' dir='ltr'><strong>unius</strong></span> <span class='ocrx_word' id='word_1_254' title='bbox 220 2035 372 2108; x_wconf 89' lang='lat' dir='ltr'><strong>pervenire:</strong></span> <span class='ocrx_word' id='word_1_255' title='bbox 392 2036 442 2094; x_wconf 93' lang='lat' dir='ltr'><strong>sed</strong></span> <span class='ocrx_word' id='word_1_256' title='bbox 455 2053 533 2096; x_wconf 89' lang='lat' dir='ltr'><strong>secus</strong></span> <span class='ocrx_word' id='word_1_257' title='bbox 549 2037 801 2113; x_wconf 88' lang='lat' dir='ltr'><strong>contigit.Biduum</strong></span> <span class='ocrx_word' id='word_1_258' title='bbox 819 2038 923 2110; x_wconf 89' lang='lat' dir='ltr'><strong>quippe</strong></span> <span class='ocrx_word' id='word_1_259' title='bbox 974 2036 1046 2107; x_wconf 83' lang='lat' dir='ltr'><strong>jieis,</strong></span> <span class='ocrx_word' id='word_1_260' title='bbox 1065 2037 1238 2110; x_wconf 84' lang='lat' dir='ltr'><strong>exhibesque,</strong></span> <span class='ocrx_word' id='word_1_261' title='bbox 1272 2039 1347 2108; x_wconf 82' lang='lat' dir='ltr'><strong>juxta</strong></span> <span class='ocrx_word' id='word_1_262' title='bbox 1376 2033 1546 2110; x_wconf 80' lang='lat' dir='ltr'><strong>itpostolum,</strong></span> <span class='ocrx_word' id='word_1_263' title='bbox 1580 2040 1701 2095; x_wconf 90' lang='lat' dir='ltr'><strong>membra</strong></span> <span class='ocrx_word' id='word_1_264' title='bbox 1727 2045 1773 2095; x_wconf 86' lang='lat' dir='ltr'><strong>tus</strong></span> 
     </span>
     <span class='ocr_line' id='line_1_20' title="bbox 115 2124 1770 2197; baseline -0.001 -16"><span class='ocrx_word' id='word_1_265' title='bbox 115 2125 259 2195; x_wconf 83' lang='lat' dir='ltr'><strong>jeminea</strong></span> <span class='ocrx_word' id='word_1_266' title='bbox 281 2125 469 2196; x_wconf 82' lang='lat' dir='ltr'><strong>expendimus,</strong></span> <span class='ocrx_word' id='word_1_267' title='bbox 505 2135 532 2184; x_wconf 94' lang='lat' dir='ltr'><strong>et</strong></span> <span class='ocrx_word' id='word_1_268' title='bbox 561 2127 650 2186; x_wconf 87' lang='lat' dir='ltr'><strong>sdhuc</strong></span> <span class='ocrx_word' id='word_1_269' title='bbox 673 2135 755 2185; x_wconf 86' lang='lat' dir='ltr'><strong>restat</strong></span> <span class='ocrx_word' id='word_1_270' title='bbox 773 2126 826 2184; x_wconf 90' lang='lat' dir='ltr'><strong>via.</strong></span> <span class='ocrx_word' id='word_1_271' title='bbox 851 2127 922 2184; x_wconf 89' lang='lat' dir='ltr'><strong>lctus</strong></span> <span class='ocrx_word' id='word_1_272' title='bbox 975 2124 1077 2182; x_wconf 89' lang='lat' dir='ltr'><strong>servire</strong></span> <span class='ocrx_word' id='word_1_273' title='bbox 1116 2125 1226 2197; x_wconf 83' lang='lat' dir='ltr'><strong>justitiae</strong></span> <span class='ocrx_word' id='word_1_274' title='bbox 1262 2125 1290 2182; x_wconf 90' lang='lat' dir='ltr'><strong>in</strong></span> <span class='ocrx_word' id='word_1_275' title='bbox 1323 2124 1573 2195; x_wconf 85' lang='lat' dir='ltr'><strong>sanctificationem,</strong></span> <span class='ocrx_word' id='word_1_276' title='bbox 1604 2141 1665 2197; x_wconf 80' lang='lat' dir='ltr'><strong>quae</strong></span> <span class='ocrx_word' id='word_1_277' title='bbox 1693 2126 1770 2197; x_wconf 87' lang='lat' dir='ltr'><strong>prius</strong></span> 
     </span>
     <span class='ocr_line' id='line_1_21' title="bbox 118 2210 1769 2287; baseline 0.001 -18"><span class='ocrx_word' id='word_1_278' title='bbox 118 2210 193 2269; x_wconf 91' lang='lat' dir='ltr'><strong>oculi</strong></span> <span class='ocrx_word' id='word_1_279' title='bbox 206 2213 313 2272; x_wconf 88' lang='lat' dir='ltr'><strong>eminus</strong></span> <span class='ocrx_word' id='word_1_280' title='bbox 327 2215 497 2273; x_wconf 85' lang='lat' dir='ltr'><strong>summitates</strong></span> <span class='ocrx_word' id='word_1_281' title='bbox 519 2229 655 2272; x_wconf 87' lang='lat' dir='ltr'><strong>ramorum</strong></span> <span class='ocrx_word' id='word_1_282' title='bbox 670 2225 697 2273; x_wconf 92' lang='lat' dir='ltr'><strong>et</strong></span> <span class='ocrx_word' id='word_1_283' title='bbox 724 2217 855 2272; x_wconf 88' lang='lat' dir='ltr'><strong>montium</strong></span> <span class='ocrx_word' id='word_1_284' title='bbox 874 2232 919 2272; x_wconf 87' lang='lat' dir='ltr'><strong>ce·</strong></span> <span class='ocrx_word' id='word_1_285' title='bbox 974 2212 1123 2270; x_wconf 86' lang='lat' dir='ltr'><strong>exhibuisti</strong></span> <span class='ocrx_word' id='word_1_286' title='bbox 1150 2215 1251 2271; x_wconf 86' lang='lat' dir='ltr'><strong>servire</strong></span> <span class='ocrx_word' id='word_1_287' title='bbox 1279 2213 1414 2287; x_wconf 91' lang='lat' dir='ltr'><strong>iniquitati</strong></span> <span class='ocrx_word' id='word_1_288' title='bbox 1432 2214 1465 2270; x_wconf 89' lang='lat' dir='ltr'><strong>ad</strong></span> <span class='ocrx_word' id='word_1_289' title='bbox 1486 2213 1655 2285; x_wconf 90' lang='lat' dir='ltr'><strong>iniquitatem</strong></span> <span class='ocrx_word' id='word_1_290' title='bbox 1670 2212 1769 2285; x_wconf 82' lang='lat' dir='ltr'><strong>(Rom.</strong></span> 
     </span>
     <span class='ocr_line' id='line_1_22' title="bbox 119 2301 1771 2376; baseline -0.001 -18"><span class='ocrx_word' id='word_1_291' title='bbox 119 2301 227 2359; x_wconf 90' lang='lat' dir='ltr'><strong>cumina</strong></span> <span class='ocrx_word' id='word_1_292' title='bbox 242 2302 413 2376; x_wconf 85' lang='lat' dir='ltr'><strong>pervolabst;</strong></span> <span class='ocrx_word' id='word_1_293' title='bbox 429 2304 478 2360; x_wconf 90' lang='lat' dir='ltr'><strong>sed</strong></span> <span class='ocrx_word' id='word_1_294' title='bbox 499 2305 609 2362; x_wconf 90' lang='lat' dir='ltr'><strong>vallium</strong></span> <span class='ocrx_word' id='word_1_295' title='bbox 643 2305 919 2375; x_wconf 78' lang='lat' dir='ltr'><strong>subteriacensvasti-</strong></span> <span class='ocrx_word' id='word_1_296' title='bbox 973 2317 1012 2371; x_wconf 86' lang='lat' dir='ltr'><strong>vt,</strong></span> <span class='ocrx_word' id='word_1_297' title='bbox 1029 2302 1092 2373; x_wconf 84' lang='lat' dir='ltr'><strong>ts);</strong></span> <span class='ocrx_word' id='word_1_298' title='bbox 1107 2309 1233 2360; x_wconf 89' lang='lat' dir='ltr'><strong>autcerte</strong></span> <span class='ocrx_word' id='word_1_299' title='bbox 1245 2303 1267 2358; x_wconf 89' lang='lat' dir='ltr'><strong>si</strong></span> <span class='ocrx_word' id='word_1_300' title='bbox 1279 2303 1405 2359; x_wconf 90' lang='lat' dir='ltr'><strong>eumdem</strong></span> <span class='ocrx_word' id='word_1_301' title='bbox 1419 2301 1570 2376; x_wconf 85' lang='lat' dir='ltr'><strong>quinarium</strong></span> <span class='ocrx_word' id='word_1_302' title='bbox 1585 2301 1771 2374; x_wconf 90' lang='lat' dir='ltr'><strong>proximorum</strong></span> 
     </span>
     <span class='ocr_line' id='line_1_23' title="bbox 120 2390 1771 2462; baseline 0.001 -16"><span class='ocrx_word' id='word_1_303' title='bbox 120 2397 174 2459; x_wconf 86' lang='lat' dir='ltr'><strong>tas,</strong></span> <span class='ocrx_word' id='word_1_304' title='bbox 185 2399 212 2448; x_wconf 91' lang='lat' dir='ltr'><strong>et</strong></span> <span class='ocrx_word' id='word_1_305' title='bbox 238 2390 359 2450; x_wconf 87' lang='lat' dir='ltr'><strong>densitas</strong></span> <span class='ocrx_word' id='word_1_306' title='bbox 386 2393 558 2452; x_wconf 87' lang='lat' dir='ltr'><strong>dumetorum</strong></span> <span class='ocrx_word' id='word_1_307' title='bbox 584 2393 764 2452; x_wconf 71' lang='lat' dir='ltr'><strong>frustrabatur</strong></span> <span class='ocrx_word' id='word_1_308' title='bbox 796 2395 917 2452; x_wconf 87' lang='lat' dir='ltr'><strong>obtulus.</strong></span> <span class='ocrx_word' id='word_1_309' title='bbox 974 2390 1054 2448; x_wconf 89' lang='lat' dir='ltr'><strong>saluti</strong></span> <span class='ocrx_word' id='word_1_310' title='bbox 1068 2391 1236 2462; x_wconf 82' lang='lat' dir='ltr'><strong>impertieris,</strong></span> <span class='ocrx_word' id='word_1_311' title='bbox 1258 2391 1292 2446; x_wconf 88' lang='lat' dir='ltr'><strong>ed</strong></span> <span class='ocrx_word' id='word_1_312' title='bbox 1308 2390 1499 2462; x_wconf 85' lang='lat' dir='ltr'><strong>perficiendum</strong></span> <span class='ocrx_word' id='word_1_313' title='bbox 1514 2390 1695 2459; x_wconf 85' lang='lat' dir='ltr'><strong>septenarium</strong></span> <span class='ocrx_word' id='word_1_314' title='bbox 1716 2390 1771 2448; x_wconf 88' lang='lat' dir='ltr'><strong>duc</strong></span> 
     </span>
     <span class='ocr_line' id='line_1_24' title="bbox 119 2477 1770 2554; baseline 0.002 -22"><span class='ocrx_word' id='word_1_315' title='bbox 119 2477 256 2551; x_wconf 89' lang='lat' dir='ltr'><strong>Nunquid,</strong></span> <span class='ocrx_word' id='word_1_316' title='bbox 272 2480 346 2546; x_wconf 89' lang='lat' dir='ltr'><strong>verbi</strong></span> <span class='ocrx_word' id='word_1_317' title='bbox 361 2481 459 2554; x_wconf 87' lang='lat' dir='ltr'><strong>gratia,</strong></span> <span class='ocrx_word' id='word_1_318' title='bbox 473 2480 563 2538; x_wconf 83' lang='lat' dir='ltr'><strong>Blisaei</strong></span> <span class='ocrx_word' id='word_1_319' title='bbox 579 2482 742 2539; x_wconf 73' lang='lat' dir='ltr'><strong>miraculum</strong></span> <span class='ocrx_word' id='word_1_320' title='bbox 769 2480 920 2553; x_wconf 81' lang='lat' dir='ltr'><strong>praevidere</strong></span> <span class='ocrx_word' id='word_1_321' title='bbox 973 2480 1033 2537; x_wconf 86' lang='lat' dir='ltr'><strong>haec</strong></span> <span class='ocrx_word' id='word_1_322' title='bbox 1045 2479 1167 2550; x_wconf 74' lang='lat' dir='ltr'><strong>adiicias,</strong></span> <span class='ocrx_word' id='word_1_323' title='bbox 1183 2479 1393 2538; x_wconf 81' lang='lat' dir='ltr'><strong>misericordiam</strong></span> <span class='ocrx_word' id='word_1_324' title='bbox 1403 2478 1507 2536; x_wconf 91' lang='lat' dir='ltr'><strong>scilicet</strong></span> <span class='ocrx_word' id='word_1_325' title='bbox 1521 2486 1547 2536; x_wconf 90' lang='lat' dir='ltr'><strong>et</strong></span> <span class='ocrx_word' id='word_1_326' title='bbox 1558 2477 1689 2550; x_wconf 77' lang='lat' dir='ltr'><strong>iudicium</strong></span> <span class='ocrx_word' id='word_1_327' title='bbox 1704 2493 1770 2536; x_wconf 89' lang='lat' dir='ltr'><strong>cen-</strong></span> 
     </span>
     <span class='ocr_line' id='line_1_25' title="bbox 34 2565 1113 2642; baseline 0.002 -20"><span class='ocrx_word' id='word_1_328' title='bbox 34 2599 35 2602; x_wconf 60' lang='lat'><em>=</em></span> <span class='ocrx_word' id='word_1_329' title='bbox 117 2565 251 2634; x_wconf 87' lang='lat' dir='ltr'><strong>valebam,</strong></span> <span class='ocrx_word' id='word_1_330' title='bbox 266 2568 328 2639; x_wconf 88' lang='lat' dir='ltr'><strong>quia</strong></span> <span class='ocrx_word' id='word_1_331' title='bbox 343 2568 422 2626; x_wconf 91' lang='lat' dir='ltr'><strong>nobis</strong></span> <span class='ocrx_word' id='word_1_332' title='bbox 443 2569 570 2628; x_wconf 90' lang='lat' dir='ltr'><strong>videlicet</strong></span> <span class='ocrx_word' id='word_1_333' title='bbox 584 2570 618 2625; x_wconf 91' lang='lat' dir='ltr'><strong>de</strong></span> <span class='ocrx_word' id='word_1_334' title='bbox 633 2569 755 2642; x_wconf 89' lang='lat' dir='ltr'><strong>gentium</strong></span> <span class='ocrx_word' id='word_1_335' title='bbox 778 2569 921 2628; x_wconf 85' lang='lat' dir='ltr'><strong>vocatione</strong></span> <span class='ocrx_word' id='word_1_336' title='bbox 975 2575 1031 2626; x_wconf 90' lang='lat' dir='ltr'><strong>tere</strong></span> <span class='ocrx_word' id='word_1_337' title='bbox 1044 2569 1113 2626; x_wconf 89' lang='lat' dir='ltr'><strong>Deo.</strong></span> 
     </span>
     <span class='ocr_line' id='line_1_26' title="bbox 118 2654 1769 2728; baseline 0.001 -17"><span class='ocrx_word' id='word_1_338' title='bbox 118 2664 147 2711; x_wconf 91' lang='lat' dir='ltr'><strong>et</strong></span> <span class='ocrx_word' id='word_1_339' title='bbox 155 2654 311 2727; x_wconf 90' lang='lat' dir='ltr'><strong>repulsione</strong></span> <span class='ocrx_word' id='word_1_340' title='bbox 327 2656 481 2715; x_wconf 83' lang='lat' dir='ltr'><strong>ludaecrum</strong></span> <span class='ocrx_word' id='word_1_341' title='bbox 509 2657 716 2724; x_wconf 90' lang='lat' dir='ltr'><strong>disserentibus,</strong></span> <span class='ocrx_word' id='word_1_342' title='bbox 724 2658 761 2714; x_wconf 87' lang='lat' dir='ltr'><strong>ita</strong></span> <span class='ocrx_word' id='word_1_343' title='bbox 783 2657 920 2716; x_wconf 87' lang='lat' dir='ltr'><strong>desubito</strong></span> <span class='ocrx_word' id='word_1_344' title='bbox 1009 2658 1036 2713; x_wconf 77' lang='grc'><strong>1.</strong></span> <span class='ocrx_word' id='word_1_345' title='bbox 1052 2656 1143 2713; x_wconf 87' lang='lat' dir='ltr'><strong>Habeo</strong></span> <span class='ocrx_word' id='word_1_346' title='bbox 1158 2665 1184 2712; x_wconf 92' lang='lat' dir='ltr'><strong>et</strong></span> <span class='ocrx_word' id='word_1_347' title='bbox 1198 2655 1264 2714; x_wconf 86' lang='lat' dir='ltr'><strong>alias</strong></span> <span class='ocrx_word' id='word_1_348' title='bbox 1289 2663 1396 2728; x_wconf 89' lang='lat' dir='ltr'><strong>septem</strong></span> <span class='ocrx_word' id='word_1_349' title='bbox 1410 2655 1593 2728; x_wconf 84' lang='lat' dir='ltr'><strong>oscitationes,</strong></span> <span class='ocrx_word' id='word_1_350' title='bbox 1610 2664 1713 2728; x_wconf 87' lang='lat' dir='ltr'><strong>septem</strong></span> <span class='ocrx_word' id='word_1_351' title='bbox 1727 2657 1769 2714; x_wconf 84' lang='lat' dir='ltr'><strong>ri·</strong></span> 
     </span>
     <span class='ocr_line' id='line_1_27' title="bbox 118 2743 1770 2818; baseline 0.002 -20"><span class='ocrx_word' id='word_1_352' title='bbox 118 2743 147 2798; x_wconf 92' lang='lat' dir='ltr'><strong>ia</strong></span> <span class='ocrx_word' id='word_1_353' title='bbox 161 2743 281 2800; x_wconf 89' lang='lat' dir='ltr'><strong>medium</strong></span> <span class='ocrx_word' id='word_1_354' title='bbox 296 2744 452 2816; x_wconf 71' lang='lat' dir='ltr'><strong>prosiliret?</strong></span> <span class='ocrx_word' id='word_1_355' title='bbox 464 2746 500 2802; x_wconf 87' lang='lat' dir='ltr'><strong>Et</strong></span> <span class='ocrx_word' id='word_1_356' title='bbox 513 2760 585 2802; x_wconf 90' lang='lat' dir='ltr'><strong>nunc</strong></span> <span class='ocrx_word' id='word_1_357' title='bbox 605 2743 825 2818; x_wconf 82' lang='lat' dir='ltr'><strong>quandoquidem</strong></span> <span class='ocrx_word' id='word_1_358' title='bbox 852 2745 920 2802; x_wconf 89' lang='lat' dir='ltr'><strong>inci·</strong></span> <span class='ocrx_word' id='word_1_359' title='bbox 973 2744 1071 2802; x_wconf 92' lang='lat' dir='ltr'><strong>delicet</strong></span> <span class='ocrx_word' id='word_1_360' title='bbox 1083 2744 1276 2818; x_wconf 80' lang='lat' dir='ltr'><strong>experimeuts.</strong></span> <span class='ocrx_word' id='word_1_361' title='bbox 1300 2744 1359 2800; x_wconf 90' lang='lat' dir='ltr'><strong>sine</strong></span> <span class='ocrx_word' id='word_1_362' title='bbox 1374 2745 1472 2817; x_wconf 88' lang='lat' dir='ltr'><strong>quibus</strong></span> <span class='ocrx_word' id='word_1_363' title='bbox 1486 2759 1549 2801; x_wconf 87' lang='lat' dir='ltr'><strong>vera</strong></span> <span class='ocrx_word' id='word_1_364' title='bbox 1562 2752 1589 2800; x_wconf 88' lang='lat' dir='ltr'><strong>et</strong></span> <span class='ocrx_word' id='word_1_365' title='bbox 1604 2752 1679 2802; x_wconf 85' lang='lat' dir='ltr'><strong>certa</strong></span> <span class='ocrx_word' id='word_1_366' title='bbox 1694 2745 1770 2802; x_wconf 88' lang='lat' dir='ltr'><strong>salus</strong></span> 
     </span>
     <span class='ocr_line' id='line_1_28' title="bbox 118 2832 1769 2907; baseline 0.001 -18"><span class='ocrx_word' id='word_1_367' title='bbox 118 2832 219 2902; x_wconf 90' lang='lat' dir='ltr'><strong>dimus,</strong></span> <span class='ocrx_word' id='word_1_368' title='bbox 233 2849 288 2889; x_wconf 91' lang='lat' dir='ltr'><strong>non</strong></span> <span class='ocrx_word' id='word_1_369' title='bbox 302 2833 394 2906; x_wconf 84' lang='lat' dir='ltr'><strong>pigeat</strong></span> <span class='ocrx_word' id='word_1_370' title='bbox 416 2849 467 2892; x_wconf 90' lang='lat' dir='ltr'><strong>nus</strong></span> <span class='ocrx_word' id='word_1_371' title='bbox 486 2833 628 2906; x_wconf 85' lang='lat' dir='ltr'><strong>paululum</strong></span> <span class='ocrx_word' id='word_1_372' title='bbox 642 2833 790 2905; x_wconf 88' lang='lat' dir='ltr'><strong>immorari,</strong></span> <span class='ocrx_word' id='word_1_373' title='bbox 820 2848 919 2891; x_wconf 88' lang='lat' dir='ltr'><strong>conse-</strong></span> <span class='ocrx_word' id='word_1_374' title='bbox 974 2832 1085 2892; x_wconf 87' lang='lat' dir='ltr'><strong>redivivi</strong></span> <span class='ocrx_word' id='word_1_375' title='bbox 1106 2833 1219 2903; x_wconf 90' lang='lat' dir='ltr'><strong>spiritus</strong></span> <span class='ocrx_word' id='word_1_376' title='bbox 1241 2835 1353 2892; x_wconf 70' lang='lat' dir='ltr'><strong>minime</strong></span> <span class='ocrx_word' id='word_1_377' title='bbox 1376 2839 1506 2891; x_wconf 78' lang='lat' dir='ltr'><strong>mustei:</strong></span> <span class='ocrx_word' id='word_1_378' title='bbox 1530 2843 1645 2907; x_wconf 85' lang='lat' dir='ltr'><strong>quatuor</strong></span> <span class='ocrx_word' id='word_1_379' title='bbox 1657 2835 1692 2891; x_wconf 91' lang='lat' dir='ltr'><strong>ad</strong></span> <span class='ocrx_word' id='word_1_380' title='bbox 1706 2850 1769 2892; x_wconf 88' lang='lat' dir='ltr'><strong>sen·</strong></span> 
     </span>
     <span class='ocr_line' id='line_1_29' title="bbox 119 2921 1769 2997; baseline 0.002 -23"><span class='ocrx_word' id='word_1_381' title='bbox 119 2929 235 2992; x_wconf 87' lang='lat' dir='ltr'><strong>quenter</strong></span> <span class='ocrx_word' id='word_1_382' title='bbox 253 2921 287 2977; x_wconf 90' lang='lat' dir='ltr'><strong>ad</strong></span> <span class='ocrx_word' id='word_1_383' title='bbox 305 2921 334 2978; x_wconf 90' lang='lat' dir='ltr'><strong>id</strong></span> <span class='ocrx_word' id='word_1_384' title='bbox 348 2921 421 2996; x_wconf 90' lang='lat' dir='ltr'><strong>quod</strong></span> <span class='ocrx_word' id='word_1_385' title='bbox 441 2921 641 2980; x_wconf 87' lang='lat' dir='ltr'><strong>intermittimus</strong></span> <span class='ocrx_word' id='word_1_386' title='bbox 669 2930 764 2994; x_wconf 90' lang='lat' dir='ltr'><strong>postea</strong></span> <span class='ocrx_word' id='word_1_387' title='bbox 790 2937 918 2980; x_wconf 90' lang='lat' dir='ltr'><strong>reversu-</strong></span> <span class='ocrx_word' id='word_1_388' title='bbox 974 2937 1034 2979; x_wconf 90' lang='lat' dir='ltr'><strong>sum</strong></span> <span class='ocrx_word' id='word_1_389' title='bbox 1049 2921 1274 2992; x_wconf 87' lang='lat' dir='ltr'><strong>compunctionis,</strong></span> <span class='ocrx_word' id='word_1_390' title='bbox 1291 2923 1344 2981; x_wconf 86' lang='lat' dir='ltr'><strong>trie</strong></span> <span class='ocrx_word' id='word_1_391' title='bbox 1356 2923 1390 2977; x_wconf 88' lang='lat' dir='ltr'><strong>ad</strong></span> <span class='ocrx_word' id='word_1_392' title='bbox 1405 2921 1582 2979; x_wconf 81' lang='lat' dir='ltr'><strong>mnfessiouis</strong></span> <span class='ocrx_word' id='word_1_393' title='bbox 1594 2937 1690 2978; x_wconf 87' lang='lat' dir='ltr'><strong>sonum</strong></span> <span class='ocrx_word' id='word_1_394' title='bbox 1704 2938 1769 2997; x_wconf 87' lang='lat' dir='ltr'><strong>per-</strong></span> 
     </span>
     <span class='ocr_line' id='line_1_30' title="bbox 118 3008 1769 3084; baseline 0.002 -18"><span class='ocrx_word' id='word_1_395' title='bbox 118 3008 326 3081; x_wconf 82' lang='lat' dir='ltr'><strong>ros,&#39;siquidem</strong></span> <span class='ocrx_word' id='word_1_396' title='bbox 349 3011 497 3069; x_wconf 88' lang='lat' dir='ltr'><strong>animarum</strong></span> <span class='ocrx_word' id='word_1_397' title='bbox 512 3011 589 3069; x_wconf 81' lang='lat' dir='ltr'><strong>cibm</strong></span> <span class='ocrx_word' id='word_1_398' title='bbox 602 3010 776 3068; x_wconf 89' lang='lat' dir='ltr'><strong>nihilominus</strong></span> <span class='ocrx_word' id='word_1_399' title='bbox 799 3019 839 3069; x_wconf 91' lang='lat' dir='ltr'><strong>est</strong></span> <span class='ocrx_word' id='word_1_400' title='bbox 854 3011 914 3069; x_wconf 91' lang='lat' dir='ltr'><strong>iste.</strong></span> <span class='ocrx_word' id='word_1_401' title='bbox 971 3011 1093 3068; x_wconf 89' lang='lat' dir='ltr'><strong>tinentia.</strong></span> <span class='ocrx_word' id='word_1_402' title='bbox 1117 3010 1145 3066; x_wconf 89' lang='lat' dir='ltr'><strong>Si</strong></span> <span class='ocrx_word' id='word_1_403' title='bbox 1168 3011 1248 3077; x_wconf 88' lang='lat' dir='ltr'><strong>vivis,</strong></span> <span class='ocrx_word' id='word_1_404' title='bbox 1271 3011 1411 3078; x_wconf 72' lang='lat' dir='ltr'><strong>simmei</strong></span> <span class='ocrx_word' id='word_1_405' title='bbox 1429 3023 1523 3068; x_wconf 81' lang='lat' dir='ltr'><strong>sensas</strong></span> <span class='ocrx_word' id='word_1_406' title='bbox 1542 3018 1593 3077; x_wconf 85' lang='lat' dir='ltr'><strong>est,</strong></span> <span class='ocrx_word' id='word_1_407' title='bbox 1611 3019 1640 3066; x_wconf 89' lang='lat' dir='ltr'><strong>tu</strong></span> <span class='ocrx_word' id='word_1_408' title='bbox 1659 3027 1769 3084; x_wconf 91' lang='lat' dir='ltr'><strong>quoque</strong></span> 
     </span>
     <span class='ocr_line' id='line_1_31' title="bbox 117 3087 1768 3176; baseline 0.001 -21"><span class='ocrx_word' id='word_1_409' title='bbox 117 3097 237 3155; x_wconf 88' lang='lat' dir='ltr'><strong>Canibus</strong></span> <span class='ocrx_word' id='word_1_410' title='bbox 259 3114 367 3172; x_wconf 89' lang='lat' dir='ltr'><strong>quoque</strong></span> <span class='ocrx_word' id='word_1_411' title='bbox 401 3116 432 3161; x_wconf 87' lang='lat' dir='ltr'><strong>uc</strong></span> <span class='ocrx_word' id='word_1_412' title='bbox 460 3099 633 3158; x_wconf 89' lang='lat' dir='ltr'><strong>venatoribus</strong></span> <span class='ocrx_word' id='word_1_413' title='bbox 662 3101 824 3172; x_wconf 90' lang='lat' dir='ltr'><strong>plerumque</strong></span> <span class='ocrx_word' id='word_1_414' title='bbox 849 3114 918 3156; x_wconf 91' lang='lat' dir='ltr'><strong>con-</strong></span> <span class='ocrx_word' id='word_1_415' title='bbox 935 3087 1067 3166; x_wconf 70' lang='lat' dir='ltr'><strong>ceadem</strong></span> <span class='ocrx_word' id='word_1_416' title='bbox 1081 3099 1109 3156; x_wconf 89' lang='lat' dir='ltr'><strong>in</strong></span> <span class='ocrx_word' id='word_1_417' title='bbox 1124 3105 1150 3156; x_wconf 89' lang='lat' dir='ltr'><strong>te</strong></span> <span class='ocrx_word' id='word_1_418' title='bbox 1164 3101 1349 3171; x_wconf 77' lang='lat' dir='ltr'><strong>recognoscis.</strong></span> <span class='ocrx_word' id='word_1_419' title='bbox 1375 3101 1459 3156; x_wconf 90' lang='lat' dir='ltr'><strong>Porro</strong></span> <span class='ocrx_word' id='word_1_420' title='bbox 1479 3115 1588 3156; x_wconf 88' lang='lat' dir='ltr'><strong>sensum</strong></span> <span class='ocrx_word' id='word_1_421' title='bbox 1613 3115 1646 3155; x_wconf 88' lang='lat' dir='ltr'><strong>ex</strong></span> <span class='ocrx_word' id='word_1_422' title='bbox 1660 3101 1768 3176; x_wconf 83' lang='lat' dir='ltr'><strong>integro</strong></span> 
     </span>
     <span class='ocr_line' id='line_1_32' title="bbox 113 3187 1768 3261; baseline 0.002 -19"><span class='ocrx_word' id='word_1_423' title='bbox 113 3187 199 3260; x_wconf 85' lang='lat' dir='ltr'><strong>tingit</strong></span> <span class='ocrx_word' id='word_1_424' title='bbox 224 3187 350 3257; x_wconf 82' lang='lat' dir='ltr'><strong>abestis,</strong></span> <span class='ocrx_word' id='word_1_425' title='bbox 387 3204 469 3261; x_wconf 88' lang='lat' dir='ltr'><strong>quam</strong></span> <span class='ocrx_word' id='word_1_426' title='bbox 499 3187 604 3260; x_wconf 87' lang='lat' dir='ltr'><strong>agressi</strong></span> <span class='ocrx_word' id='word_1_427' title='bbox 643 3196 729 3253; x_wconf 88' lang='lat' dir='ltr'><strong>erant,</strong></span> <span class='ocrx_word' id='word_1_428' title='bbox 772 3188 917 3260; x_wconf 89' lang='lat' dir='ltr'><strong>desistere;</strong></span> <span class='ocrx_word' id='word_1_429' title='bbox 974 3203 1151 3260; x_wconf 89' lang='lat' dir='ltr'><strong>recuperasse</strong></span> <span class='ocrx_word' id='word_1_430' title='bbox 1166 3195 1192 3246; x_wconf 91' lang='lat' dir='ltr'><strong>te</strong></span> <span class='ocrx_word' id='word_1_431' title='bbox 1211 3189 1290 3256; x_wconf 87' lang='lat' dir='ltr'><strong>scias,</strong></span> <span class='ocrx_word' id='word_1_432' title='bbox 1310 3189 1333 3246; x_wconf 92' lang='lat' dir='ltr'><strong>si</strong></span> <span class='ocrx_word' id='word_1_433' title='bbox 1348 3195 1421 3244; x_wconf 90' lang='lat' dir='ltr'><strong>tuam</strong></span> <span class='ocrx_word' id='word_1_434' title='bbox 1435 3188 1629 3245; x_wconf 90' lang='lat' dir='ltr'><strong>conscientiam</strong></span> <span class='ocrx_word' id='word_1_435' title='bbox 1645 3190 1768 3260; x_wconf 90' lang='lat' dir='ltr'><strong>quadru-</strong></span> 
     </span>
     <span class='ocr_line' id='line_1_33' title="bbox 116 3266 1767 3350; baseline 0.003 -20"><span class='ocrx_word' id='word_1_436' title='bbox 116 3283 146 3331; x_wconf 89' lang='lat' dir='ltr'><strong>et</strong></span> <span class='ocrx_word' id='word_1_437' title='bbox 174 3275 249 3349; x_wconf 89' lang='lat' dir='ltr'><strong>sequi</strong></span> <span class='ocrx_word' id='word_1_438' title='bbox 271 3275 359 3345; x_wconf 90' lang='lat' dir='ltr'><strong>aliam,</strong></span> <span class='ocrx_word' id='word_1_439' title='bbox 389 3292 451 3349; x_wconf 84' lang='lat' dir='ltr'><strong>quae</strong></span> <span class='ocrx_word' id='word_1_440' title='bbox 486 3276 688 3350; x_wconf 88' lang='lat' dir='ltr'><strong>inopinantibus</strong></span> <span class='ocrx_word' id='word_1_441' title='bbox 719 3276 790 3335; x_wconf 83' lang='lat' dir='ltr'><strong>furta</strong></span> <span class='ocrx_word' id='word_1_442' title='bbox 819 3293 918 3336; x_wconf 90' lang='lat' dir='ltr'><strong>occur·</strong></span> <span class='ocrx_word' id='word_1_443' title='bbox 974 3279 1035 3350; x_wconf 89' lang='lat' dir='ltr'><strong>plici</strong></span> <span class='ocrx_word' id='word_1_444' title='bbox 1059 3278 1143 3335; x_wconf 90' lang='lat' dir='ltr'><strong>sentis</strong></span> <span class='ocrx_word' id='word_1_445' title='bbox 1157 3277 1365 3349; x_wconf 90' lang='lat' dir='ltr'><strong>compunctione</strong></span> <span class='ocrx_word' id='word_1_446' title='bbox 1388 3276 1509 3349; x_wconf 83' lang='lat' dir='ltr'><strong>moderi3</strong></span> <span class='ocrx_word' id='word_1_447' title='bbox 1526 3266 1635 3349; x_wconf 78' lang='lat' dir='ltr'><strong>p&#39;udore&#39;</strong></span> <span class='ocrx_word' id='word_1_448' title='bbox 1648 3279 1767 3350; x_wconf 89' lang='lat' dir='ltr'><strong>gemino,</strong></span> 
     </span>
     <span class='ocr_line' id='line_1_34' title="bbox 118 3363 1769 3438; baseline 0.002 -18"><span class='ocrx_word' id='word_1_449' title='bbox 118 3363 197 3420; x_wconf 82' lang='lat' dir='ltr'><strong>reris.</strong></span> <span class='ocrx_word' id='word_1_450' title='bbox 298 3429 300 3434; x_wconf 23' lang='lat'><strong>¹</strong></span> <span class='ocrx_word' id='word_1_451' title='bbox 974 3372 1002 3425; x_wconf 90' lang='lat' dir='ltr'><strong>et</strong></span> <span class='ocrx_word' id='word_1_452' title='bbox 1015 3367 1124 3437; x_wconf 88' lang='lat' dir='ltr'><strong>gemino</strong></span> <span class='ocrx_word' id='word_1_453' title='bbox 1138 3375 1211 3422; x_wconf 91' lang='lat' dir='ltr'><strong>metu</strong></span> <span class='ocrx_word' id='word_1_454' title='bbox 1227 3382 1234 3418; x_wconf 91' lang='lat'><strong>:</strong></span> <span class='ocrx_word' id='word_1_455' title='bbox 1248 3378 1310 3420; x_wconf 88' lang='lat' dir='ltr'><strong>nam</strong></span> <span class='ocrx_word' id='word_1_456' title='bbox 1325 3365 1407 3424; x_wconf 84' lang='lat' dir='ltr'><strong>vitam</strong></span> <span class='ocrx_word' id='word_1_457' title='bbox 1422 3364 1455 3420; x_wconf 91' lang='lat' dir='ltr'><strong>ad</strong></span> <span class='ocrx_word' id='word_1_458' title='bbox 1471 3363 1663 3435; x_wconf 80' lang='lat' dir='ltr'><strong>perficiendum</strong></span> <span class='ocrx_word' id='word_1_459' title='bbox 1678 3376 1769 3438; x_wconf 88' lang='lat' dir='ltr'><strong>septe·</strong></span> 
     </span>
     <span class='ocr_line' id='line_1_35' title="bbox 156 3451 1770 3527; baseline 0.004 -21"><span class='ocrx_word' id='word_1_460' title='bbox 156 3453 254 3510; x_wconf 79' lang='lat' dir='ltr'><strong>2.Non</strong></span> <span class='ocrx_word' id='word_1_461' title='bbox 286 3453 425 3525; x_wconf 75' lang='lat' dir='ltr'><strong>parridum</strong></span> <span class='ocrx_word' id='word_1_462' title='bbox 461 3452 568 3511; x_wconf 87' lang='lat' dir='ltr'><strong>lidneiae</strong></span> <span class='ocrx_word' id='word_1_463' title='bbox 596 3454 681 3512; x_wconf 89' lang='lat' dir='ltr'><strong>robur</strong></span> <span class='ocrx_word' id='word_1_464' title='bbox 706 3459 816 3526; x_wconf 87' lang='lat' dir='ltr'><strong>praestat</strong></span> <span class='ocrx_word' id='word_1_465' title='bbox 840 3454 917 3525; x_wconf 89' lang='lat' dir='ltr'><strong>mibi,</strong></span> <span class='ocrx_word' id='word_1_466' title='bbox 973 3457 1077 3512; x_wconf 88' lang='lat' dir='ltr'><strong>narium</strong></span> <span class='ocrx_word' id='word_1_467' title='bbox 1105 3455 1201 3525; x_wconf 82' lang='lat' dir='ltr'><strong>triplex</strong></span> <span class='ocrx_word' id='word_1_468' title='bbox 1221 3452 1401 3510; x_wconf 85' lang='lat' dir='ltr'><strong>contessiouis</strong></span> <span class='ocrx_word' id='word_1_469' title='bbox 1429 3451 1534 3527; x_wconf 90' lang='lat' dir='ltr'><strong>species</strong></span> <span class='ocrx_word' id='word_1_470' title='bbox 1560 3460 1708 3521; x_wconf 77' lang='lat' dir='ltr'><strong>euastetur,</strong></span> <span class='ocrx_word' id='word_1_471' title='bbox 1736 3457 1770 3512; x_wconf 94' lang='lat' dir='ltr'><strong>de</strong></span> 
     </span>
     <span class='ocr_line' id='line_1_36' title="bbox 114 3540 1768 3618; baseline 0.002 -22"><span class='ocrx_word' id='word_1_472' title='bbox 114 3540 192 3612; x_wconf 90' lang='lat' dir='ltr'><strong>quod</strong></span> <span class='ocrx_word' id='word_1_473' title='bbox 204 3555 319 3614; x_wconf 90' lang='lat' dir='ltr'><strong>magnus</strong></span> <span class='ocrx_word' id='word_1_474' title='bbox 332 3540 379 3596; x_wconf 90' lang='lat' dir='ltr'><strong>illa</strong></span> <span class='ocrx_word' id='word_1_475' title='bbox 388 3542 429 3598; x_wconf 91' lang='lat' dir='ltr'><strong>vir</strong></span> <span class='ocrx_word' id='word_1_476' title='bbox 448 3541 588 3612; x_wconf 88' lang='lat' dir='ltr'><strong>prophete,</strong></span> <span class='ocrx_word' id='word_1_477' title='bbox 618 3540 761 3612; x_wconf 88' lang='lat' dir='ltr'><strong>potensin</strong></span> <span class='ocrx_word' id='word_1_478' title='bbox 790 3549 919 3612; x_wconf 84' lang='lat' dir='ltr'><strong>opereat</strong></span> <span class='ocrx_word' id='word_1_479' title='bbox 973 3545 1071 3618; x_wconf 90' lang='lat' dir='ltr'><strong>quibus</strong></span> <span class='ocrx_word' id='word_1_480' title='bbox 1084 3551 1179 3616; x_wconf 87' lang='lat' dir='ltr'><strong>postea</strong></span> <span class='ocrx_word' id='word_1_481' title='bbox 1201 3541 1344 3598; x_wconf 86' lang='lat' dir='ltr'><strong>videbitur.</strong></span> <span class='ocrx_word' id='word_1_482' title='bbox 1366 3543 1461 3598; x_wconf 88' lang='lat' dir='ltr'><strong>Nonne</strong></span> <span class='ocrx_word' id='word_1_483' title='bbox 1475 3551 1502 3598; x_wconf 90' lang='lat' dir='ltr'><strong>at</strong></span> <span class='ocrx_word' id='word_1_484' title='bbox 1516 3551 1625 3600; x_wconf 87' lang='lat' dir='ltr'><strong>sanctus</strong></span> <span class='ocrx_word' id='word_1_485' title='bbox 1639 3543 1768 3600; x_wconf 89' lang='lat' dir='ltr'><strong>leremias</strong></span> 
     </span>
     <span class='ocr_line' id='line_1_37' title="bbox 115 3627 1769 3706; baseline 0.005 -25"><span class='ocrx_word' id='word_1_486' title='bbox 115 3641 254 3696; x_wconf 90' lang='lat' dir='ltr'><strong>sermone,</strong></span> <span class='ocrx_word' id='word_1_487' title='bbox 269 3627 304 3685; x_wconf 91' lang='lat' dir='ltr'><strong>de</strong></span> <span class='ocrx_word' id='word_1_488' title='bbox 325 3630 431 3686; x_wconf 88' lang='lat' dir='ltr'><strong>excelsu</strong></span> <span class='ocrx_word' id='word_1_489' title='bbox 456 3635 548 3683; x_wconf 88' lang='lat' dir='ltr'><strong>munta</strong></span> <span class='ocrx_word' id='word_1_490' title='bbox 575 3628 706 3685; x_wconf 91' lang='lat' dir='ltr'><strong>coelorum</strong></span> <span class='ocrx_word' id='word_1_491' title='bbox 740 3628 918 3698; x_wconf 91' lang='lat' dir='ltr'><strong>descendens,</strong></span> <span class='ocrx_word' id='word_1_492' title='bbox 973 3637 1000 3690; x_wconf 88' lang='lat' dir='ltr'><strong>in</strong></span> <span class='ocrx_word' id='word_1_493' title='bbox 1020 3649 1070 3688; x_wconf 91' lang='lat' dir='ltr'><strong>suo</strong></span> <span class='ocrx_word' id='word_1_494' title='bbox 1084 3629 1415 3703; x_wconf 87' lang='lat' dir='ltr'><strong>planctuobservathunc</strong></span> <span class='ocrx_word' id='word_1_495' title='bbox 1429 3631 1636 3690; x_wconf 75' lang='lat' dir='ltr'><strong>numerumilit</strong></span> <span class='ocrx_word' id='word_1_496' title='bbox 1650 3633 1769 3706; x_wconf 86' lang='lat' dir='ltr'><strong>tuigitur</strong></span> 
     </span>
     <span class='ocr_line' id='line_1_38' title="bbox 115 3714 1768 3796; baseline 0.003 -24"><span class='ocrx_word' id='word_1_497' title='bbox 115 3714 229 3773; x_wconf 89' lang='lat' dir='ltr'><strong>visitare</strong></span> <span class='ocrx_word' id='word_1_498' title='bbox 241 3716 368 3793; x_wconf 79' lang='lat' dir='ltr'><strong>dignatum</strong></span> <span class='ocrx_word' id='word_1_499' title='bbox 386 3723 428 3773; x_wconf 90' lang='lat' dir='ltr'><strong>est</strong></span> <span class='ocrx_word' id='word_1_500' title='bbox 441 3731 503 3788; x_wconf 85' lang='lat' dir='ltr'><strong>me;</strong></span> <span class='ocrx_word' id='word_1_501' title='bbox 519 3731 581 3774; x_wconf 92' lang='lat' dir='ltr'><strong>cnm</strong></span> <span class='ocrx_word' id='word_1_502' title='bbox 605 3717 659 3772; x_wconf 88' lang='lat' dir='ltr'><strong>sim</strong></span> <span class='ocrx_word' id='word_1_503' title='bbox 683 3715 755 3774; x_wconf 90' lang='lat' dir='ltr'><strong>cinis</strong></span> <span class='ocrx_word' id='word_1_504' title='bbox 768 3722 795 3774; x_wconf 90' lang='lat' dir='ltr'><strong>et</strong></span> <span class='ocrx_word' id='word_1_505' title='bbox 811 3716 920 3788; x_wconf 77' lang='lat' dir='ltr'><strong>pulvis3</strong></span> <span class='ocrx_word' id='word_1_506' title='bbox 975 3721 1002 3777; x_wconf 91' lang='lat' dir='ltr'><strong>in</strong></span> <span class='ocrx_word' id='word_1_507' title='bbox 1017 3728 1062 3776; x_wconf 91' lang='lat' dir='ltr'><strong>tua</strong></span> <span class='ocrx_word' id='word_1_508' title='bbox 1076 3734 1125 3791; x_wconf 89' lang='lat' dir='ltr'><strong>pro</strong></span> <span class='ocrx_word' id='word_1_509' title='bbox 1139 3724 1165 3774; x_wconf 91' lang='lat' dir='ltr'><strong>te</strong></span> <span class='ocrx_word' id='word_1_510' title='bbox 1179 3718 1369 3776; x_wconf 89' lang='lat' dir='ltr'><strong>lamentatione</strong></span> <span class='ocrx_word' id='word_1_511' title='bbox 1383 3717 1497 3796; x_wconf 25' lang='lat' dir='ltr'><strong>formam·</strong></span> <span class='ocrx_word' id='word_1_512' title='bbox 1508 3718 1613 3776; x_wconf 88' lang='lat' dir='ltr'><strong>habeas</strong></span> <span class='ocrx_word' id='word_1_513' title='bbox 1627 3720 1768 3793; x_wconf 90' lang='lat' dir='ltr'><strong>propheti·</strong></span> 
     </span>
     <span class='ocr_line' id='line_1_39' title="bbox 115 3801 1771 3882; baseline 0.005 -24"><span class='ocrx_word' id='word_1_514' title='bbox 115 3801 246 3862; x_wconf 89' lang='lat' dir='ltr'><strong>misereri</strong></span> <span class='ocrx_word' id='word_1_515' title='bbox 266 3812 388 3872; x_wconf 88' lang='lat' dir='ltr'><strong>mortuo,</strong></span> <span class='ocrx_word' id='word_1_516' title='bbox 413 3804 543 3862; x_wconf 86' lang='lat' dir='ltr'><strong>inclinare</strong></span> <span class='ocrx_word' id='word_1_517' title='bbox 566 3819 596 3860; x_wconf 93' lang='lat' dir='ltr'><strong>se</strong></span> <span class='ocrx_word' id='word_1_518' title='bbox 621 3803 732 3874; x_wconf 75' lang='lat' dir='ltr'><strong>iacenti,</strong></span> <span class='ocrx_word' id='word_1_519' title='bbox 752 3805 873 3862; x_wconf 87' lang='lat' dir='ltr'><strong>contrabi</strong></span> <span class='ocrx_word' id='word_1_520' title='bbox 895 3812 923 3862; x_wconf 93' lang='lat' dir='ltr'><strong>et</strong></span> <span class='ocrx_word' id='word_1_521' title='bbox 975 3824 1044 3874; x_wconf 90' lang='lat' dir='ltr'><strong>cam,</strong></span> <span class='ocrx_word' id='word_1_522' title='bbox 1060 3809 1147 3864; x_wconf 87' lang='lat' dir='ltr'><strong>Deum</strong></span> <span class='ocrx_word' id='word_1_523' title='bbox 1161 3806 1252 3877; x_wconf 85' lang='lat' dir='ltr'><strong>cogita</strong></span> <span class='ocrx_word' id='word_1_524' title='bbox 1265 3804 1378 3864; x_wconf 72' lang='grc'><strong>11114</strong></span> <span class='ocrx_word' id='word_1_525' title='bbox 1392 3805 1521 3865; x_wconf 87' lang='lat' dir='ltr'><strong>iactarem</strong></span> <span class='ocrx_word' id='word_1_526' title='bbox 1536 3814 1623 3875; x_wconf 89' lang='lat' dir='ltr'><strong>tuum,</strong></span> <span class='ocrx_word' id='word_1_527' title='bbox 1639 3809 1729 3882; x_wconf 87' lang='lat' dir='ltr'><strong>cogita</strong></span> <span class='ocrx_word' id='word_1_528' title='bbox 1742 3818 1771 3868; x_wconf 91' lang='lat' dir='ltr'><strong>et</strong></span> 
     </span>
     <span class='ocr_line' id='line_1_40' title="bbox 115 3890 1770 3966; baseline 0.005 -20"><span class='ocrx_word' id='word_1_529' title='bbox 115 3891 255 3963; x_wconf 75' lang='lat' dir='ltr'><strong>cceequari</strong></span> <span class='ocrx_word' id='word_1_530' title='bbox 288 3906 381 3964; x_wconf 85' lang='lat' dir='ltr'><strong>parvo,</strong></span> <span class='ocrx_word' id='word_1_531' title='bbox 422 3906 494 3950; x_wconf 76' lang='lat' dir='ltr'><strong>ceco</strong></span> <span class='ocrx_word' id='word_1_532' title='bbox 535 3892 628 3963; x_wconf 87' lang='lat' dir='ltr'><strong>partiri</strong></span> <span class='ocrx_word' id='word_1_533' title='bbox 655 3890 746 3948; x_wconf 90' lang='lat' dir='ltr'><strong>lumen</strong></span> <span class='ocrx_word' id='word_1_534' title='bbox 783 3892 923 3950; x_wconf 89' lang='lat' dir='ltr'><strong>oculorum</strong></span> <span class='ocrx_word' id='word_1_535' title='bbox 978 3894 1187 3962; x_wconf 76' lang='lat' dir='ltr'><strong>benefactorem,</strong></span> <span class='ocrx_word' id='word_1_536' title='bbox 1212 3895 1301 3966; x_wconf 87' lang='lat' dir='ltr'><strong>cogite</strong></span> <span class='ocrx_word' id='word_1_537' title='bbox 1322 3901 1435 3965; x_wconf 91' lang='lat' dir='ltr'><strong>patrem,</strong></span> <span class='ocrx_word' id='word_1_538' title='bbox 1451 3895 1537 3966; x_wconf 88' lang='lat' dir='ltr'><strong>cogite</strong></span> <span class='ocrx_word' id='word_1_539' title='bbox 1557 3897 1713 3953; x_wconf 88' lang='lat' dir='ltr'><strong>Dominum.</strong></span> <span class='ocrx_word' id='word_1_540' title='bbox 1728 3898 1770 3956; x_wconf 76' lang='lat' dir='ltr'><strong>Ad</strong></span> 
     </span>
     <span class='ocr_line' id='line_1_41' title="bbox 116 3981 1772 4054; baseline 0.003 -18"><span class='ocrx_word' id='word_1_541' title='bbox 116 3997 240 4046; x_wconf 87' lang='lat' dir='ltr'><strong>suorum,</strong></span> <span class='ocrx_word' id='word_1_542' title='bbox 254 3990 282 4038; x_wconf 90' lang='lat' dir='ltr'><strong>et</strong></span> <span class='ocrx_word' id='word_1_543' title='bbox 295 3997 326 4038; x_wconf 86' lang='lat' dir='ltr'><strong>os</strong></span> <span class='ocrx_word' id='word_1_544' title='bbox 341 3990 443 4039; x_wconf 90' lang='lat' dir='ltr'><strong>mutum</strong></span> <span class='ocrx_word' id='word_1_545' title='bbox 460 3982 515 4039; x_wconf 91' lang='lat' dir='ltr'><strong>cris</strong></span> <span class='ocrx_word' id='word_1_546' title='bbox 542 3981 645 4053; x_wconf 90' lang='lat' dir='ltr'><strong>proprii</strong></span> <span class='ocrx_word' id='word_1_547' title='bbox 667 3995 698 4036; x_wconf 88' lang='lat' dir='ltr'><strong>os</strong></span> <span class='ocrx_word' id='word_1_548' title='bbox 713 3981 774 4038; x_wconf 89' lang='lat' dir='ltr'><strong>culo</strong></span> <span class='ocrx_word' id='word_1_549' title='bbox 806 3981 923 4048; x_wconf 90' lang='lat' dir='ltr'><strong>solvere,</strong></span> <span class='ocrx_word' id='word_1_550' title='bbox 977 3981 1070 4039; x_wconf 83' lang='lat' dir='ltr'><strong>omnic</strong></span> <span class='ocrx_word' id='word_1_551' title='bbox 1083 3995 1146 4038; x_wconf 92' lang='lat' dir='ltr'><strong>reus</strong></span> <span class='ocrx_word' id='word_1_552' title='bbox 1158 3995 1204 4045; x_wconf 90' lang='lat' dir='ltr'><strong>es;</strong></span> <span class='ocrx_word' id='word_1_553' title='bbox 1230 3981 1327 4053; x_wconf 88' lang='lat' dir='ltr'><strong>plange</strong></span> <span class='ocrx_word' id='word_1_554' title='bbox 1347 3996 1397 4051; x_wconf 87' lang='lat' dir='ltr'><strong>per</strong></span> <span class='ocrx_word' id='word_1_555' title='bbox 1417 3981 1531 4054; x_wconf 76' lang='lat' dir='ltr'><strong>singula.</strong></span> <span class='ocrx_word' id='word_1_556' title='bbox 1554 3982 1596 4038; x_wconf 78' lang='lat' dir='ltr'><strong>Ad</strong></span> <span class='ocrx_word' id='word_1_557' title='bbox 1611 3983 1725 4053; x_wconf 90' lang='lat' dir='ltr'><strong>primem</strong></span> <span class='ocrx_word' id='word_1_558' title='bbox 1743 3994 1772 4041; x_wconf 89' lang='lat' dir='ltr'><strong>at</strong></span> 
     </span>
     <span class='ocr_line' id='line_1_42' title="bbox 116 4069 1771 4144; baseline 0.001 -18"><span class='ocrx_word' id='word_1_559' title='bbox 116 4070 277 4142; x_wconf 87' lang='lat' dir='ltr'><strong>debilesque</strong></span> <span class='ocrx_word' id='word_1_560' title='bbox 300 4085 396 4128; x_wconf 89' lang='lat' dir='ltr'><strong>manus</strong></span> <span class='ocrx_word' id='word_1_561' title='bbox 410 4085 521 4126; x_wconf 87' lang='lat' dir='ltr'><strong>suarum</strong></span> <span class='ocrx_word' id='word_1_562' title='bbox 540 4071 669 4126; x_wconf 88' lang='lat' dir='ltr'><strong>roborare</strong></span> <span class='ocrx_word' id='word_1_563' title='bbox 693 4076 828 4128; x_wconf 88' lang='lat' dir='ltr'><strong>contactu.</strong></span> <span class='ocrx_word' id='word_1_564' title='bbox 856 4069 925 4128; x_wconf 89' lang='lat' dir='ltr'><strong>Sua·</strong></span> <span class='ocrx_word' id='word_1_565' title='bbox 978 4071 1103 4128; x_wconf 90' lang='lat' dir='ltr'><strong>ultimum</strong></span> <span class='ocrx_word' id='word_1_566' title='bbox 1127 4071 1290 4141; x_wconf 89' lang='lat' dir='ltr'><strong>respondeat</strong></span> <span class='ocrx_word' id='word_1_567' title='bbox 1312 4069 1391 4124; x_wconf 90' lang='lat' dir='ltr'><strong>timor</strong></span> <span class='ocrx_word' id='word_1_568' title='bbox 1410 4075 1481 4137; x_wconf 88' lang='lat' dir='ltr'><strong>tuus,</strong></span> <span class='ocrx_word' id='word_1_569' title='bbox 1498 4070 1532 4125; x_wconf 91' lang='lat' dir='ltr'><strong>ad</strong></span> <span class='ocrx_word' id='word_1_570' title='bbox 1546 4070 1601 4125; x_wconf 89' lang='lat' dir='ltr'><strong>duo</strong></span> <span class='ocrx_word' id='word_1_571' title='bbox 1620 4072 1707 4128; x_wconf 91' lang='lat' dir='ltr'><strong>media</strong></span> <span class='ocrx_word' id='word_1_572' title='bbox 1721 4089 1771 4144; x_wconf 93' lang='lat' dir='ltr'><strong>pu-</strong></span> 
     </span>
     <span class='ocr_line' id='line_1_43' title="bbox 118 4155 1773 4230; baseline 0.001 -15"><span class='ocrx_word' id='word_1_573' title='bbox 118 4160 190 4215; x_wconf 83' lang='lat' dir='ltr'><strong>riter</strong></span> <span class='ocrx_word' id='word_1_574' title='bbox 212 4157 319 4214; x_wconf 89' lang='lat' dir='ltr'><strong>rumino</strong></span> <span class='ocrx_word' id='word_1_575' title='bbox 348 4158 408 4228; x_wconf 87' lang='lat' dir='ltr'><strong>istu,</strong></span> <span class='ocrx_word' id='word_1_576' title='bbox 434 4165 462 4216; x_wconf 91' lang='lat' dir='ltr'><strong>et</strong></span> <span class='ocrx_word' id='word_1_577' title='bbox 481 4159 621 4228; x_wconf 88' lang='lat' dir='ltr'><strong>replentur</strong></span> <span class='ocrx_word' id='word_1_578' title='bbox 658 4157 762 4215; x_wconf 87' lang='lat' dir='ltr'><strong>viscera</strong></span> <span class='ocrx_word' id='word_1_579' title='bbox 798 4171 868 4225; x_wconf 91' lang='lat' dir='ltr'><strong>mea,</strong></span> <span class='ocrx_word' id='word_1_580' title='bbox 898 4175 927 4224; x_wconf 77' lang='lat' dir='ltr'><strong>er</strong></span> <span class='ocrx_word' id='word_1_581' title='bbox 979 4156 1038 4214; x_wconf 91' lang='lat' dir='ltr'><strong>dor.</strong></span> <span class='ocrx_word' id='word_1_582' title='bbox 1054 4157 1133 4212; x_wconf 85' lang='lat' dir='ltr'><strong>Pater</strong></span> <span class='ocrx_word' id='word_1_583' title='bbox 1147 4170 1212 4211; x_wconf 87' lang='lat' dir='ltr'><strong>sane</strong></span> <span class='ocrx_word' id='word_1_584' title='bbox 1226 4167 1279 4210; x_wconf 92' lang='lat' dir='ltr'><strong>uon</strong></span> <span class='ocrx_word' id='word_1_585' title='bbox 1293 4155 1431 4224; x_wconf 87' lang='lat' dir='ltr'><strong>metuitur,</strong></span> <span class='ocrx_word' id='word_1_586' title='bbox 1455 4173 1517 4214; x_wconf 91' lang='lat' dir='ltr'><strong>cnm</strong></span> <span class='ocrx_word' id='word_1_587' title='bbox 1531 4166 1609 4230; x_wconf 87' lang='lat' dir='ltr'><strong>pater</strong></span> <span class='ocrx_word' id='word_1_588' title='bbox 1622 4159 1667 4214; x_wconf 90' lang='lat' dir='ltr'><strong>sit.</strong></span> <span class='ocrx_word' id='word_1_589' title='bbox 1684 4157 1773 4217; x_wconf 77' lang='lat' dir='ltr'><strong>Patris</strong></span> 
     </span>
     <span class='ocr_line' id='line_1_44' title="bbox 119 4242 1772 4320; baseline 0.001 -17"><span class='ocrx_word' id='word_1_590' title='bbox 119 4247 250 4303; x_wconf 89' lang='lat' dir='ltr'><strong>interiora</strong></span> <span class='ocrx_word' id='word_1_591' title='bbox 258 4261 321 4302; x_wconf 87' lang='lat' dir='ltr'><strong>mee</strong></span> <span class='ocrx_word' id='word_1_592' title='bbox 332 4247 500 4319; x_wconf 87' lang='lat' dir='ltr'><strong>saginentur,</strong></span> <span class='ocrx_word' id='word_1_593' title='bbox 516 4254 543 4302; x_wconf 91' lang='lat' dir='ltr'><strong>et</strong></span> <span class='ocrx_word' id='word_1_594' title='bbox 570 4245 660 4302; x_wconf 88' lang='lat' dir='ltr'><strong>omnia</strong></span> <span class='ocrx_word' id='word_1_595' title='bbox 686 4260 750 4303; x_wconf 92' lang='lat' dir='ltr'><strong>ossa</strong></span> <span class='ocrx_word' id='word_1_596' title='bbox 772 4261 833 4302; x_wconf 91' lang='lat' dir='ltr'><strong>mee</strong></span> <span class='ocrx_word' id='word_1_597' title='bbox 856 4263 923 4320; x_wconf 84' lang='lat' dir='ltr'><strong>ger·</strong></span> <span class='ocrx_word' id='word_1_598' title='bbox 979 4243 1052 4302; x_wconf 91' lang='lat' dir='ltr'><strong>euim</strong></span> <span class='ocrx_word' id='word_1_599' title='bbox 1066 4252 1109 4300; x_wconf 91' lang='lat' dir='ltr'><strong>est</strong></span> <span class='ocrx_word' id='word_1_600' title='bbox 1123 4242 1243 4300; x_wconf 87' lang='lat' dir='ltr'><strong>misereri</strong></span> <span class='ocrx_word' id='word_1_601' title='bbox 1258 4259 1365 4313; x_wconf 88' lang='lat' dir='ltr'><strong>semper</strong></span> <span class='ocrx_word' id='word_1_602' title='bbox 1377 4249 1405 4299; x_wconf 93' lang='lat' dir='ltr'><strong>et</strong></span> <span class='ocrx_word' id='word_1_603' title='bbox 1417 4257 1540 4316; x_wconf 77' lang='lat' dir='ltr'><strong>parcere.</strong></span> <span class='ocrx_word' id='word_1_604' title='bbox 1555 4246 1588 4302; x_wconf 85' lang='lat' dir='ltr'><strong>Et</strong></span> <span class='ocrx_word' id='word_1_605' title='bbox 1608 4247 1632 4302; x_wconf 91' lang='lat' dir='ltr'><strong>si</strong></span> <span class='ocrx_word' id='word_1_606' title='bbox 1647 4247 1772 4318; x_wconf 90' lang='lat' dir='ltr'><strong>pereutit,</strong></span> 
     </span>
     <span class='ocr_line' id='line_1_45' title="bbox 120 4331 1772 4406; baseline 0.001 -16"><span class='ocrx_word' id='word_1_607' title='bbox 120 4337 227 4392; x_wconf 87' lang='lat' dir='ltr'><strong>minant</strong></span> <span class='ocrx_word' id='word_1_608' title='bbox 253 4335 370 4392; x_wconf 88' lang='lat' dir='ltr'><strong>laudem.</strong></span> <span class='ocrx_word' id='word_1_609' title='bbox 392 4337 449 4392; x_wconf 90' lang='lat' dir='ltr'><strong>lloc</strong></span> <span class='ocrx_word' id='word_1_610' title='bbox 480 4334 564 4392; x_wconf 89' lang='lat' dir='ltr'><strong>semel</strong></span> <span class='ocrx_word' id='word_1_611' title='bbox 594 4333 709 4391; x_wconf 88' lang='lat' dir='ltr'><strong>eontulit</strong></span> <span class='ocrx_word' id='word_1_612' title='bbox 753 4336 923 4394; x_wconf 88' lang='lat' dir='ltr'><strong>universitati</strong></span> <span class='ocrx_word' id='word_1_613' title='bbox 978 4334 1056 4406; x_wconf 89' lang='lat' dir='ltr'><strong>virga</strong></span> <span class='ocrx_word' id='word_1_614' title='bbox 1070 4347 1124 4390; x_wconf 89' lang='lat' dir='ltr'><strong>nun</strong></span> <span class='ocrx_word' id='word_1_615' title='bbox 1139 4331 1235 4388; x_wconf 91' lang='lat' dir='ltr'><strong>baculo</strong></span> <span class='ocrx_word' id='word_1_616' title='bbox 1254 4331 1384 4404; x_wconf 83' lang='lat' dir='ltr'><strong>percutit;</strong></span> <span class='ocrx_word' id='word_1_617' title='bbox 1402 4339 1429 4388; x_wconf 89' lang='lat' dir='ltr'><strong>et</strong></span> <span class='ocrx_word' id='word_1_618' title='bbox 1450 4349 1511 4388; x_wconf 90' lang='lat' dir='ltr'><strong>cum</strong></span> <span class='ocrx_word' id='word_1_619' title='bbox 1535 4336 1706 4404; x_wconf 84' lang='lat' dir='ltr'><strong>percusserit,</strong></span> <span class='ocrx_word' id='word_1_620' title='bbox 1724 4351 1772 4393; x_wconf 88' lang='lat' dir='ltr'><strong>aa·</strong></span> 
     </span>
     <span class='ocr_line' id='line_1_46' title="bbox 122 4423 1773 4499; baseline 0.002 -19"><span class='ocrx_word' id='word_1_621' title='bbox 122 4427 175 4482; x_wconf 84' lang='lat' dir='ltr'><strong>boc</strong></span> <span class='ocrx_word' id='word_1_622' title='bbox 196 4423 316 4496; x_wconf 91' lang='lat' dir='ltr'><strong>quotidie</strong></span> <span class='ocrx_word' id='word_1_623' title='bbox 342 4423 489 4499; x_wconf 80' lang='lat' dir='ltr'><strong>singuliis</strong></span> <span class='ocrx_word' id='word_1_624' title='bbox 508 4423 592 4480; x_wconf 84' lang='lat' dir='ltr'><strong>nobis</strong></span> <span class='ocrx_word' id='word_1_625' title='bbox 610 4424 713 4480; x_wconf 88' lang='lat' dir='ltr'><strong>actitari</strong></span> <span class='ocrx_word' id='word_1_626' title='bbox 741 4424 881 4494; x_wconf 86' lang='lat' dir='ltr'><strong>sentimus,</strong></span> <span class='ocrx_word' id='word_1_627' title='bbox 897 4434 925 4482; x_wconf 92' lang='lat' dir='ltr'><strong>et</strong></span> <span class='ocrx_word' id='word_1_628' title='bbox 980 4427 1037 4476; x_wconf 73' lang='lat' dir='ltr'><strong>noi·</strong></span> <span class='ocrx_word' id='word_1_629' title='bbox 1063 4423 1174 4476; x_wconf 70' lang='lat' dir='ltr'><strong>Paterno</strong></span> <span class='ocrx_word' id='word_1_630' title='bbox 1186 4433 1241 4476; x_wconf 76' lang='grc'><strong>101</strong></span> <span class='ocrx_word' id='word_1_631' title='bbox 1260 4426 1302 4474; x_wconf 68' lang='lat' dir='ltr'><strong>esi</strong></span> <span class='ocrx_word' id='word_1_632' title='bbox 1324 4437 1330 4474; x_wconf 74' lang='grc' dir='ltr'><em>τ</em></span> <span class='ocrx_word' id='word_1_633' title='bbox 1360 4423 1525 4479; x_wconf 64' lang='lat' dir='ltr'><strong>Porcellum</strong></span> <span class='ocrx_word' id='word_1_634' title='bbox 1549 4426 1579 4480; x_wconf 76' lang='lat' dir='ltr'><strong>ct</strong></span> <span class='ocrx_word' id='word_1_635' title='bbox 1601 4439 1647 4494; x_wconf 82' lang='lat' dir='ltr'><strong>opo</strong></span> <span class='ocrx_word' id='word_1_636' title='bbox 1670 4424 1773 4482; x_wconf 76' lang='lat' dir='ltr'><strong>secubo</strong></span> 
     </span>
     <span class='ocr_line' id='line_1_47' title="bbox 121 4507 1775 4594; baseline -0.004 -22"><span class='ocrx_word' id='word_1_637' title='bbox 121 4513 198 4572; x_wconf 90' lang='lat' dir='ltr'><strong>cordi</strong></span> <span class='ocrx_word' id='word_1_638' title='bbox 210 4513 312 4570; x_wconf 87' lang='lat' dir='ltr'><strong>scilicet</strong></span> <span class='ocrx_word' id='word_1_639' title='bbox 325 4512 407 4570; x_wconf 90' lang='lat' dir='ltr'><strong>tribui</strong></span> <span class='ocrx_word' id='word_1_640' title='bbox 416 4512 600 4584; x_wconf 78' lang='lat' dir='ltr'><strong>intelligentius</strong></span> <span class='ocrx_word' id='word_1_641' title='bbox 618 4513 718 4579; x_wconf 90' lang='lat' dir='ltr'><strong>lumen,</strong></span> <span class='ocrx_word' id='word_1_642' title='bbox 743 4524 770 4569; x_wconf 92' lang='lat' dir='ltr'><strong>et</strong></span> <span class='ocrx_word' id='word_1_643' title='bbox 801 4514 842 4570; x_wconf 95' lang='lat' dir='ltr'><strong>ori</strong></span> <span class='ocrx_word' id='word_1_644' title='bbox 855 4515 958 4594; x_wconf 74' lang='lat' dir='ltr'><strong>edi-n</strong></span> <span class='ocrx_word' id='word_1_645' title='bbox 979 4511 1074 4581; x_wconf 81' lang='lat' dir='ltr'><strong>(Deest.</strong></span> <span class='ocrx_word' id='word_1_646' title='bbox 1089 4523 1184 4572; x_wconf 84' lang='lat' dir='ltr'><strong>xxxiv,</strong></span> <span class='ocrx_word' id='word_1_647' title='bbox 1199 4509 1255 4576; x_wconf 85' lang='grc'><strong>39).</strong></span> <span class='ocrx_word' id='word_1_648' title='bbox 1279 4507 1339 4563; x_wconf 92' lang='lat' dir='ltr'><strong>Non</strong></span> <span class='ocrx_word' id='word_1_649' title='bbox 1363 4515 1405 4565; x_wconf 89' lang='lat' dir='ltr'><strong>est</strong></span> <span class='ocrx_word' id='word_1_650' title='bbox 1428 4509 1539 4579; x_wconf 89' lang='lat' dir='ltr'><strong>proinde</strong></span> <span class='ocrx_word' id='word_1_651' title='bbox 1561 4511 1670 4582; x_wconf 88' lang='lat' dir='ltr'><strong>quoda</strong></span> <span class='ocrx_word' id='word_1_652' title='bbox 1698 4521 1775 4582; x_wconf 88' lang='lat' dir='ltr'><strong>patre</strong></span> 
     </span>
     <span class='ocr_line' id='line_1_48' title="bbox 122 4595 1775 4673; baseline -0.002 -14"><span class='ocrx_word' id='word_1_653' title='bbox 122 4601 256 4659; x_wconf 86' lang='lat' dir='ltr'><strong>ficationis</strong></span> <span class='ocrx_word' id='word_1_654' title='bbox 287 4603 411 4669; x_wconf 87' lang='lat' dir='ltr'><strong>verbum,</strong></span> <span class='ocrx_word' id='word_1_655' title='bbox 439 4611 466 4658; x_wconf 91' lang='lat' dir='ltr'><strong>et</strong></span> <span class='ocrx_word' id='word_1_656' title='bbox 491 4600 617 4658; x_wconf 86' lang='lat' dir='ltr'><strong>menibus</strong></span> <span class='ocrx_word' id='word_1_657' title='bbox 645 4615 716 4673; x_wconf 89' lang='lat' dir='ltr'><strong>opus</strong></span> <span class='ocrx_word' id='word_1_658' title='bbox 727 4601 854 4672; x_wconf 74' lang='lat' dir='ltr'><strong>iustitiae.</strong></span> <span class='ocrx_word' id='word_1_659' title='bbox 879 4605 928 4661; x_wconf 77' lang='lat' dir='ltr'><strong>Dar</strong></span> <span class='ocrx_word' id='word_1_660' title='bbox 981 4595 1118 4663; x_wconf 78' lang='lat' dir='ltr'><strong>formides,</strong></span> <span class='ocrx_word' id='word_1_661' title='bbox 1148 4595 1195 4668; x_wconf 92' lang='lat' dir='ltr'><strong>qui</strong></span> <span class='ocrx_word' id='word_1_662' title='bbox 1221 4595 1272 4653; x_wconf 90' lang='lat' dir='ltr'><strong>etsi</strong></span> <span class='ocrx_word' id='word_1_663' title='bbox 1296 4595 1457 4667; x_wconf 80' lang='lat' dir='ltr'><strong>quandoque</strong></span> <span class='ocrx_word' id='word_1_664' title='bbox 1480 4597 1557 4655; x_wconf 88' lang='lat' dir='ltr'><strong>ieriat</strong></span> <span class='ocrx_word' id='word_1_665' title='bbox 1584 4605 1613 4655; x_wconf 81' lang='lat' dir='ltr'><strong>et</strong></span> <span class='ocrx_word' id='word_1_666' title='bbox 1639 4601 1775 4666; x_wconf 88' lang='lat' dir='ltr'><strong>emendet,</strong></span> 
     </span>
     <span class='ocr_line' id='line_1_49' title="bbox 121 4683 1776 4764; baseline -0.004 -15"><span class='ocrx_word' id='word_1_667' title='bbox 121 4693 221 4749; x_wconf 85' lang='lat' dir='ltr'><strong>sentire</strong></span> <span class='ocrx_word' id='word_1_668' title='bbox 249 4691 373 4760; x_wconf 84' lang='lat' dir='ltr'><strong>fideliter,</strong></span> <span class='ocrx_word' id='word_1_669' title='bbox 387 4692 434 4748; x_wconf 91' lang='lat' dir='ltr'><strong>dat</strong></span> <span class='ocrx_word' id='word_1_670' title='bbox 458 4689 580 4764; x_wconf 79' lang='lat' dir='ltr'><strong>prolerre</strong></span> <span class='ocrx_word' id='word_1_671' title='bbox 594 4689 705 4758; x_wconf 87' lang='lat' dir='ltr'><strong>utiliter,</strong></span> <span class='ocrx_word' id='word_1_672' title='bbox 728 4691 931 4749; x_wconf 87' lang='lat' dir='ltr'><strong>deteilicaeiter</strong></span> <span class='ocrx_word' id='word_1_673' title='bbox 984 4699 1119 4756; x_wconf 86' lang='lat' dir='ltr'><strong>nunquam</strong></span> <span class='ocrx_word' id='word_1_674' title='bbox 1144 4691 1231 4739; x_wconf 89' lang='lat' dir='ltr'><strong>tamen</strong></span> <span class='ocrx_word' id='word_1_675' title='bbox 1258 4690 1288 4738; x_wconf 86' lang='grc' dir='ltr'><strong>ιιι</strong></span> <span class='ocrx_word' id='word_1_676' title='bbox 1314 4683 1440 4742; x_wconf 89' lang='lat' dir='ltr'><strong>vindicet.</strong></span> <span class='ocrx_word' id='word_1_677' title='bbox 1470 4686 1506 4741; x_wconf 80' lang='lat' dir='ltr'><strong>At</strong></span> <span class='ocrx_word' id='word_1_678' title='bbox 1528 4702 1594 4743; x_wconf 89' lang='lat' dir='ltr'><strong>vero</strong></span> <span class='ocrx_word' id='word_1_679' title='bbox 1617 4687 1776 4762; x_wconf 78' lang='lat' dir='ltr'><strong>cogitantem</strong></span> 
     </span>
     <span class='ocr_line' id='line_1_50' title="bbox 123 4771 1778 4852; baseline -0.005 -14"><span class='ocrx_word' id='word_1_680' title='bbox 123 4781 281 4852; x_wconf 86' lang='lat' dir='ltr'><strong>adimplere.</strong></span> <span class='ocrx_word' id='word_1_681' title='bbox 308 4781 342 4837; x_wconf 87' lang='lat' dir='ltr'><strong>Et</strong></span> <span class='ocrx_word' id='word_1_682' title='bbox 369 4791 409 4836; x_wconf 90' lang='lat' dir='ltr'><strong>est</strong></span> <span class='ocrx_word' id='word_1_683' title='bbox 436 4779 570 4836; x_wconf 83' lang='lat' dir='ltr'><strong>turriculos</strong></span> <span class='ocrx_word' id='word_1_684' title='bbox 598 4779 707 4851; x_wconf 85' lang='lat' dir='ltr'><strong>triplex,</strong></span> <span class='ocrx_word' id='word_1_685' title='bbox 741 4779 786 4850; x_wconf 91' lang='lat' dir='ltr'><strong>qui</strong></span> <span class='ocrx_word' id='word_1_686' title='bbox 820 4777 930 4838; x_wconf 77' lang='lat' dir='ltr'><strong>difficile</strong></span> <span class='ocrx_word' id='word_1_687' title='bbox 984 4775 1057 4847; x_wconf 84' lang='lat' dir='ltr'><strong>qood</strong></span> <span class='ocrx_word' id='word_1_688' title='bbox 1072 4783 1175 4846; x_wconf 76' lang='lat' dir='ltr'><strong>patrem</strong></span> <span class='ocrx_word' id='word_1_689' title='bbox 1187 4771 1358 4840; x_wconf 69' lang='lat' dir='ltr'><strong>offenderim,</strong></span> <span class='ocrx_word' id='word_1_690' title='bbox 1374 4783 1416 4830; x_wconf 76' lang='lat' dir='ltr'><strong>osi</strong></span> <span class='ocrx_word' id='word_1_691' title='bbox 1427 4783 1500 4832; x_wconf 76' lang='lat' dir='ltr'><strong>totle</strong></span> <span class='ocrx_word' id='word_1_692' title='bbox 1513 4777 1586 4847; x_wconf 81' lang='lat' dir='ltr'><strong>quod</strong></span> <span class='ocrx_word' id='word_1_693' title='bbox 1601 4777 1711 4848; x_wconf 89' lang='lat' dir='ltr'><strong>pudeat,</strong></span> <span class='ocrx_word' id='word_1_694' title='bbox 1727 4776 1778 4832; x_wconf 92' lang='lat' dir='ltr'><strong>etsi</strong></span> 
     </span>
     <span class='ocr_line' id='line_1_51' title="bbox 123 4859 1777 4940; baseline 0.004 -26"><span class='ocrx_word' id='word_1_695' title='bbox 123 4869 269 4940; x_wconf 67' lang='lat' dir='ltr'><strong>rumpitur,</strong></span> <span class='ocrx_word' id='word_1_696' title='bbox 285 4872 317 4926; x_wconf 75' lang='lat' dir='ltr'><strong>gd</strong></span> <span class='ocrx_word' id='word_1_697' title='bbox 333 4868 513 4926; x_wconf 72' lang='lat' dir='ltr'><strong>extrahendas</strong></span> <span class='ocrx_word' id='word_1_698' title='bbox 534 4866 637 4924; x_wconf 78' lang='lat' dir='ltr'><strong>animas</strong></span> <span class='ocrx_word' id='word_1_699' title='bbox 670 4868 704 4924; x_wconf 75' lang='lat' dir='ltr'><strong>de</strong></span> <span class='ocrx_word' id='word_1_700' title='bbox 736 4883 843 4926; x_wconf 70' lang='lat' dir='ltr'><strong>carpere</strong></span> <span class='ocrx_word' id='word_1_701' title='bbox 871 4869 930 4924; x_wconf 79' lang='lat' dir='ltr'><strong>dia.</strong></span> <span class='ocrx_word' id='word_1_702' title='bbox 985 4877 1039 4920; x_wconf 85' lang='lat' dir='ltr'><strong>non</strong></span> <span class='ocrx_word' id='word_1_703' title='bbox 1053 4862 1126 4934; x_wconf 82' lang='lat' dir='ltr'><strong>quod</strong></span> <span class='ocrx_word' id='word_1_704' title='bbox 1141 4866 1249 4917; x_wconf 67' lang='lat' dir='ltr'><strong>terreat.</strong></span> <span class='ocrx_word' id='word_1_705' title='bbox 1269 4859 1426 4916; x_wconf 76' lang='lat' dir='ltr'><strong>voluntarie</strong></span> <span class='ocrx_word' id='word_1_706' title='bbox 1442 4861 1536 4934; x_wconf 74' lang='lat' dir='ltr'><strong>gentili</strong></span> <span class='ocrx_word' id='word_1_707' title='bbox 1549 4879 1593 4919; x_wconf 84' lang='lat' dir='ltr'><strong>me</strong></span> <span class='ocrx_word' id='word_1_708' title='bbox 1605 4864 1689 4921; x_wconf 73' lang='lat' dir='ltr'><strong>Verbo</strong></span> <span class='ocrx_word' id='word_1_709' title='bbox 1703 4866 1777 4922; x_wconf 73' lang='lat' dir='ltr'><strong>veri·</strong></span> 
     </span>
     <span class='ocr_line' id='line_1_52' title="bbox 122 4949 1780 5029; baseline -0.004 -15"><span class='ocrx_word' id='word_1_710' title='bbox 122 4959 191 5029; x_wconf 87' lang='lat' dir='ltr'><strong>boii,</strong></span> <span class='ocrx_word' id='word_1_711' title='bbox 205 4966 233 5014; x_wconf 92' lang='lat' dir='ltr'><strong>et</strong></span> <span class='ocrx_word' id='word_1_712' title='bbox 252 4958 397 5014; x_wconf 90' lang='lat' dir='ltr'><strong>trebendas</strong></span> <span class='ocrx_word' id='word_1_713' title='bbox 420 4967 483 5028; x_wconf 90' lang='lat' dir='ltr'><strong>post</strong></span> <span class='ocrx_word' id='word_1_714' title='bbox 500 4971 529 5012; x_wconf 87' lang='lat' dir='ltr'><strong>se</strong></span> <span class='ocrx_word' id='word_1_715' title='bbox 542 4955 668 5029; x_wconf 86' lang='lat' dir='ltr'><strong>adregna</strong></span> <span class='ocrx_word' id='word_1_716' title='bbox 682 4956 807 5024; x_wconf 86' lang='lat' dir='ltr'><strong>caelestia,</strong></span> <span class='ocrx_word' id='word_1_717' title='bbox 822 4957 844 5012; x_wconf 87' lang='lat' dir='ltr'><strong>si</strong></span> <span class='ocrx_word' id='word_1_718' title='bbox 859 4965 931 5015; x_wconf 79' lang='lat' dir='ltr'><strong>reete</strong></span> <span class='ocrx_word' id='word_1_719' title='bbox 984 4953 1055 5017; x_wconf 89' lang='lat' dir='ltr'><strong>tatis,</strong></span> <span class='ocrx_word' id='word_1_720' title='bbox 1071 4966 1126 5006; x_wconf 89' lang='lat' dir='ltr'><strong>non</strong></span> <span class='ocrx_word' id='word_1_721' title='bbox 1140 4949 1369 5004; x_wconf 86' lang='lat' dir='ltr'><strong>stimuioearnelis</strong></span> <span class='ocrx_word' id='word_1_722' title='bbox 1383 4949 1536 5020; x_wconf 83' lang='lat' dir='ltr'><strong>cupiditatis</strong></span> <span class='ocrx_word' id='word_1_723' title='bbox 1546 4951 1672 5022; x_wconf 86' lang='lat' dir='ltr'><strong>excussit,</strong></span> <span class='ocrx_word' id='word_1_724' title='bbox 1685 4953 1780 5024; x_wconf 87' lang='lat' dir='ltr'><strong>quein-</strong></span> 
     </span>
     <span class='ocr_line' id='line_1_53' title="bbox 123 5037 1781 5122; baseline -0.003 -19"><span class='ocrx_word' id='word_1_725' title='bbox 123 5047 236 5116; x_wconf 88' lang='lat' dir='ltr'><strong>sentias,</strong></span> <span class='ocrx_word' id='word_1_726' title='bbox 251 5045 274 5102; x_wconf 88' lang='lat' dir='ltr'><strong>ei</strong></span> <span class='ocrx_word' id='word_1_727' title='bbox 288 5045 370 5122; x_wconf 81' lang='lat' dir='ltr'><strong>digne</strong></span> <span class='ocrx_word' id='word_1_728' title='bbox 386 5043 564 5118; x_wconf 87' lang='lat' dir='ltr'><strong>proloquaris,</strong></span> <span class='ocrx_word' id='word_1_729' title='bbox 585 5045 608 5100; x_wconf 88' lang='lat' dir='ltr'><strong>si</strong></span> <span class='ocrx_word' id='word_1_730' title='bbox 626 5044 741 5102; x_wconf 90' lang='lat' dir='ltr'><strong>vivendo</strong></span> <span class='ocrx_word' id='word_1_731' title='bbox 775 5045 928 5104; x_wconf 82' lang='lat' dir='ltr'><strong>confirmes.</strong></span> <span class='ocrx_word' id='word_1_732' title='bbox 985 5039 1131 5096; x_wconf 74' lang='lat' dir='ltr'><strong>admodum</strong></span> <span class='ocrx_word' id='word_1_733' title='bbox 1154 5037 1260 5110; x_wconf 86' lang='lat' dir='ltr'><strong>genitor</strong></span> <span class='ocrx_word' id='word_1_734' title='bbox 1283 5037 1371 5092; x_wconf 88' lang='lat' dir='ltr'><strong>cernis</strong></span> <span class='ocrx_word' id='word_1_735' title='bbox 1401 5053 1476 5094; x_wconf 82' lang='lat' dir='ltr'><strong>meae.</strong></span> <span class='ocrx_word' id='word_1_736' title='bbox 1501 5039 1602 5095; x_wconf 86' lang='lat' dir='ltr'><strong>Deinde</strong></span> <span class='ocrx_word' id='word_1_737' title='bbox 1619 5040 1700 5096; x_wconf 88' lang='lat' dir='ltr'><strong>etiem</strong></span> <span class='ocrx_word' id='word_1_738' title='bbox 1724 5059 1781 5099; x_wconf 92' lang='lat' dir='ltr'><strong>uon</strong></span> 
     </span>
     <span class='ocr_line' id='line_1_54' title="bbox 123 5125 1781 5210; baseline -0.007 -17"><span class='ocrx_word' id='word_1_739' title='bbox 123 5135 218 5193; x_wconf 87' lang='lat' dir='ltr'><strong>Oculis</strong></span> <span class='ocrx_word' id='word_1_740' title='bbox 227 5135 285 5191; x_wconf 88' lang='lat' dir='ltr'><strong>suis</strong></span> <span class='ocrx_word' id='word_1_741' title='bbox 299 5135 387 5210; x_wconf 82' lang='lat' dir='ltr'><strong>tetigit</strong></span> <span class='ocrx_word' id='word_1_742' title='bbox 396 5149 481 5202; x_wconf 86' lang='lat' dir='ltr'><strong>meos,</strong></span> <span class='ocrx_word' id='word_1_743' title='bbox 506 5131 643 5190; x_wconf 87' lang='lat' dir='ltr'><strong>interioris</strong></span> <span class='ocrx_word' id='word_1_744' title='bbox 657 5133 783 5202; x_wconf 88' lang='lat' dir='ltr'><strong>hominis,</strong></span> <span class='ocrx_word' id='word_1_745' title='bbox 818 5133 930 5194; x_wconf 87' lang='lat' dir='ltr'><strong>irootom</strong></span> <span class='ocrx_word' id='word_1_746' title='bbox 987 5128 1094 5199; x_wconf 89' lang='lat' dir='ltr'><strong>peperci</strong></span> <span class='ocrx_word' id='word_1_747' title='bbox 1118 5125 1262 5199; x_wconf 87' lang='lat' dir='ltr'><strong>Unigenito</strong></span> <span class='ocrx_word' id='word_1_748' title='bbox 1290 5141 1341 5199; x_wconf 92' lang='lat' dir='ltr'><strong>pro</strong></span> <span class='ocrx_word' id='word_1_749' title='bbox 1364 5127 1403 5184; x_wconf 84' lang='lat' dir='ltr'><strong>sie</strong></span> <span class='ocrx_word' id='word_1_750' title='bbox 1421 5127 1523 5198; x_wconf 83' lang='lat' dir='ltr'><strong>genitu.</strong></span> <span class='ocrx_word' id='word_1_751' title='bbox 1539 5129 1579 5184; x_wconf 89' lang='lat' dir='ltr'><strong>lta</strong></span> <span class='ocrx_word' id='word_1_752' title='bbox 1599 5131 1658 5202; x_wconf 83' lang='lat' dir='ltr'><strong>ipse</strong></span> <span class='ocrx_word' id='word_1_753' title='bbox 1671 5131 1781 5201; x_wconf 84' lang='lat' dir='ltr'><strong>quidem</strong></span> 
     </span>
     <span class='ocr_line' id='line_1_55' title="bbox 124 5213 1782 5291; baseline -0.002 -13"><span class='ocrx_word' id='word_1_754' title='bbox 124 5223 204 5281; x_wconf 88' lang='lat' dir='ltr'><strong>claris</strong></span> <span class='ocrx_word' id='word_1_755' title='bbox 219 5223 393 5282; x_wconf 88' lang='lat' dir='ltr'><strong>luminaribus</strong></span> <span class='ocrx_word' id='word_1_756' title='bbox 423 5219 776 5282; x_wconf 71' lang='lat' dir='ltr'><strong>omersfidaeriutetleetu.</strong></span> <span class='ocrx_word' id='word_1_757' title='bbox 801 5221 848 5280; x_wconf 86' lang='lat' dir='ltr'><strong>Ori</strong></span> <span class='ocrx_word' id='word_1_758' title='bbox 875 5238 936 5279; x_wconf 93' lang='lat' dir='ltr'><strong>meo</strong></span> <span class='ocrx_word' id='word_1_759' title='bbox 988 5226 1091 5291; x_wconf 87' lang='lat' dir='ltr'><strong>patrem</strong></span> <span class='ocrx_word' id='word_1_760' title='bbox 1113 5231 1143 5271; x_wconf 74' lang='lat'><strong>⁸0</strong></span> <span class='ocrx_word' id='word_1_761' title='bbox 1157 5213 1261 5270; x_wconf 83' lang='lat' dir='ltr'><strong>exibuit</strong></span> <span class='ocrx_word' id='word_1_762' title='bbox 1284 5214 1358 5284; x_wconf 78' lang='lat' dir='ltr'><strong>mihi,</strong></span> <span class='ocrx_word' id='word_1_763' title='bbox 1384 5217 1499 5272; x_wconf 80' lang='lat' dir='ltr'><strong>sednon</strong></span> <span class='ocrx_word' id='word_1_764' title='bbox 1514 5231 1626 5289; x_wconf 83' lang='lat' dir='ltr'><strong>egome</strong></span> <span class='ocrx_word' id='word_1_765' title='bbox 1642 5216 1679 5271; x_wconf 85' lang='lat' dir='ltr'><strong>illi</strong></span> <span class='ocrx_word' id='word_1_766' title='bbox 1701 5215 1782 5272; x_wconf 76' lang='lat' dir='ltr'><strong>riciu-</strong></span> 
     </span>
     <span class='ocr_line' id='line_1_56' title="bbox 126 5302 1783 5386; baseline -0.005 -18"><span class='ocrx_word' id='word_1_767' title='bbox 126 5311 221 5383; x_wconf 84' lang='lat' dir='ltr'><strong>junxit</strong></span> <span class='ocrx_word' id='word_1_768' title='bbox 244 5327 331 5378; x_wconf 90' lang='lat' dir='ltr'><strong>sunm,</strong></span> <span class='ocrx_word' id='word_1_769' title='bbox 360 5319 388 5368; x_wconf 90' lang='lat' dir='ltr'><strong>et</strong></span> <span class='ocrx_word' id='word_1_770' title='bbox 410 5318 519 5368; x_wconf 89' lang='lat' dir='ltr'><strong>mortuo</strong></span> <span class='ocrx_word' id='word_1_771' title='bbox 545 5312 654 5386; x_wconf 85' lang='lat' dir='ltr'><strong>signum</strong></span> <span class='ocrx_word' id='word_1_772' title='bbox 678 5311 752 5383; x_wconf 89' lang='lat' dir='ltr'><strong>pacis</strong></span> <span class='ocrx_word' id='word_1_773' title='bbox 790 5311 927 5384; x_wconf 89' lang='lat' dir='ltr'><strong>impressit</strong></span> <span class='ocrx_word' id='word_1_774' title='bbox 989 5305 1044 5360; x_wconf 88' lang='lat' dir='ltr'><strong>sim</strong></span> <span class='ocrx_word' id='word_1_775' title='bbox 1067 5303 1162 5361; x_wconf 89' lang='lat' dir='ltr'><strong>lilium.</strong></span> <span class='ocrx_word' id='word_1_776' title='bbox 1182 5303 1304 5372; x_wconf 79' lang='lat' dir='ltr'><strong>Queaem</strong></span> <span class='ocrx_word' id='word_1_777' title='bbox 1331 5302 1418 5361; x_wconf 78' lang='lat' dir='ltr'><strong>fronte</strong></span> <span class='ocrx_word' id='word_1_778' title='bbox 1445 5304 1539 5362; x_wconf 88' lang='lat' dir='ltr'><strong>attollo</strong></span> <span class='ocrx_word' id='word_1_779' title='bbox 1559 5307 1615 5375; x_wconf 86' lang='lat' dir='ltr'><strong>jam</strong></span> <span class='ocrx_word' id='word_1_780' title='bbox 1636 5305 1732 5361; x_wconf 89' lang='lat' dir='ltr'><strong>oeulos</strong></span> <span class='ocrx_word' id='word_1_781' title='bbox 1750 5307 1783 5360; x_wconf 90' lang='lat' dir='ltr'><strong>ad</strong></span> 
     </span>
     <span class='ocr_line' id='line_1_57' title="bbox 128 5392 1786 5475; baseline -0.005 -18"><span class='ocrx_word' id='word_1_782' title='bbox 128 5400 425 5475; x_wconf 81' lang='lat' dir='ltr'><strong>quoniemcumudboc</strong></span> <span class='ocrx_word' id='word_1_783' title='bbox 443 5408 598 5472; x_wconf 84' lang='lat' dir='ltr'><strong>peccatores</strong></span> <span class='ocrx_word' id='word_1_784' title='bbox 613 5415 747 5466; x_wconf 71' lang='lat' dir='ltr'><strong>ememus,</strong></span> <span class='ocrx_word' id='word_1_785' title='bbox 774 5400 936 5459; x_wconf 88' lang='lat' dir='ltr'><strong>reconcilie-</strong></span> <span class='ocrx_word' id='word_1_786' title='bbox 991 5393 1093 5451; x_wconf 87' lang='lat' dir='ltr'><strong>vultum</strong></span> <span class='ocrx_word' id='word_1_787' title='bbox 1118 5393 1206 5465; x_wconf 88' lang='lat' dir='ltr'><strong>petris</strong></span> <span class='ocrx_word' id='word_1_788' title='bbox 1225 5401 1277 5448; x_wconf 89' lang='lat' dir='ltr'><strong>tam</strong></span> <span class='ocrx_word' id='word_1_789' title='bbox 1300 5392 1375 5464; x_wconf 91' lang='lat' dir='ltr'><strong>beni,</strong></span> <span class='ocrx_word' id='word_1_790' title='bbox 1403 5400 1454 5449; x_wconf 88' lang='lat' dir='ltr'><strong>tem</strong></span> <span class='ocrx_word' id='word_1_791' title='bbox 1477 5393 1563 5448; x_wconf 89' lang='lat' dir='ltr'><strong>malus</strong></span> <span class='ocrx_word' id='word_1_792' title='bbox 1587 5393 1679 5450; x_wconf 86' lang='lat' dir='ltr'><strong>fliius‘i</strong></span> <span class='ocrx_word' id='word_1_793' title='bbox 1701 5394 1786 5450; x_wconf 86' lang='lat' dir='ltr'><strong>Pudet</strong></span> 
     </span>
     <span class='ocr_line' id='line_1_58' title="bbox 127 5481 1786 5563; baseline 0.004 -16"><span class='ocrx_word' id='word_1_794' title='bbox 127 5491 165 5548; x_wconf 91' lang='lat' dir='ltr'><strong>vit</strong></span> <span class='ocrx_word' id='word_1_795' title='bbox 198 5505 249 5547; x_wconf 88' lang='lat' dir='ltr'><strong>nos</strong></span> <span class='ocrx_word' id='word_1_796' title='bbox 281 5494 349 5555; x_wconf 87' lang='lat' dir='ltr'><strong>Dec,</strong></span> <span class='ocrx_word' id='word_1_797' title='bbox 375 5489 487 5562; x_wconf 82' lang='lat' dir='ltr'><strong>justitia</strong></span> <span class='ocrx_word' id='word_1_798' title='bbox 521 5496 653 5546; x_wconf 90' lang='lat' dir='ltr'><strong>mortuos.</strong></span> <span class='ocrx_word' id='word_1_799' title='bbox 669 5489 708 5545; x_wconf 88' lang='lat' dir='ltr'><strong>Os</strong></span> <span class='ocrx_word' id='word_1_800' title='bbox 730 5489 773 5547; x_wconf 94' lang='lat' dir='ltr'><strong>ori</strong></span> <span class='ocrx_word' id='word_1_801' title='bbox 797 5491 937 5563; x_wconf 78' lang='lat' dir='ltr'><strong>applicuit·</strong></span> <span class='ocrx_word' id='word_1_802' title='bbox 992 5482 1103 5555; x_wconf 66' lang='lat' dir='ltr'><strong>indigno</strong></span> <span class='ocrx_word' id='word_1_803' title='bbox 1130 5482 1248 5556; x_wconf 51' lang='lat' dir='ltr'><strong>gemisse</strong></span> <span class='ocrx_word' id='word_1_804' title='bbox 1274 5495 1375 5556; x_wconf 63' lang='lat' dir='ltr'><strong>genere</strong></span> <span class='ocrx_word' id='word_1_805' title='bbox 1397 5496 1468 5551; x_wconf 70' lang='lat' dir='ltr'><strong>1¹¹⁰⁰r</strong></span> <span class='ocrx_word' id='word_1_806' title='bbox 1495 5481 1579 5554; x_wconf 85' lang='lat' dir='ltr'><strong>pudet</strong></span> <span class='ocrx_word' id='word_1_807' title='bbox 1605 5488 1680 5538; x_wconf 61' lang='grc' dir='ltr'><strong>ῑθΰῑθ</strong></span> <span class='ocrx_word' id='word_1_808' title='bbox 1711 5489 1786 5553; x_wconf 54' lang='grc' dir='ltr'><strong>ΡΒιω</strong></span> 
     </span>
     <span class='ocr_line' id='line_1_59' title="bbox 127 5570 1787 5652; baseline -0.005 -18"><span class='ocrx_word' id='word_1_809' title='bbox 127 5578 223 5636; x_wconf 88' lang='lat' dir='ltr'><strong>iterato</strong></span> <span class='ocrx_word' id='word_1_810' title='bbox 238 5578 374 5650; x_wconf 86' lang='lat' dir='ltr'><strong>inspirans</strong></span> <span class='ocrx_word' id='word_1_811' title='bbox 397 5579 424 5634; x_wconf 92' lang='lat' dir='ltr'><strong>in</strong></span> <span class='ocrx_word' id='word_1_812' title='bbox 452 5577 548 5634; x_wconf 79' lang='lat' dir='ltr'><strong>taciem</strong></span> <span class='ocrx_word' id='word_1_813' title='bbox 572 5593 659 5634; x_wconf 86' lang='lat' dir='ltr'><strong>meam</strong></span> <span class='ocrx_word' id='word_1_814' title='bbox 697 5579 859 5650; x_wconf 83' lang='lat' dir='ltr'><strong>spiraculum</strong></span> <span class='ocrx_word' id='word_1_815' title='bbox 876 5580 940 5638; x_wconf 73' lang='lat' dir='ltr'><strong>aitae</strong></span> <span class='ocrx_word' id='word_1_816' title='bbox 992 5570 1092 5628; x_wconf 87' lang='lat' dir='ltr'><strong>vixisse</strong></span> <span class='ocrx_word' id='word_1_817' title='bbox 1113 5573 1285 5642; x_wconf 89' lang='lat' dir='ltr'><strong>degenerem.</strong></span> <span class='ocrx_word' id='word_1_818' title='bbox 1307 5571 1401 5652; x_wconf 77' lang='lat' dir='ltr'><strong>Exitus</strong></span> <span class='ocrx_word' id='word_1_819' title='bbox 1421 5585 1552 5642; x_wconf 84' lang='lat' dir='ltr'><strong>aquarum</strong></span> <span class='ocrx_word' id='word_1_820' title='bbox 1567 5570 1701 5642; x_wconf 87' lang='lat' dir='ltr'><strong>deducite,</strong></span> <span class='ocrx_word' id='word_1_821' title='bbox 1716 5571 1787 5628; x_wconf 88' lang='lat' dir='ltr'><strong>oculi</strong></span> 
     </span>
     <span class='ocr_line' id='line_1_60' title="bbox 125 5658 1787 5742; baseline 0.002 -29"><span class='ocrx_word' id='word_1_822' title='bbox 125 5669 173 5726; x_wconf 59' lang='lat' dir='ltr'><strong>,gd</strong></span> <span class='ocrx_word' id='word_1_823' title='bbox 187 5668 420 5742; x_wconf 63' lang='lat' dir='ltr'><strong>gancfiofisqngm</strong></span> <span class='ocrx_word' id='word_1_824' title='bbox 435 5667 533 5740; x_wconf 70' lang='lat' dir='ltr'><strong>primo,</strong></span> <span class='ocrx_word' id='word_1_825' title='bbox 562 5667 632 5724; x_wconf 74' lang='lat' dir='ltr'><strong>Nam</strong></span> <span class='ocrx_word' id='word_1_826' title='bbox 666 5666 755 5741; x_wconf 72' lang='lat' dir='ltr'><strong>primo</strong></span> <span class='ocrx_word' id='word_1_827' title='bbox 788 5667 897 5740; x_wconf 73' lang='lat' dir='ltr'><strong>quidem</strong></span> <span class='ocrx_word' id='word_1_828' title='bbox 911 5668 941 5725; x_wconf 76' lang='lat' dir='ltr'><strong>in</strong></span> <span class='ocrx_word' id='word_1_829' title='bbox 996 5659 1064 5728; x_wconf 86' lang='lat' dir='ltr'><strong>mei;</strong></span> <span class='ocrx_word' id='word_1_830' title='bbox 1080 5660 1181 5731; x_wconf 91' lang='lat' dir='ltr'><strong>operiat</strong></span> <span class='ocrx_word' id='word_1_831' title='bbox 1198 5659 1322 5718; x_wconf 82' lang='lat' dir='ltr'><strong>conlusio</strong></span> <span class='ocrx_word' id='word_1_832' title='bbox 1344 5658 1440 5716; x_wconf 82' lang='lat' dir='ltr'><strong>taciem</strong></span> <span class='ocrx_word' id='word_1_833' title='bbox 1454 5675 1550 5726; x_wconf 89' lang='lat' dir='ltr'><strong>meam,</strong></span> <span class='ocrx_word' id='word_1_834' title='bbox 1575 5659 1680 5716; x_wconf 76' lang='lat' dir='ltr'><strong>vositum</strong></span> <span class='ocrx_word' id='word_1_835' title='bbox 1698 5675 1787 5720; x_wconf 88' lang='lat' dir='ltr'><strong>meum</strong></span> 
     </span>
    </p>
   </div>
   <div class='ocr_carea' id='block_1_3' title="bbox 0 0 2074 6340">
    <p class='ocr_par' dir='ltr' id='par_1_3' title="bbox 0 0 2074 6340">
     <span class='ocr_line' id='line_1_61' title="bbox 0 0 2074 6340; baseline 0 0"><span class='ocrx_word' id='word_1_836' title='bbox 0 0 2074 6340; x_wconf 95' lang='lat' dir='ltr'><strong> </strong></span> 
     </span>
    </p>
   </div>
  </div>
 </body>
</html>
