4118 6346
324 411 378 466 3⁰3

791 395 819 451 S.
835 389 1013 449 annuntiat
1024 393 1165 452 abbans
1178 391 1515 454 atnam-vattausls

1948 397 1989 451 tot

327 541 355 590 et
379 530 528 585 animarum
556 530 722 586 sanctarum,
761 526 788 574 ct
815 517 965 573 coelestium
997 516 1125 572 virtutum
1141 532 1165 610 Α
1180 518 1343 576 humilitatis.
1366 517 1473 586 Quanto
1487 514 1573 571 tm
1590 515 1783 589 putasgaurbo
1811 513 1987 586 replerentu-

326 614 480 686 triumphali
503 627 604 685 pompa
632 609 765 664 deductus
797 606 830 660 ad
857 606 973 668 Patrem,
1002 604 1081 659 sedet
1109 621 1148 676 a·

323 706 427 762 dextris
440 702 503 758 Dei.
518 701 598 756 Nunc
613 715 678 754 vero
692 695 849 765 adimplevit
864 691 954 747 omnia
966 693 1029 762 quia
1045 701 1125 748 natus

324 805 365 850 est
375 794 452 848 inter
462 788 598 852 homines,
611 801 673 842 cum
687 783 841 841 bominibus
852 795 949 852 passus
964 784 1125 836 etmortuus

323 884 358 938 ab
373 879 529 936 hominibus
548 885 576 932 et
600 890 650 947 pro
672 871 828 929 hominibus
842 885 936 942 passus
956 877 983 924 et
1004 877 1124 923 mortuus

324 979 377 1038 est,
404 966 563 1031 resurrexit,
589 961 722 1026 ascendit,
750 959 828 1016 sedet
847 960 881 1012 atl
896 957 1037 1012 dexteram
1063 956 1122 1011 Dei.

325 1062 453 1134 Agnosco
479 1055 596 1110 tunicam
622 1053 741 1121 desuper
769 1055 923 1104 contextam
950 1062 999 1116 per
1027 1053 1123 1108 totum,

325 1163 408 1219 quam
430 1159 547 1216 superna
570 1141 615 1196 illa
643 1138 746 1194 mansio
778 1136 894 1192 clandit:
920 1135 965 1190 ubi
989 1133 1124 1204 adimple-

325 1243 368 1290 tus
386 1242 439 1298 est,
454 1241 481 1288 et
495 1229 648 1302 adimplevit
667 1227 738 1282 omia
750 1224 882 1281 Dominus
896 1224 974 1277 lesus
989 1222 1120 1276 Christus

360 1327 387 1379 d.
405 1325 598 1380 Verumtamen
610 1316 674 1390 quid
690 1316 755 1370 milri
770 1323 797 1368 ct
811 1312 1028 1368 solemnitatibus
1042 1307 1122 1366 istis?

323 1413 390 1482 Quis
413 1427 458 1466 me
481 1407 675 1476 consolabitur,
699 1403 814 1461 Domine
834 1403 909 1466 lesu,
934 1401 996 1472 quia
1021 1408 1047 1454 tc
1068 1414 1123 1453 non

322 1499 379 1556 vidi
398 1501 426 1555 in
452 1515 532 1555 cruce
552 1511 725 1570 suspensum,
742 1493 829 1565 plagis
856 1491 976 1558 lividum,
992 1489 1123 1559 pallidum

322 1595 426 1658 mortc;
451 1587 581 1660 quianon
596 1602 655 1640 sum
671 1581 800 1644 cmeifixo
820 1594 987 1650 compassus,
1003 1579 1122 1633 obseou-

324 1688 366 1734 tus
387 1684 504 1744 mortuo,
532 1683 559 1731 ut
578 1674 675 1729 saltem
689 1669 815 1740 lacrymis
838 1666 906 1722 meis
917 1665 976 1722 loca
1004 1665 1048 1720 illa
1062 1666 1122 1720 vul-

323 1783 420 1823 nerum
434 1765 600 1821 delinirent
614 1759 757 1832 Quomodo
778 1773 822 1812 mo
837 1753 1005 1827 dereliquisti
1019 1754 1122 1809 insalu-

1180 608 1270 664 omnia
1283 623 1345 663 ossa
1364 621 1435 670 mea,
1449 605 1472 658 si
1487 605 1513 658 id
1527 604 1597 661 scire
1611 605 1814 680 contingeret?
1832 604 1899 659 Sed
1911 621 1975 659 nesi.

1180 698 1271 763 bomo,
1298 703 1388 751 utrum
1407 694 1441 748 sit
1464 693 1563 768 dignus
1590 709 1692 763 amore,
1720 711 1755 750 an
1783 693 1857 750 odio
1891 695 1969 762 (arr-2

1179 803 1220 851 tx,
1238 786 1273 856 l).
1395 851 1399 860 ι

1215 878 1241 929 b.
1267 876 1427 945 Propterea,
1441 871 1622 940 dilectissimi,
1641 880 1826 944 perseverate
1852 871 1886 926 in
1916 873 1978 926 da.-

1178 961 1251 1033 plina
1269 977 1350 1033 quam
1364 961 1532 1031 suscepistis,
1548 967 1578 1015 ut
1592 977 1642 1032 per
1652 961 1837 1018 bumilitatem
1854 960 1897 1014 ad
1912 976 1978 1014 snat-

1177 1050 1300 1107 mitatem
1315 1049 1482 1120 ascendatis;
1497 1050 1560 1122 quia
1574 1050 1631 1105 haec
1644 1057 1686 1107 est
1696 1051 1749 1118 via,
1761 1058 1792 1106 et
1808 1065 1873 1106 non
1891 1051 1966 1105 estat

1178 1146 1279 1210 praeter
1301 1139 1400 1211 ipsam.
1427 1139 1476 1206 Qut
1492 1138 1572 1193 aliter
1585 1138 1669 1206 vadit,
1685 1139 1757 1194 cadit
1780 1139 1886 1210 potius
1912 1157 1973 1210 qur.

1178 1229 1313 1295 ascendit;
1341 1227 1406 1300 quia
1419 1227 1477 1283 sola
1492 1234 1535 1282 cst
1550 1226 1684 1281 humilitas
1698 1243 1759 1298 qnae
1782 1227 1909 1292 exaltat,
1933 1234 1973 1282 sat-

1178 1334 1242 1387 quae
1257 1317 1329 1372 ducit
1344 1316 1378 1372 ad
1389 1316 1481 1373 vitam.
1493 1315 1615 1372 Christus
1630 1316 1702 1371 enim
1717 1332 1779 1372 cunr
1789 1333 1848 1387 per
1863 1327 1972 1372 naturas

1177 1405 1323 1462 divinitatis
1337 1420 1392 1461 non
1407 1404 1584 1474 haberetque
1599 1412 1737 1460 cresceret
1746 1405 1789 1462 vel
1806 1405 1970 1462 ascenderet

1177 1493 1239 1564 quia
1259 1493 1328 1548 ultra
1342 1491 1503 1548 Deumnibil
1518 1497 1573 1555 est;
1592 1507 1642 1563 per
1661 1492 1831 1549 descensum
1847 1499 1967 1566 quomctr

1177 1589 1315 1637 cresceret
1329 1580 1441 1647 invenit,
1459 1579 1573 1636 veniens
1593 1579 1737 1648 incarnari,
1759 1582 1833 1654 pati,
1855 1583 1935 1640 mori.
1949 1603 1968 1638 a

1177 1685 1347 1725 moreremur
1356 1669 1384 1723 in
1392 1676 1524 1725 aeternum
1537 1687 1543 1725 ε
1559 1670 1756 1742 propterquod
1765 1670 1847 1728 Deus
1858 1673 1969 1727 exalter:

1177 1758 1260 1824 illum,
1278 1759 1339 1829 quia
1355 1757 1514 1820 resurrexit,
1529 1757 1660 1826 ascendit,
1678 1759 1756 1816 sedet
1770 1775 1786 1812 a
1802 1759 1915 1815 dextris
1928 1761 1969 1816 lle..

323 1853 635 1912 tatumcumlormosus
662 1849 689 1902 iu
709 1849 779 1902 stola
795 1854 841 1900 tua
856 1860 903 1899 rex
918 1844 1012 1915 gloriae
1027 1843 1054 1897 in
1069 1843 1264 1920 altassllade
1295 1855 1321 1901 et
1338 1854 1365 1900 ιιι
1390 1846 1431 1901 lac
1454 1846 1588 1902 similiter.
1611 1847 1707 1920 Neque
1730 1849 1805 1904 enim
1833 1852 1969 1905 aseetrdee¹

323 1945 455 1999 cmlorum
481 1951 506 1996 te
522 1938 675 2008 recepisti‘.l
698 1937 810 1990 Prorsus
834 1932 969 1988 renuisset
989 1930 1123 1986 consulari

324 2033 416 2088 anima
445 2046 514 2097 mea,
536 2028 647 2083 nisime
672 2024 760 2096 axxgcli
784 2024 814 2077 in
838 2037 905 2078 voce
938 2018 1124 2075 exsultationis

325 2120 533 2194 praevenissent,
550 2119 595 2190 qui
611 2116 755 2171 dixeruut:
777 2113 832 2170 Viri
850 2111 973 2175 ttutttoei,
990 2109 1056 2182 quid
1069 2113 1124 2165 stc-

326 2213 364 2269 tt's
378 2210 548 2283 uspicientes
559 2208 589 2259 ia
604 2203 729 2260 celtum?
744 2204 791 2258 llic
806 2198 944 2271 tesasqui
957 2201 1124 2268 assumptus

326 2305 369 2357 est
382 2317 400 2354 ιι
414 2297 487 2353 cobis
503 2298 533 2350 ia
548 2294 661 2359 relatu,
671 2293 711 2347 sie
725 2291 829 2356 vertiet,
842 2285 1123 2361 qraerrtndatodumvt·

324 2387 395 2442 disti
418 2401 483 2440 cam
497 2387 613 2438 euntem
634 2383 664 2434 t'a
679 2379 780 2434 coelum
794 2375 866 2446 (Act.
884 2390 903 2436 ι,
930 2373 985 2443 ll).
1007 2371 1061 2437 Sic,
1077 2373 1122 2424 in-

325 2481 430 2552 quiunt,
454 2477 557 2533 veniet.
584 2479 690 2547 liugane
704 2471 797 2527 veniet
820 2484 944 2540 quaerere
963 2466 1056 2521 nosin
1079 2465 1124 2520 illa

324 2579 379 2625 tam
403 2562 534 2638 singulari
560 2578 640 2633 quam
669 2556 817 2615 universali
844 2555 1033 2627 processione,
1061 2571 1122 2610 eum

323 2653 543 2728 praecedentibus
571 2647 697 2706 omnibus
717 2646 821 2718 angelis
845 2653 872 2700 et
893 2642 1123 2713 subsequentibus

322 2743 478 2801 hominibus
507 2737 653 2808 universis,
679 2734 829 2790 descendet
849 2731 971 2802 judicare
995 2732 1072 2786 vivos
1096 2741 1124 2788 et

323 2830 469 2888 mortuos‘l
485 2825 584 2882 Procul
598 2823 679 2880 dubio
695 2821 786 2878 veniet
796 2838 802 2880 ;
813 2820 862 2875 scd
876 2819 1012 2890 quomodo
1026 2835 1123 2874 ascen-

324 2919 374 2983 dit,
395 2932 451 2972 non
479 2913 615 2987 quomodo
641 2917 704 2965 aute
732 2907 885 2963 descendit.
911 2905 1024 2961 llumilis
1049 2907 1123 2961 enim

324 3005 401 3077 prius
423 3003 498 3060 venit
520 2999 623 3055 animas
638 2998 757 3061 salvare;
783 2993 904 3050 sublimis
919 3001 1008 3049 autem
1032 2995 1124 3050 veniet

324 3095 441 3150 cadaver
467 3090 539 3146 istud
563 3088 735 3150 resuscitare,
760 3091 787 3140 et
814 3082 984 3153 conligurare
1016 3083 1122 3154 corpori

1177 1944 1266 2004 potes
1281 1934 1333 1988 nisi
1347 1933 1540 2002 descenderis;
1565 1933 1629 2004 quia
1643 1943 1674 1990 ut
1688 1945 1792 1990 aterna
1808 1937 1877 2010 lege
1904 1937 1967 1992 tinne·

1179 2030 1238 2078 est:
1257 2021 1353 2078 Omnis
1369 2024 1418 2094 qai
1431 2040 1460 2081 sc
1475 2023 1598 2088 caditat,
1615 2022 1838 2091 comitiatum,-
1854 2030 1883 2081 ct
1899 2032 1959 2098 quir

1179 2110 1326 2172 tramittunt,
1338 2109 1599 2180 r.ccltcltittrr(tuc.
1612 2125 1672 2176 xxv,
1685 2111 1739 2181 ll).
1755 2112 1780 2166 0
1795 2115 1969 2182 perversitati

1178 2214 1195 2255 o
1209 2198 1302 2254 abusio
1317 2197 1432 2254 filiorum
1452 2198 1557 2253 Adaml
1582 2197 1644 2270 quia
1664 2215 1724 2254 cum
1739 2201 1899 2256 ascendere
1915 2203 1969 2255 diti-

1178 2286 1304 2341 eillimum
1319 2286 1364 2353 sit,
1385 2285 1554 2342 descendere
1578 2293 1667 2341 autem
1687 2284 1867 2355 facillimum
1883 2289 1931 2359 ipsi
1951 2302 1968 2342 ex

1178 2373 1274 2429 leviter
1297 2374 1459 2442 ascendunt,
1475 2381 1501 2430 el
1526 2374 1664 2430 difficilius
1686 2373 1875 2442 descendunt,
1900 2393 1967 2447 para·

1178 2461 1212 2514 ad
1232 2463 1350 2517 bonores
1374 2469 1400 2517 et
1429 2462 1603 2518 celsitudines
1625 2461 1758 2537 gradumn
1783 2461 1967 2518 ecclesiastic>

1178 2567 1247 2620 rum,
1276 2550 1343 2622 ipsis
1367 2551 1449 2604 etiam
1480 2551 1611 2624 angelicis
1632 2550 1753 2606 humeris
1781 2550 1965 2608 formidandas

1178 2640 1219 2694 Ad
1243 2639 1413 2710 sequendum
1441 2647 1531 2694 autem
1551 2647 1588 2710 te,
1608 2638 1723 2696 Domine
1743 2641 1824 2707 lesu,
1842 2641 1889 2698 vix
1911 2642 1965 2696 inre

1178 2728 1297 2800 niuutur,
1310 2728 1355 2800 qui
1377 2727 1420 2784 vel
1436 2729 1505 2783 trabi
1520 2729 1669 2799 patiuntur,
1684 2730 1730 2800 qui
1752 2729 1845 2785 velint
1861 2729 1923 2786 duci
1933 2749 1964 2801 pr·

1177 2816 1249 2872 viam
1262 2817 1452 2871 mandatorum
1468 2823 1585 2873 tuorum.
1602 2816 1654 2872 dlii
1668 2816 1741 2872 enim
1757 2819 1921 2884 trabuntur,
1933 2838 1962 2890 qr

1177 2910 1291 2975 possunt
1313 2905 1425 2962 dicere:
1445 2907 1530 2962 Prelic
1547 2923 1592 2962 me
1613 2912 1729 2979 postte.
1754 2906 1812 2962 Alii
1836 2908 1963 2964 ducanux

1177 2992 1224 3064 qui
1238 2993 1345 3050 dicunt:
1363 2995 1677 3052 Introduxitmcrexia
1687 2996 1813 3052 cellaria
1825 3013 1882 3053 sua
1892 3000 1964 3066 (tart.

1178 3096 1197 3148 r,
1223 3085 1261 3152 3).
1286 3082 1338 3137 ulit
1353 3083 1504 3156 rapiuntur,
1518 3084 1587 3140 sicut
1609 3084 1755 3155 Apostolus
1770 3091 1875 3155 raptus
1891 3087 1964 3142 estad

324 3181 455 3240 claritatis
470 3195 536 3245 suae,
563 3186 593 3231 ut
607 3172 749 3231 infirmiori
765 3171 825 3227 lruic
846 3170 955 3226 vasculo
979 3171 1121 3226 abundan-
1139 3142 1161 3220 c
1178 3169 1285 3225 tertium
1308 3170 1414 3227 caelum.
1431 3172 1465 3226 Et
1481 3173 1560 3242 primi
1575 3172 1685 3244 quidem
1701 3173 1805 3241 felices,
1828 3175 1878 3247 qui
1898 3174 1923 3229 in
1933 3190 1964 3245 pr.
1996 3215 1997 3218 ,

324 3272 420 3328 tiorem
445 3266 602 3339 impendere
625 3263 749 3320 videatur
777 3262 919 3315 honorem.
947 3260 1023 3315 Tunc
1050 3259 1121 3314 enim
1177 3257 1685 3333 tientiasuapossidentanimassuas3
1702 3261 1820 3317 secundi
1835 3261 1963 3318 feliciores.
1996 3283 1997 3344 ι

324 3358 458 3416 videbitur
486 3371 546 3412 cum
568 3357 705 3424 potestate
727 3365 826 3420 magna
850 3357 879 3403 et
901 3348 1054 3417 majestate,
1077 3348 1121 3419 qui
1176 3346 1239 3417 quia
1253 3362 1286 3402 ex
1310 3347 1449 3404 voluntate
1463 3364 1512 3402 sua
1527 3346 1690 3404 confitentur
1710 3347 1752 3416 ei;
1774 3351 1854 3405 tertii
1884 3349 1965 3405 leticie

323 3447 399 3520 prius
418 3445 445 3499 in
456 3441 612 3498 infirmitate
636 3435 726 3495 camis
740 3436 865 3490 latuerat.
885 3433 1013 3488 intuebor
1028 3443 1055 3488 et
1069 3447 1121 3504 ego
1176 3434 1246 3500 simi,
1272 3436 1360 3507 quiin
1384 3435 1595 3507 profundissima
1613 3436 1662 3490 Dei
1677 3436 1881 3503 misericordia,
1906 3438 1963 3508 quai

323 3553 396 3592 eum.
421 3532 538 3588 sednon
554 3530 652 3596 modo;
671 3527 768 3582 videbo
792 3541 864 3588 eum,
881 3524 928 3578 sed
945 3539 1000 3578 non
1016 3538 1119 3593 prope:
1176 3522 1376 3592 quodammodo
1400 3524 1505 3595 sepulta
1519 3525 1575 3594 jam
1599 3523 1702 3578 arbitrii
1722 3524 1762 3579 sui
1778 3534 1927 3594 potestate,
1947 3527 1964 3578 52

323 3624 361 3676 ita
383 3629 414 3674 ut
427 3621 486 3674 baec
505 3617 625 3672 secunda
649 3613 807 3688 glorificatio
829 3612 913 3684 priori
933 3610 1121 3682 glorificationi
1175 3610 1283 3668 divitias
1295 3611 1389 3682 gloriae
1403 3612 1431 3667 in
1445 3613 1541 3683 spiritu
1555 3613 1660 3668 ardoris
1684 3612 1841 3682 rapiuntur,
1858 3619 1964 3670 nesam

326 3716 438 3779 propter
447 3704 626 3760 excellentem
640 3701 754 3774 gloriam
770 3700 913 3754 manifeste
927 3700 1082 3770 praeluceat.
1176 3705 1218 3754 tes
1234 3699 1328 3756 sivein
1340 3715 1466 3772 corpore,
1478 3701 1622 3757 siveextra
1635 3703 1785 3772 corpustll
1795 3703 1863 3759 Cor.
1877 3720 1923 3762 xn.
1935 3708 1963 3761 tt

361 3801 387 3851 5.
425 3790 720 3862 luterim'manipulus
758 3788 934 3860 primitiarum
967 3796 1119 3842 nostrarum
1175 3788 1227 3843 hoc
1252 3788 1340 3844 solum
1367 3789 1498 3860 scientes,
1520 3790 1593 3863 quod
1622 3791 1690 3861 rapti
1714 3790 1779 3847 sint.
1804 3791 1909 3848 Beatus
1933 3810 1963 3862 qn

324 3879 679 3948 Cltristrrsoblatusest‚ad
695 3879 836 3934 dexteram
852 3876 1119 3946 Patrisassumptns‚
1174 3876 1276 3949 ubique
1306 3886 1332 3933 te
1360 3879 1456 3934 ducem
1471 3877 1564 3946 babet,
1582 3877 1696 3934 Domine
1710 3879 1786 3947 lesu,
1819 3895 1878 3936 non
1908 3882 1963 3934 illus

323 3981 351 4030 et
364 3973 465 4030 assistit
479 3987 550 4028 nuuc
568 3969 651 4027 vultui
672 3968 722 4024 Dei
736 3983 786 4040 pro
808 3967 896 4023 nobit.
914 3967 998 4021 Sedet
1017 3973 1119 4030 autem,
1175 3966 1297 4037 refugam
1322 3965 1455 4037 spiritum,
1480 3967 1526 4037 qui
1546 3967 1635 4022 statim
1665 3968 1818 4024 ascendere
1843 3971 1964 4029 voluitrt

318 4065 423 4120 babens
443 4064 468 4118 in
484 4062 597 4118 dextera
614 4057 839 4124 misericordiam,
864 4056 890 4109 in
915 4055 1024 4110 sinistra
1046 4054 1120 4124 judi·
1175 4061 1231 4110 tota
1254 4053 1403 4110 divinitatis
1435 4055 1549 4110 dextera
1573 4071 1716 4127 percussus
1731 4064 1783 4113 est.
1801 4057 1862 4112 Nos
1891 4070 1964 4113 auten

317 4154 403 4218 cinm3
434 4159 462 4206 et
473 4148 687 4205 misericordiam
702 4146 812 4200 multam
833 4143 928 4216 nimis,
944 4149 971 4198 et
988 4143 1117 4212 judicium
1174 4142 1289 4214 populus
1319 4150 1389 4208 tuus,
1419 4151 1446 4198 et
1469 4158 1535 4201 oves
1549 4159 1658 4216 pascuae
1681 4151 1743 4214 tuac,
1765 4161 1918 4217 sequamur
1939 4157 1964 4205 u.

317 4247 431 4292 muttum
460 4236 556 4302 nimis;
577 4239 604 4291 iu
615 4235 847 4306 dexteraequam,
863 4231 889 4284 in
905 4231 1013 4285 sinistra
1027 4231 1119 4302 ignem
1173 4249 1224 4303 per
1243 4239 1281 4298 te,
1297 4232 1329 4286 ad
1347 4242 1388 4304 te3
1405 4233 1468 4304 quia
1488 4239 1516 4288 tu
1535 4249 1566 4289 es
1580 4235 1632 4300 via,
1649 4234 1750 4290 veritas
1766 4245 1794 4290 et
1808 4235 1866 4291 vita
1887 4240 1956 4303 titan

318 4324 495 4381 immobiliter
519 4335 626 4393 teneus.
644 4324 676 4376 lit
698 4321 809 4394 quidem
824 4319 1010 4376 corroboravit
1038 4318 1120 4374 mise·
1174 4335 1233 4386 xxv,
1250 4321 1296 4390 613
1312 4321 1352 4377 via
1368 4321 1395 4376 in
1410 4321 1545 4394 exemplo,
1565 4323 1665 4378 veritas
1680 4323 1707 4377 ia
1721 4324 1872 4395 promisso,
1884 4326 1964 4380 vitain

319 4413 460 4472 ricordiam
486 4427 569 4484 super
585 4411 710 4466 timentes
723 4426 754 4465 se
777 4407 926 4465 secundum
949 4407 1118 4463 altitudinem
1134 4442 1157 4518 u
1174 4409 1296 4480 praemio,
1314 4409 1403 4465 Verba
1414 4410 1487 4465 enim
1502 4420 1615 4466 aeternae
1629 4413 1692 4467 vitae
1703 4413 1801 4481 habes,
1816 4423 1848 4470 et
1863 4431 1916 4470 uos
1931 4431 1964 4470 ra

316 4507 378 4564 rxeli
400 4520 415 4558 a
431 4515 504 4558 terra
519 4502 607 4572 (Paul.
623 4514 670 4564 cu,
688 4503 714 4568 8,
735 4499 787 4563 lli,
813 4505 842 4552 ut
864 4499 982 4566 majores
996 4495 1117 4552 cumulos
1172 4498 1330 4568 gnoscimus
1345 4507 1372 4553 ct
1386 4499 1595 4570 eruditusque
1608 4487 1636 4556 iu
1652 4517 1682 4555 es
1694 4499 1820 4556 Christus
1837 4501 1959 4558 Filiuslls

316 4593 519 4652 miserationum
536 4591 644 4648 Domini
663 4591 792 4654 sentiant,
807 4576 888 4661 quam
904 4588 939 4642 sit
953 4587 1033 4658 spatii
1046 4587 1118 4643 inter
1172 4586 1225 4642 vivi
1240 4588 1330 4658 (loca.
1347 4603 1384 4654 ιιι,
1400 4591 1444 4642 te.
1461 4587 1516 4660 70),
1528 4588 1574 4659 qui
1588 4605 1619 4645 es
1632 4605 1714 4660 super
1728 4589 1822 4645 omnia
1839 4591 1916 4647 Deus
1930 4593 1963 4644 lr-
1995 4585 1996 4620 ³

315 4685 412 4740 omium
441 4693 469 4740 et
497 4692 607 4740 terram.
631 4679 804 4752 Propositum
819 4691 936 4749 namque
961 4679 1011 4733 Dei
1034 4694 1117 4749 super
1172 4674 1297 4731 nedictus
1316 4675 1344 4729 in
1358 4674 1467 4733 saecula.
1484 4677 1580 4732 Amen.

312 4775 374 4829 illos
398 4781 490 4830 manet
515 4771 671 4828 immobile:
694 4777 721 4826 et
735 4767 921 4824 misericordia
937 4767 995 4823 ltaec
1020 4766 1114 4840 [aliua
1481 4765 1595 4821 SElllllO
1611 4767 1656 4822 lll.

316 4863 432 4934 llominil
457 4863 491 4916 ab
506 4869 609 4917 aeterno
629 4867 656 4916 et
679 4859 806 4931 usquein
827 4863 960 4912 aeternum
983 4872 1066 4926 super
1082 4856 1114 4910 ti·
1382 4856 1418 4909 be
1439 4855 1585 4912 intellecta
1607 4857 1773 4927 erassem.

317 4959 423 5004 mentes
445 4967 524 5019 eum;
544 4951 578 5004 ab
594 4957 698 5004 aeterno
721 4963 771 5018 per
785 4945 1068 5017 praedestinationem,
1086 4947 1113 5002 ιιι
1207 4946 1232 4998 l.
1249 4940 1334 4997 llodio
1347 4941 1477 4997 emiorum
1493 4943 1624 4998 Dominus
1638 4943 1768 5000 coelorum
1797 4943 1858 5000 alta
1873 4946 1960 5002 caelest

315 5049 448 5093 ‹cternum
464 5055 512 5109 per
522 5037 755 5110 gloriticationexu.
767 5035 897 5091 Similiter
907 5041 935 5090 et
949 5034 977 5089 irx
989 5038 1113 5108 reprobis
1169 5030 1293 5102 potentia
1308 5030 1471 5100 penetravit,
1487 5039 1515 5086 et
1535 5029 1641 5086 infirma
1655 5032 1744 5087 carnis
1767 5041 1904 5105 tanquam
1926 5051 1963 5087 nu-

313 5127 442 5184 terribilis
467 5137 604 5198 estsuper
621 5126 689 5182 tilios
705 5125 854 5192 bominum,
873 5133 900 5180 ct
919 5125 1045 5196 utrinque
1061 5134 1112 5179 stat
1168 5119 1220 5174 bila
1240 5120 1365 5191 quretlam
1380 5119 1530 5184 excutiens,
1550 5119 1638 5175 induit
1661 5120 1760 5176 stolam
1782 5121 1897 5190 gloriae.
1914 5123 1964 5179 Ele·

314 5217 364 5274 fixa
379 5217 517 5276 sententia
527 5217 696 5284 aeternitatis,
712 5224 740 5272 rt
755 5217 782 5272 in
797 5217 838 5270 bis
853 5214 899 5286 qai
916 5213 981 5271 salvi
997 5213 1073 5280 stunt,
1087 5227 1112 5272 et
1167 5214 1244 5264 vatus
1259 5216 1300 5262 cst
1315 5207 1360 5263 Sol
1376 5206 1403 5260 in
1419 5214 1479 5263 ortu
1495 5222 1554 5273 suo,
1571 5207 1682 5263 incaluit
1703 5215 1731 5264 et
1746 5209 1868 5267 invaluit
1882 5230 1890 5278 ;
1915 5211 1966 5266 ab·

310 5307 339 5360 in
357 5307 402 5361 bis
426 5306 472 5379 qui
488 5313 615 5377 pereunt.
642 5307 706 5375 Quis
731 5305 781 5359 seit
800 5305 823 5359 si
834 5303 954 5359 omnium
978 5311 1110 5373 vestrum,
1167 5297 1233 5352 tavit
1255 5305 1281 5351 et
1297 5294 1483 5366 multiplicavit
1499 5295 1589 5352 radios
1603 5313 1688 5368 super
1708 5307 1827 5365 terram,
1866 5317 1920 5355 nec
1938 5309 1965 5352 es:

311 5398 382 5465 quod
405 5395 449 5452 bic
464 5395 554 5461 video,
581 5395 691 5452 nomina
719 5395 820 5466 scripta
845 5399 907 5449 suut
922 5393 950 5448 in
965 5393 1053 5459 coelis,
1082 5402 1110 5448 et
1164 5384 1211 5454 (tui
1226 5401 1256 5440 se
1271 5384 1451 5440 abscondam
1470 5384 1561 5440 calore
1580 5386 1651 5455 eius.
1672 5383 1763 5439 Rediit
1776 5387 1814 5440 ad
1830 5389 1965 5462 regiones

311 5481 339 5536 in
352 5483 421 5540 libro
436 5485 684 5555 praedestinationis
702 5481 849 5538 adnotata?
862 5480 1020 5537 vocationis
1034 5482 1108 5536 enim
1164 5481 1305 5553 sapientire
1320 5481 1450 5553 Sapienta
1465 5481 1525 5548 Dei,
1544 5481 1591 5536 ubi
1607 5495 1703 5537 omnes
1720 5480 1827 5538 bonum
1846 5493 1878 5541 et
1899 5483 1966 5540 intel-

311 5577 340 5625 et
356 5572 553 5639 justificationis
567 5583 664 5631 vestrm
678 5571 769 5645 aliqua
783 5572 863 5645 sigua
880 5569 945 5624 nxihi
960 5568 1055 5626 videor
1069 5570 1108 5626 iri·
1162 5570 1248 5644 ligant
1276 5574 1304 5625 ct
1330 5569 1483 5640 requirunt,
1507 5569 1649 5627 intellectu
1678 5569 1916 5642 pespiracissimi,
1942 5572 1967 5624 ιιι·

309 5659 382 5722 tucri
398 5661 424 5715 in
440 5663 657 5718 'conversatione
681 5663 760 5736 liujus
775 5658 858 5732 [alias
873 5658 989 5714 additur
1012 5660 1105 5732 tanta]
1160 5659 1233 5714 lectu
1261 5659 1423 5731 paratissimi
1440 5659 1474 5714 ad
1498 5659 1660 5716 audiendam
1683 5673 1779 5716 vocem
1815 5675 1967 5720 sex-mortua
