4086 6344
298 376 352 438 939
760 365 789 426 S.
809 363 1137 428 stillationibus
1157 367 1480 430 'utiam-tatttttsls
1887 369 1943 430 940

294 499 338 559 vel
361 493 498 556 stomacho
511 499 601 550 nocet.
621 489 747 550 Proiecto
761 491 946 564 unnsquisque
972 490 1046 564 qnod
1073 502 1223 588 anquam
1238 493 1376 566 superilna
1397 492 1600 566 queritantem
1615 495 1664 546 aut
1685 499 1760 550 carte
1779 507 1824 551 rna
1839 493 1942 552 dorum

293 603 342 647 suu
357 585 486 658 magistro
499 579 600 649 didicit,
621 581 674 638 boo
688 580 715 634 in
735 580 852 638 medium
876 577 990 652 profert.
1015 579 1088 636 Num
1142 587 1266 653 manns,
1279 582 1327 654 qui
1350 596 1404 638 non
1428 579 1581 654 perquiram
1602 579 1688 638 vieini
1710 587 1756 638 tuo
1777 582 1942 641 miii.

292 675 321 730 iu
334 671 481 748 Evangelio
495 668 587 743 legisti
602 669 651 724 lias
663 665 843 737 differentias,
859 673 906 723 siit
920 666 948 721 in
967 668 1086 739 propbe-
1140 670 1251 726 Frustra
1272 671 1323 728 sibi
1338 671 1447 742 quidam
1469 669 1647 727 blandiuntur
1660 668 1694 726 de
1713 670 1837 744 aucupto
1851 671 1940 738 Pauli,

291 761 339 830 tis,
354 771 401 819 aut
413 760 442 816 in
460 759 557 816 litteris
570 755 774 831 apostolomm?
784 756 853 812 Caro
872 764 899 812 et
913 754 1023 828 sanquis
1037 769 1086 826 pro
1139 759 1272 814 hortantis
1285 758 1447 832 discipulum
1467 774 1520 816 uon
1537 757 1629 814 bibere
1646 773 1754 830 aquam,
1768 759 1816 816 aad
1831 761 1941 820 modico

291 859 367 909 carto
382 847 510 908 revelavit
523 846 572 904 tibi
596 848 664 902 lianc
692 842 861 918 sapientiam,
893 858 947 900 uon
974 842 1087 916 spiritus
1140 845 1943 922 ntiuinopropierstomocbumetfreqoealeasuaslripir·

290 939 391 1008 Patris;
406 944 447 996 est
461 937 533 994 enini
544 933 634 994 caruis
648 935 707 990 bec
721 932 862 1005 sapientia.
878 932 931 989 Sed
945 935 1008 990 andi
1020 931 1085 1005 qnid
1139 935 1258 993 miletae
1267 937 1292 1004 (l
1303 937 1370 994 lim.
1385 952 1410 1004 v,
1422 937 1480 1006 23).
1490 933 1543 1004 Qui
1558 934 1696 992 attendere
1708 935 1808 992 debent
1822 935 1942 1007 primuni

289 1027 325 1086 de
338 1029 398 1102 ipsa
413 1027 499 1084 nostri
512 1023 611 1082 medici
624 1023 750 1081 sentiant.
775 1023 930 1098 Sapientia,
945 1021 1084 1094 inquiunt,
1140 1021 1252 1095 qnidam
1266 1023 1426 1095 Apostolum
1445 1021 1556 1080 minime
1570 1023 1622 1079 sibi
1635 1023 1687 1095 ipsi
1707 1039 1766 1080 rein
1784 1024 1944 1083 istiusmodi

290 1121 389 1177 cornia
402 1133 478 1175 mori
490 1113 800 1187 cateitem:Sopiartiio
809 1113 906 1169 corais
915 1112 1084 1170 inimicasset
1138 1112 1261 1177 suadere,
1281 1110 1330 1168 sed
1343 1125 1395 1168 neo
1417 1109 1576 1181 discipulum
1600 1125 1680 1184 aeque
1707 1125 1855 1183 exposcat
1874 1113 1943 1170 sibi.

289 1210 344 1266 Deo
367 1209 457 1279 (liora.
471 1219 531 1260 viii.
547 1202 622 1273 d,'ll.
641 1202 712 1258 Num
736 1201 906 1273 Hippocratis
927 1199 1083 1256 seulialeui
1138 1196 1243 1255 Deinde
1269 1215 1324 1256 non
1351 1199 1482 1256 monacho
1500 1200 1554 1256 boc
1576 1198 1703 1263 intimari,
1727 1199 1775 1256 soi
1794 1201 1943 1274 episcope,

289 1294 461 1360 sententiam,
475 1302 522 1350 aut
535 1291 650 1349 certede
663 1290 759 1348 sebola
779 1290 886 1362 Epicuri
914 1289 996 1346 debui
1019 1305 1084 1359 pro-
1138 1290 1218 1360 cnjus
1240 1288 1295 1347 vita
1318 1298 1417 1346 tenere
1439 1288 1568 1346 adhucet
1590 1287 1710 1346 nascenti
1728 1289 1861 1348 Ecclesiae
1873 1305 1943 1364 per·

287 1401 389 1460 ponere
402 1381 497 1439 robisl
516 1379 616 1438 Christi
627 1395 687 1435 snm
701 1378 866 1451 discipulum
879 1377 979 1436 Christi
994 1376 1078 1434 disci·
1139 1377 1291 1436 necessaria
1314 1386 1397 1434 esset.
1416 1376 1574 1435 Timotheus
1601 1376 1645 1433 bic
1663 1387 1731 1435 erat.
1746 1377 1785 1435 Da
1807 1377 1878 1435 inibi
1896 1381 1941 1436 al-

289 1473 363 1548 pnlis
375 1473 473 1545 loquor
489 1488 495 1528 :
514 1485 566 1544 eqo
589 1467 801 1541 siperegrinum
825 1468 923 1543 dogma
941 1467 1082 1534 induxero,
1138 1471 1229 1522 teiam
1251 1466 1444 1539 Timotheum
1460 1476 1489 1523 et
1507 1480 1558 1539 eqo
1580 1465 1641 1523 cibo
1656 1478 1729 1536 eum,
1744 1465 1768 1524 si
1786 1466 1840 1535 ris,
1855 1467 1941 1525 otiam

289 1563 350 1635 ipse
364 1560 483 1634 peccavi.
498 1557 631 1630 Epicurus
648 1563 729 1630 atque
752 1558 940 1630 lipppocrates
960 1557 1083 1628 corporis
1137 1570 1214 1622 anio,
1237 1562 1266 1614 et
1282 1565 1347 1628 poto
1367 1555 1499 1614 balsamo.
1520 1555 1658 1612 Caeterum
1678 1562 1706 1611 tu
1721 1555 1881 1630 tibimetipsi
1894 1558 1941 1614 di·

287 1650 543 1720 altervoluptatem,
557 1645 625 1702 alter
641 1647 741 1702 bonam
756 1645 942 1702 habitudinem
955 1643 1080 1717 praelert3
1136 1659 1262 1717 spensas,
1277 1645 1402 1702 misertus
1415 1647 1464 1702 tui.
1481 1643 1614 1717 Suspecta
1626 1652 1669 1701 eit
1682 1643 1765 1712 milii,
1780 1644 1878 1717 fateor,
1893 1655 1941 1703 tna

287 1753 366 1795 meas
379 1735 508 1810 Magister
519 1733 660 1808 utriusque
675 1731 713 1790 rei
735 1739 919 1804 contemptum
942 1732 1080 1805 praedicat.
1136 1731 1222 1802 ipsius
1245 1734 1274 1788 in
1301 1739 1327 1788 te
1350 1732 1531 1805 dispensatim
1549 1739 1576 1789 et
1598 1745 1695 1792 vereor
1722 1732 1772 1789 tibi
1789 1733 1869 1791 illudi
1886 1735 1940 1792 snb

286 1826 392 1882 Animae
406 1824 433 1880 iu
450 1839 566 1896 corpore
581 1823 676 1892 vitam,
699 1838 780 1896 quam
795 1837 903 1880 summo
918 1823 1006 1880 studio
1030 1822 1081 1879 iste
1099 1787 1121 1866 Β
1136 1821 1256 1892 tegmine
1269 1829 1296 1878 et
1316 1821 1425 1878 nomine
1451 1821 1623 1878 &credonis
1643 1821 1765 1878 acernis
1778 1823 1938 1895 prudentia.

288 1911 404 1971 1319
417 1913 489 1970 unde
502 1919 649 1977 sustentet,
659 1911 705 1967 ille
721 1910 792 1967 nude
806 1917 834 1968 et
848 1909 973 1980 delectet,
993 1910 1081 1985 inqui·
1134 1910 1164 1968 td
1180 1920 1206 1968 te
1218 1911 1313 1968 saltem
1328 1910 1388 1969 volo
1403 1909 1571 1968 admonitum
1588 1926 1658 1980 esse,
1674 1917 1704 1968 nt
1715 1937 1738 1966 s.
1756 1911 1805 1969 tibi
1820 1913 1859 1969 ita
1873 1929 1938 1971 ane-

285 2001 410 2074 ritatqne
422 2001 558 2072 inquirere
568 2002 656 2067 docet,
667 2000 790 2057 Salvator
804 2011 896 2058 uionet
913 2012 940 2058 et
955 2001 1079 2074 perdere.
1133 1999 1228 2055 toritas
1252 1998 1375 2071 Apostoli
1404 1999 1492 2073 placet
1518 1998 1554 2056 de
1577 1997 1697 2056 bibendo
1718 1998 1794 2067 vino,
1815 1999 1936 2065 medice,

324 2093 368 2146 ti.
389 2089 460 2160 Quid
474 2087 547 2146 enirn
560 2089 610 2144 tibi
623 2087 698 2145 alind
711 2088 745 2144 ds
760 2087 859 2145 Christi
874 2087 1009 2145 auditorio
1030 2104 1079 2146 so·
1132 2087 1207 2162 quod
1221 2089 1267 2146 ille
1280 2087 1413 2160 adiunxit,
1426 2103 1481 2144 oon
1493 2089 1694 2161 pretermittas.
1705 2085 1781 2145 Etde
1794 2089 1847 2146 boe
1859 2089 1935 2146 satia

286 2178 355 2244 nuit,
370 2193 432 2236 com
442 2177 523 2249 paulo
537 2184 599 2232 ante
612 2177 757 2234 clamatum
776 2183 819 2232 est
833 2194 840 2231 :
856 2178 908 2246 Qui
919 2182 999 2234 umot
1013 2180 1079 2234 aoi—
1134 2176 1189 2233 Sed
1202 2185 1370 2234 revertamur
1384 2177 1418 2234 ad
1441 2191 1586 2250 sponsam,
1601 2184 1628 2234 at
1642 2177 1778 2234 discamus
1791 2177 1828 2234 ab
1841 2193 1876 2234 ea
1894 2179 1936 2234 vi·

285 2281 363 2324 mom
377 2265 577 2340 recuperem
587 2265 664 2324 eonii
674 2265 766 2338 (loca.
780 2281 830 2332 iiii,
840 2267 897 2337 ab.)
907 2267 1009 2325 Perdet
1017 2281 1080 2322 eom
1132 2281 1200 2322 neas
1220 2265 1342 2338 proprias
1364 2283 1394 2323 se
1413 2264 1513 2324 utiliter
1526 2280 1581 2324 non
1602 2265 1741 2324 custodire
1756 2267 1846 2340 (tib),
1863 2283 1936 2340 prae·

283 2351 361 2424 dixit,
382 2355 441 2412 sive
463 2356 590 2426 ponendo
606 2361 638 2413 ut
661 2363 772 2429 martyr,
802 2356 858 2414 sive
880 2355 1025 2431 affligendo
1050 2365 1081 2414 ut
1134 2354 1226 2410 sertim
1253 2368 1303 2410 nos
1326 2353 1374 2423 qni
1397 2353 1523 2412 videmur
1546 2353 1667 2427 deputati
1688 2355 1819 2412 custodes
1845 2355 1877 2411 in
1902 2357 1936 2413 ri·

283 2445 431 2518 poenitens.
454 2445 611 2516 Quanquam
640 2459 727 2519 penus
754 2446 878 2518 martyrii
899 2453 949 2515 est,
983 2445 1080 2518 spiritu
1131 2443 1191 2499 neis
1203 2443 1297 2514 sponsi
1310 2441 1439 2500 Ecclesia
1455 2441 1520 2499 lesu
1538 2441 1638 2500 Christi
1654 2441 1764 2499 bomiri
1778 2449 1859 2500 nostr
1875 2445 1935 2516 ,qai

286 2532 358 2590 laeta
372 2533 461 2592 caruis
474 2535 654 2603 mortificem
674 2533 722 2591 illo
735 2534 872 2603 nimirum,
890 2551 944 2606 quo
958 2537 1080 2592 membra
1132 2541 1174 2589 est
1193 2532 1383 2604 superomnia
1405 2533 1477 2588 Deus
1491 2531 1650 2590 benedictus
1663 2531 1691 2589 in
1704 2531 1818 2590 aaecula.
1836 2533 1935 2590 anea.

283 2623 425 2680 cadorum
439 2619 522 2690 lerro,
538 2624 652 2680 borrora
666 2621 775 2694 quidem
785 2621 887 2691 mitius,
912 2623 959 2680 sed
971 2622 1079 2680 diutnr·
1416 2619 1532 2679 SEllllO
1558 2619 1662 2680 XXXl.

282 2711 368 2770 nitate
378 2711 530 2769 molestius.
540 2710 658 2769 Videsne
672 2713 723 2769 bac
736 2711 869 2770 septemb
884 2712 1006 2785 Magistri
1027 2713 1080 2770 mei
1133 2710 1172 2767 De
1185 2708 1357 2768 eccelleiitio
1370 2709 1474 2767 divim
1483 2711 1599 2770 visionis
1608 2730 1619 2780 ,·
1629 2711 1803 2786 eiquoeriodo
1814 2712 1848 2768 isa
1862 2727 1936 2780 pre-

283 2799 373 2859 eatnis
387 2799 549 2873 sapientiam
559 2799 745 2872 condemnari,
760 2815 810 2872 per
828 2816 909 2874 quani
928 2802 1022 2873 utique
1035 2812 1081 2857 aut
1167 2799 1244 2855 senti
1265 2800 1374 2856 incelis
1391 2799 1462 2856 ciria
1474 2803 1574 2872 pamiae
1592 2798 1697 2856 dimac
1708 2803 1876 2873 prieseettoe
1889 2817 1934 2859 oo·

282 2887 419 2948 inluxnoi
431 2889 577 2964 voluptatis
590 2887 732 2958 diilluitnr,
755 2898 800 2946 aut
813 2891 872 2963 ipsa
887 2905 996 2965 qnoque
1007 2890 1079 2947 bona
1168 2888 1274 2954 mutor,
1294 2903 1346 2960 pro
1359 2887 1450 2944 nomia
1464 2889 1572 2945 citime
1586 2887 1741 2948 aalma
1862 2947 1866 2956 ,

280 2977 407 3036 ualetudo
421 2978 545 3051 eorporis
563 2979 634 3035 ultra
662 2994 742 3051 quani
766 2987 891 3052 oporteat
920 2978 1079 3051 appetitur?
1170 2986 1194 3041 l.
1216 2982 1314 3041 lodice
1323 2983 1397 3042 mibi
1409 2999 1493 3058 quem
1506 2984 1599 3058 dilipit
1611 2988 1710 3044 naimo
1718 3003 1796 3054 meo,
1808 2985 1861 3044 abi
1875 3005 1935 3063 par-

281 3065 404 3140 Doniqnc
418 3065 493 3140 qnod
507 3081 571 3124 vera
583 3067 717 3138 sapientis
731 3066 758 3122 in
782 3068 938 3138 voluptates
963 3081 1017 3124 noo
1035 3065 1078 3124 ei·
1094 3065 1116 3148 Q
1132 3086 1190 3140 eoa,
1200 3070 1249 3128 abi
1257 3070 1341 3130 rubea
1353 3073 1513 3130 inmerentia
1526 3075 1620 3144 (Ceut.
1632 3091 1651 3140 i,
1660 3075 1699 3149 d).
1711 3075 1934 3135 Studiosismea-
2022 3127 2023 3130 ,

281 3153 355 3222 duat,
365 3154 466 3213 audisti
476 3154 596 3228 proiecto
610 3171 627 3210 a
640 3153 779 3229 sapiente,
790 3170 824 3210 ne
837 3154 953 3211 inveniri
968 3155 1079 3229 quidem
1133 3159 1206 3216 tibus
1219 3157 1339 3215 Verbum
1350 3175 1467 3231 sponsus
1480 3159 1595 3220 188⁰
1609 3161 1767 3236 frequenter
1775 3175 1901 3238 apparet,
1910 3177 1934 3224 et
2022 3141 2023 3169 ¹

280 3243 476 3303 haneicierrc
489 3245 616 3302 neuter
624 3242 945 3316 uiuentium(lobiiiiu,
957 3243 1015 3316 ts).
1026 3243 1078 3313 Qui
1132 3262 1188 3304 non
1198 3247 1248 3304 suh
1262 3261 1316 3305 uua
1326 3249 1428 3320 specie.
1439 3248 1511 3320 Quid
1520 3249 1714 3310 itatProiecto
1723 3253 1853 3326 quoniam
1870 3267 1933 3312 nori·
2021 3271 2022 3280 ¹

279 3341 369 3391 autem
383 3331 494 3405 invenit,
509 3331 575 3392 dicit
590 3349 598 3390 i
614 3333 706 3408 Super
718 3332 995 3392 satutemetomaem
1009 3332 1078 3406 pol·
1132 3338 1197 3394 dnm
1218 3337 1327 3396 videtur
1345 3339 1435 3398 sicuti
1452 3344 1505 3397 eit.
1522 3341 1625 3414 Nempe
1651 3340 1696 3400 illa
1710 3343 1779 3400 visio
1795 3349 1859 3412 stat,
1874 3343 1933 3418 quii

279 3422 471 3482 claritudinem
480 3421 569 3482 ditari
576 3421 950 3496 sapientiem(Sop.vii,t0).
958 3421 986 3478 si
996 3437 1079 3493 super
1133 3424 1218 3485 iorma
1236 3435 1290 3485 stat
1313 3442 1375 3502 quie
1396 3436 1462 3485 tune
1479 3427 1604 3504 videtur;
1618 3440 1660 3490 est
1672 3431 1746 3489 enim
1759 3447 1767 3490 τ
1781 3447 1833 3490 nee
1853 3433 1932 3491 ullam

279 3512 392 3568 salntem
405 3518 433 3566 ct
446 3510 684 3581 pulchritudinem,
699 3517 799 3583 quanto
814 3509 902 3586 magis
915 3526 1000 3583 snper
1026 3525 1077 3568 vo·
1132 3517 1203 3590 capit
1227 3533 1261 3574 ex
1286 3533 1320 3574 eo
1343 3519 1417 3590 quod
1438 3527 1490 3587 est,
1515 3517 1575 3586 init,
1595 3521 1636 3576 vel
1661 3521 1723 3592 erit,
1745 3521 1931 3580 mutationem.

279 3600 410 3671 luptateni
428 3607 456 3655 et
469 3597 769 3670 turpitudinemiQnid
784 3614 849 3656 vero
865 3599 975 3673 prodest
1005 3609 1077 3656 teni-
1131 3603 1208 3661 'l'olle
1227 3620 1326 3676 nernps
1342 3622 1350 3661 ι
1366 3605 1427 3662 Fuit
1445 3616 1472 3664 et
1494 3607 1572 3680 Erit3
1588 3607 1661 3666 unde
1675 3609 1735 3680 J'am
1749 3610 1932 3668 mommio

279 3686 604 3759 perareavoluptatibus,
621 3695 648 3742 et
661 3685 857 3760 investigandis
875 3687 1079 3749 diversitatibus
1132 3701 1178 3750 aut
1192 3693 1386 3752 vicissitudinis
1403 3694 1598 3756 obumbratio?
1617 3700 1653 3754 tt
1670 3697 1801 3771 quidquid
1820 3697 1932 3756 veniens

243 3907 244 3910 .
279 3864 462 3938 qnotidianam
487 3866 640 3938 expandere
659 3866 772 3923 curami
792 3865 951 3942 Legumina,
979 3869 1075 3940 inquit,
1132 3873 1272 3930 tmositum
1293 3887 1358 3930 sane
1381 3874 1461 3930 babet
1475 3889 1525 3946 pei·
1539 3875 1598 3944 Est,
1613 3875 1661 3932 sed
1680 3875 1795 3933 omnino
1809 3891 1867 3934 aoii
1882 3885 1931 3934 est.
2015 3929 2016 3936 ,

279 3962 396 4011 rentoss
413 3961 485 4019 sunt,
500 3967 595 4011 caseus
609 3957 778 4014 stomachum
790 3961 894 4028 gravat,
924 3957 968 4014 lac
996 3959 1077 4031 capiti
1131 3961 1198 4018 Nam
1213 3961 1353 4034 quomodo
1366 3969 1419 4030 est,
1434 3963 1506 4038 qnod
1531 3979 1671 4038 nunqnam
1693 3963 1721 4020 in
1735 3963 1834 4022 amem
1861 3975 1931 4022 stati
2014 4019 2015 4044 ,

278 4049 369 4109 nocet,
385 4051 477 4114 potnni
491 4055 571 4113 aquae
589 4057 645 4100 non
659 4045 774 4102 sustinet
788 4052 894 4118 peetus,
920 4046 1013 4102 caules
1026 4062 1077 4104 nii·
1131 4050 1291 4123 permanet?
1306 4050 1400 4108 Solum
1419 4051 1533 4124 proinde
1546 4067 1611 4112 vere
1625 4061 1676 4120 est,
1692 4054 1764 4128 quod
1779 4069 1829 4111 nec
1843 4071 1861 4110 a
1874 4053 1933 4112 sui

277 4129 362 4187 triunt
388 4129 605 4201 melancholiam,
638 4132 774 4188 choleram
809 4134 882 4205 porri
914 4134 1076 4202 accendunt,
1133 4138 1359 4209 preciditur,nec
1373 4140 1476 4196 ablirit
1490 4142 1675 4218 exponatur,-
1690 4141 1839 4201 sedsolnm
1854 4151 1933 4218 atque

277 4219 367 4292 pisces
381 4220 415 4276 de
438 4227 534 4292 stagno
556 4226 602 4275 ant
620 4218 654 4276 de
678 4221 767 4302 lutosa
786 4237 856 4293 aqna
881 4236 949 4278 meae
970 4223 1078 4296 penitus
1131 4225 1344 4302 inexpugnabile
1367 4236 1489 4286 remanet
1506 4230 1532 4287 ei
1553 4231 1656 4305 Est,ct
1676 4238 1764 4288 manet
1784 4231 1865 4306 quod
1884 4243 1930 4289 est.
2011 4277 2012 4280 ι

278 4306 465 4381 complexioni
481 4321 535 4363 noo
560 4315 726 4380 congruunt.
743 4307 831 4378 Quale
850 4317 892 4366 est
915 4311 978 4378 boc,
1001 4320 1031 4368 nt
1050 4313 1078 4369 in
1093 4343 1117 4424 n
1131 4315 1189 4374 Nec
1203 4315 1256 4372 init
1278 4331 1344 4374 sane
1368 4318 1436 4375 tollit
1459 4317 1499 4375 illi
1520 4336 1582 4378 esse
1611 4321 1645 4378 ab
1670 4329 1791 4390 etcum
1806 4335 1862 4378 nec
1881 4319 1932 4376 lliit

278 4395 344 4454 totis
366 4394 465 4462 liuviis,
486 4394 571 4468 agris,
596 4395 693 4462 bortis,
722 4395 872 4455 cellariisve
891 4399 1001 4470 reperiri
1029 4399 1073 4460 via
1096 4427 1099 4434 ·
1130 4419 1203 4472 esse,
1228 4406 1255 4462 in
1278 4413 1409 4464 aeternnm
1437 4423 1492 4466 :ac
1518 4425 1569 4481 per
1592 4411 1645 4468 hoe
1667 4409 1720 4466 sibi
1744 4409 1867 4467 vindicat
1890 4425 1933 4466 va·

279 4481 452 4558 possitquod
465 4480 612 4540 comedas?
1132 4509 1194 4550 runi
1217 4493 1245 4549 id
1269 4502 1311 4552 est
1337 4497 1493 4570 increabile,
1516 4498 1737 4566 interminabile,
1764 4497 1932 4556 invariabile.

316 4571 445 4627 taenia
464 4576 499 4636 te,
516 4583 620 4641 queso,
637 4572 884 4643 monachumesse,
914 4589 968 4632 non
986 4577 1076 4634 medi·
1131 4583 1198 4640 Cum
1214 4582 1298 4656 igitur
1311 4583 1370 4656 ipse
1385 4585 1430 4656 qni
1453 4585 1493 4642 sie
1507 4595 1560 4656 est,
1575 4587 1630 4644 imo
1644 4587 1690 4661 qui
1705 4601 1761 4645 uon
1775 4587 1819 4644 sie
1834 4588 1932 4646 auts'r
2008 4613 2009 4616 ¹

280 4673 358 4727 cum;
374 4671 425 4713 nec
438 4655 473 4714 de
487 4657 675 4728 complexione
686 4657 874 4731 judicandum,
899 4661 947 4718 sed
963 4664 997 4720 de
1012 4681 1077 4736 pro·
1131 4678 1182 4739 est,
1197 4671 1304 4728 videtur
1323 4673 1403 4730 sicuti
1426 4681 1467 4731 est
1480 4691 1487 4745 ς
1502 4683 1564 4746 stat,
1578 4682 1608 4732 ut
1627 4675 1695 4740 diii,
1709 4675 1757 4732 illa
1772 4677 1860 4744 visio,
1875 4679 1932 4750 quii

280 4744 410 4802 fassione·
425 4746 518 4813 Parve,
534 4747 658 4812 obtecti),
673 4745 1077 4824 primumquidemqnietitue,
1131 4762 1203 4818 nulla
1232 4777 1292 4818 eani
1321 4763 1464 4836 interpolat
1489 4764 1657 4822 vicissitudo.
1680 4763 1713 4822 iti
1741 4773 1809 4823 tune
1835 4767 1881 4824 ille
1900 4767 1931 4822 de
2007 4751 2008 4810 l

278 4832 466 4906 paroedeinde
480 4833 568 4892 labori
583 4835 807 4904 ministrantium,
823 4853 906 4910 parco
929 4842 1078 4914 gravamini
1131 4849 1281 4925 Evangelio
1304 4868 1377 4909 unns
1400 4853 1541 4925 omnibus,
1556 4854 1604 4926 qui
1624 4853 1664 4911 sic
1687 4854 1793 4922 vident,
1809 4857 1932 4913 denariis

281 4922 389 4989 d⁰¹¹¹¹1⁸=
413 4937 492 4993 lme
505 4923 688 4982 wmieflfiffl·
715 4925 893 4984 (3οῺδᾶθῦὓὲ
921 4929 994 4996 dico,
1024 4947 1078 4988 non
1132 4937 1378 5010 redditur(liattli.
1395 4958 1442 5009 xx,
1462 4943 1490 5016 9)
1505 4943 1532 4999 in
1553 4959 1607 5000 nna
1620 4943 1712 5016 specie
1726 4959 1789 5016 quie
1809 4943 1928 5003 oilertiir.

282 5021 347 5080 ine,
363 5011 410 5067 aad
426 5009 553 5077 alterium
573 5012 648 5070 itlius
662 5012 795 5082 videlicet,
810 5016 952 5089 quipropc
971 5019 1078 5090 sedena
1132 5027 1201 5084 Num
1215 5035 1242 5084 ei
1264 5031 1335 5102 quod
1350 5039 1474 5104 apparet,
1492 5042 1522 5089 ui
1541 5031 1699 5090 invariabile
1720 5031 1750 5090 in
1770 5047 1803 5090 se
1826 5043 1881 5106 est,
1900 5035 1931 5088 iu

281 5104 310 5158 et
323 5100 407 5156 edens
420 5101 492 5172 qnod
507 5099 560 5156 sibi
573 5102 729 5176 apponitur,
743 5105 779 5162 de
789 5113 835 5162 tuo
853 5106 985 5180 singulari
1006 5111 1078 5180 iain-
1132 5115 1324 5176 invariabiliter
1344 5118 1511 5178 intuentibus
1525 5129 1696 5193 presideat,
1715 5131 1744 5178 et
1762 5121 1868 5195 quilius
1885 5139 1930 5194 ap-

281 5189 328 5247 nio
342 5195 501 5246 murmurat.
517 5189 647 5248 &andalo
661 5193 762 5266 quippe
775 5204 817 5252 ast
831 5195 912 5255 eiant
926 5205 970 5254 tua
986 5199 1081 5257 odioso
1134 5215 1220 5277 paret,
1234 5207 1271 5262 nil
1291 5207 1382 5264 videre
1407 5209 1619 5268 desiderabilius
1634 5211 1745 5280 volunt,
1758 5210 1801 5268 nil
1822 5221 1930 5288 pozimt

281 5278 509 5351 supersittionis
527 5279 637 5349 duritia,
653 5297 733 5355 quani
748 5281 818 5342 forte
833 5291 910 5357 putat
929 5285 1010 5359 illius,
1031 5288 1078 5363 qni
1134 5291 1326 5352 delectabilius.
1345 5297 1460 5368 Quando
1473 5313 1539 5374 ergo
1553 5299 1599 5356 illa
1612 5299 1657 5356 vol
1674 5297 1796 5358 fastidiet
1810 5301 1928 5364 ariifitaa

282 5367 331 5424 tibi
344 5367 592 5440 babetproridere.
610 5369 821 5443 Soandalimtur,
838 5373 957 5447 inquam,
980 5375 1007 5430 in
1031 5384 1079 5433 tus
1132 5383 1177 5440 vel
1199 5399 1229 5441 se
1244 5384 1383 5444 subtrahet
1397 5387 1525 5458 suavitas,
1540 5387 1582 5445 iel
1600 5387 1738 5446 fraudabit
1759 5389 1878 5456 veritas,
1893 5389 1928 5444 iel

283 5456 468 5533 singularitate
481 5456 566 5515 irater
579 5457 707 5529 jndiouns
724 5464 753 5517 te
771 5463 1000 5535 superstitiosum,
1020 5473 1080 5522 tao-
1133 5470 1241 5530 deliciet
1263 5473 1419 5532 aeternitas?
1434 5474 1550 5546 Quodsi
1573 5478 1601 5535 iu
1625 5485 1758 5536 aurnum
1778 5478 1930 5538 extendar

314 5569 390 5650 (aab)
409 5569 504 5635 idest,
522 5573 557 5626 ad
575 5575 714 5656 propriam
740 5575 801 5645 ejus
824 5575 976 5635 utilitatem.
1003 5579 1050 5637 Sic
1072 5589 1176 5642 veteres
1193 5585 1289 5659 scripti
1298 5598 1326 5646 et
1335 5589 1400 5645 editi
1421 5590 1501 5664 primi
1517 5610 1524 5650 :
1540 5591 1665 5651 domtus
1686 5601 1714 5650 et
1729 5593 1780 5650 alii
1801 5595 1930 5670 proprias

281 5641 397 5696 utiliter
406 5655 456 5700 aaa
469 5641 624 5700 custodire.
