3950 6350
69 392 116 444 20)

590 381 626 438 lN
641 381 737 438 asta.
761 383 817 451 Qlll
834 381 984 442 ΗΑΒῙΤΑΤ
996 381 1115 440 satiato
1126 383 1187 440 Vll.

1657 391 1710 448 2⁰2

12 563 13 570 ,
66 510 158 568 renuis
171 509 275 586 gloria,
289 511 399 567 Patrem
408 505 528 580 potentis
541 505 636 582 gratiae
650 509 742 577 (oreo.
756 503 859 578 leriait,
877 521 902 601 Α
917 507 1119 565 sinilitudinem
1134 505 1251 579 aliquam
1264 509 1447 579 jumentorum
1461 511 1712 572 bominieommeu·

12 589 14 684 ,
65 602 102 657 od
115 600 258 673 leudes.);
273 599 316 655 cui
331 607 359 656 et
371 599 399 653 in
414 595 517 669 psalmo
530 595 670 652 canimus:
690 595 760 664 Qcio
773 597 860 652 misc-
916 595 993 666 dari3
1009 594 1058 649 sed
1077 593 1157 665 plane
1172 609 1227 650 uon
1242 609 1302 650 eam
1321 613 1381 668 quae
1403 597 1429 652 in
1449 615 1504 656 non
1521 601 1710 679 intelligendo,

12 741 13 762 ,
67 689 219 747 ricordicm
233 685 355 746 elffii!
366 685 617 756 aroritetonodilipii
634 687 717 750 boas,
737 686 862 756 gratiam

12 827 14 864 l

12 769 14 776 '
67 784 94 834 et
103 779 224 850 glorium
234 777 311 834 dubit
325 775 460 834 Dominus
473 776 557 844 (Psoi.
574 787 695 838 txxxm,
705 773 759 844 ta).
773 772 861 829 Virili-

12 931 13 942 *
66 875 108 921 ter
117 881 184 938 ergo
194 865 325 922 sustineat
335 863 362 920 in
372 864 423 919 hoe
432 861 529 919 saeculo
540 861 626 933 pietas
635 861 861 926 colluctationem,

11 1007 14 1050 l

11 1099 13 1140 l

68 962 96 1010 et
117 953 334 1026 persecutionem
354 951 503 1025 quamlibet
529 950 715 1025 aequanimiter
733 949 860 1022 patiatur.

67 1041 168 1111 Quidni
196 1041 302 1097 tolleret
323 1039 423 1108 omnia,
445 1055 506 1112 quae
525 1039 559 1094 ad
580 1039 670 1094 omnia
693 1037 774 1107 valet,
794 1053 861 1109 pro-

66 1129 222 1185 missionem
236 1127 340 1184 habens
355 1129 415 1199 ejus
428 1126 501 1196 vitae,
517 1143 578 1198 quae
592 1143 665 1182 nune
679 1134 730 1198 est,
746 1131 774 1182 et
788 1125 862 1181 lutu-
887 1151 904 1174 κ

11 1283 12 1294 ¹
67 1218 126 1273 rae?
154 1219 300 1291 Repugnat
323 1216 429 1272 fortiter
447 1215 628 1288 impugnanti:
650 1215 713 1287 quia
733 1224 762 1271 et
781 1230 863 1286 repu-

66 1307 163 1382 gnanti
176 1314 363 1379 propugnator
376 1305 465 1361 aderit
476 1303 638 1372 indefessus,
648 1311 676 1360 et
692 1301 865 1375 triumphanti

917 688 944 737 et
967 681 1139 753 insipientia,
1162 683 1212 738 sed
1235 683 1372 753 patientiae
1398 685 1548 746 imitatione
1570 693 1710 750 consistat.

915 771 1011 842 Neque
1026 770 1098 826 enim
1112 771 1300 827 succensentis
1309 771 1443 840 similiter,
1452 776 1501 831 sed
1511 793 1545 832 ne
1557 779 1712 856 plangentis
1793 847 1795 854 ,

916 859 1026 932 quidem
1040 859 1178 916 videretur
1195 875 1259 926 vox,
1279 860 1302 915 si
1324 859 1452 920 dixisset:
1475 865 1561 922 Homo
1582 883 1642 924 cum
1661 871 1712 929 sub

916 961 1001 1003 onere
1028 949 1078 1004 Dei
1105 956 1189 1016 esset,
1218 964 1272 1004 nou
1298 950 1494 1020 recalcitravit;
1510 955 1540 1008 ut
1560 955 1711 1025 iumentum

917 1035 1003 1093 iactus
1023 1043 1065 1094 est
1084 1039 1154 1110 apud
1179 1055 1252 1095 eum.
1277 1037 1344 1110 Quis
1368 1041 1440 1097 euim
1463 1057 1518 1098 non
1532 1042 1570 1098 illi
1590 1046 1714 1115 jumento

916 1124 1062 1195 plurimum
1077 1125 1219 1194 invideret,
1237 1128 1314 1198 eujtts
1333 1128 1360 1184 iu
1381 1129 1476 1185 humili
1495 1139 1573 1204 tergo
1588 1133 1622 1187 ad
1636 1147 1712 1190 com-

918 1213 1121 1271 mendationem
1134 1215 1280 1271 ineffabilis
1293 1231 1349 1272 suae
1362 1218 1577 1275 mansuetudinis
1587 1219 1714 1293 diguatus

918 1311 960 1360 est
983 1305 1080 1361 sedere
1110 1304 1241 1372 Salvator,
1275 1306 1298 1361 si
1329 1323 1392 1362 cum
1422 1307 1492 1364 illius
1525 1316 1579 1365 tam
1602 1309 1715 1384 pretiosi

11 1401 12 1408 ’
65 1410 124 1450 non
138 1394 227 1452 deerit
240 1393 408 1469 largissimus
425 1398 624 1450 remunerator.
648 1393 741 1464 Scato,
766 1391 864 1464 inquit,

66 1485 255 1542 circumdabit
272 1488 299 1541 tc
312 1485 416 1539 oenus
430 1485 503 1553 ejas.

918 1393 1011 1450 oneris
1024 1394 1176 1466 gestatione
1189 1394 1396 1470 intelligentiam
1409 1411 1517 1471 quoque
1530 1406 1586 1456 tam
1600 1399 1716 1474 singula·

919 1480 956 1536 ris
980 1483 1119 1540 habuisset
1142 1484 1273 1540 honoris?
1301 1485 1335 1540 Ut
1360 1488 1511 1556 jumentum
1534 1489 1617 1561 igitur
1643 1497 1714 1558 este,

104 1577 131 1628 a.
148 1568 307 1625 Necessaria
329 1567 409 1640 plane
437 1567 627 1638 insuperabilis
642 1568 774 1638 protectio
788 1569 865 1625 veri·
920 1569 1029 1626 minime
1058 1579 1148 1626 mmen
1170 1572 1336 1641 iumentum:
1361 1574 1497 1646 patienter
1509 1577 1619 1649 quidem
1632 1578 1715 1634 susti·

11 1643 12 1648 ¹
69 1659 132 1715 tatis
158 1673 214 1713 uon
237 1655 319 1713 modo
340 1656 449 1712 interim
464 1656 491 1710 in
515 1671 596 1711 carne
619 1655 740 1728 degenti,
766 1656 816 1712 sed
839 1663 866 1712 et
920 1673 988 1714 nens
1003 1673 1083 1726 onus,
1098 1659 1715 1738 sedhonoremintelligens;sapientcretde·

68 1749 242 1834 postmodum
257 1746 381 1802 exeunti:
398 1753 425 1801 et
440 1761 512 1800 nunc
527 1744 636 1817 quidem
650 1746 686 1800 oh
700 1743 867 1817 periculosos
918 1744 1078 1802 leetabiliter
1102 1747 1223 1820 cogitans
1248 1756 1303 1804 tam
1326 1749 1412 1822 ipsius
1436 1752 1528 1814 oneris
1548 1755 1717 1827 qualitatem,

67 1837 220 1902 conflictus,
245 1841 309 1891 tunc
322 1849 388 1892 rere
402 1834 438 1890 ob
458 1841 644 1890 monstruosos
659 1849 788 1891 occursus
806 1833 865 1905 spi·
882 1826 904 1903 B
921 1853 1001 1908 quam
1015 1837 1153 1908 propriam
1172 1837 1324 1895 utilitatem.

67 1927 167 1982 rituum
192 1923 383 1995 malignorum.
404 1923 508 1994 Nempe
524 1929 552 1978 et
575 1923 773 1980 sanctissimam
795 1923 866 1979 illam
956 1926 982 1982 i.
1006 1924 1119 1998 Magnus
1137 1925 1180 1982 ille
1196 1925 1326 2000 Ignatius,
1351 1929 1476 2002 discipuli
1490 1947 1572 2004 quem
1586 1933 1717 2008 diligebat

67 2013 179 2088 gloriosi
193 2012 299 2068 ldartini
314 2012 431 2067 animam
445 2010 529 2068 voluit
548 2026 611 2084 pars
625 2011 736 2068 inimica
755 2027 866 2078 nocere,
921 2013 998 2069 lesus
1025 2014 1140 2082 auditor,
1168 2023 1270 2088 martyr
1289 2023 1391 2085 nester,
1412 2021 1488 2090 cnjus
1506 2020 1633 2092 pretiosis
1651 2024 1716 2080 reli·

67 2112 95 2161 ct
109 2109 222 2160 cruenta
236 2101 321 2158 bestia
342 2099 433 2156 sciens
451 2099 525 2172 quod
540 2099 676 2157 modicum
688 2103 744 2173 jam
762 2109 868 2172 tempus
921 2101 992 2174 quiis
1006 2109 1099 2158 nostro
1112 2102 1192 2158 dilata
1208 2112 1250 2160 est
1266 2114 1424 2179 paupertas,
1443 2108 1555 2165 llariam
1572 2112 1716 2184 quamdam

67 2194 192 2258 haberet,
223 2197 279 2248 tota
300 2189 424 2264 prolecto
445 2189 550 2245 insania
566 2189 675 2246 malitiae
696 2189 869 2263 infatigabilis
920 2189 979 2264 (30)
993 2189 1019 2244 in
1035 2190 1158 2262 pluribus
1172 2207 1240 2265 quas
1254 2193 1289 2250 ad
1303 2209 1363 2250 eam
1378 2195 1485 2267 scripsit
1500 2197 1630 2270 epistolis,
1642 2201 1719 2258 chri-

67 2295 124 2337 nen
140 2289 182 2337 est
201 2279 290 2338 verita
306 2293 393 2350 prope
408 2279 537 2334 assistere
548 2279 573 2334 ei
587 2294 696 2350 quoque
706 2279 793 2351 inquo
804 2277 868 2333 nihil
923 2277 1044 2335 stileram
1058 2279 1217 2338 consalutat.
1236 2282 1367 2356 Egregius
1385 2285 1466 2356 plane
1486 2285 1579 2344 titulus
1597 2288 1717 2362 dignita-

67 2370 201 2426 habebat.
225 2370 283 2424 lmo
304 2383 370 2425 vero
394 2368 427 2423 ad
448 2367 535 2438 ipsum
555 2366 635 2422 etiam
657 2368 759 2439 Regem
777 2367 870 2441 gloriae
924 2366 968 2434 tis,
993 2377 1021 2424 et
1033 2369 1232 2426 commendatio
1255 2371 1365 2429 honoris
1387 2373 1521 2432 immensi.
1545 2379 1650 2450 Nempe
1675 2379 1720 2436 cui

66 2459 202 2515 accedere
217 2455 452 2530 impudentissima
473 2455 613 2512 temeritas
626 2455 670 2510 illa
689 2455 869 2527 presumpsit,
923 2455 1037 2527 servire,
1052 2471 1168 2531 regnare
1183 2455 1271 2515 840
1285 2469 1340 2527 est;
1357 2469 1464 2536 gestare
1483 2464 1564 2534 hunc,
1579 2481 1635 2523 non
1649 2483 1720 2524 one-

66 2549 139 2603 sicut
149 2547 208 2617 ipsc
217 2552 346 2604 testatur:
356 2547 519 2603 renitenter
528 2545 659 2617 princeps
667 2544 767 2600 mandi
777 2542 870 2614 hujus,
924 2543 978 2599 rari
996 2551 1048 2610 est,
1063 2547 1111 2600 sed
1127 2545 1255 2602 honorari
1269 2547 1364 2620 [attae.
1380 2551 1493 2625 ornari]
1508 2554 1642 2612 Caeterum
1654 2573 1719 2614 num

67 2641 98 2694 et
109 2638 141 2691 io
152 2651 197 2692 ooo
208 2634 547 2708 noninocnitqcidqacm
558 2635 648 2703 (ioan.
661 2647 721 2692 xrv.
733 2633 788 2702 30).
798 2630 872 2688 Felix
925 2631 1017 2704 [olias.
1040 2632 1123 2705 unde]
1138 2631 1174 2702 ei,
1202 2634 1236 2690 de
1256 2651 1309 2707 quo
1328 2651 1401 2692 nunc
1417 2638 1605 2710 loquebamur,
1624 2642 1720 2702 Salta-

67 2724 173 2789 anima‚
198 2739 260 2797 quae
287 2723 326 2780 sie
350 2722 458 2778 interim
483 2721 661 2778 tentationum
685 2721 773 2790 jacula
795 2727 871 2777 scuto
925 2722 992 2776 toris
1005 2719 1089 2777 asello
1104 2722 1253 2778 verendum
1264 2723 1398 2781 ullatenus
1408 2726 1559 2800 videbatur,
1570 2747 1605 2788 ue
1615 2735 1665 2790 sub
1675 2733 1722 2791 illa

66 2811 195 2868 veritatis
209 2809 353 2882 repulerit,
372 2815 402 2865 ut
421 2809 458 2864 nil
476 2824 590 2881 prorsus
610 2815 771 2865 venenatum
795 2807 823 2862 in
842 2823 871 2864 se
927 2809 972 2864 tali
988 2808 1095 2864 sarcina
1116 2807 1234 2866 delicere
1248 2819 1343 2884 posset
1354 2813 1380 2869 in
1391 2814 1503 2871 via‘ihn
1513 2833 1578 2876 rere
1589 2820 1724 2879 timendus

68 2900 230 2956 coalescere
258 2911 350 2971 passa,
380 2897 492 2952 omuino
520 2911 575 2951 non
604 2894 786 2953 confundatur
811 2909 872 2951 cum
926 2897 953 2952 ei
979 2905 1024 2952 aut
1046 2896 1171 2968 luporum
1195 2898 1329 2967 incursus,
1352 2909 1400 2958 aut
1423 2911 1561 2976 raptorum
1579 2923 1721 2982 occursus;

67 2989 200 3060 loquetur
217 2986 334 3042 inimicis
347 2985 404 3042 suis
418 2985 446 3041 in
459 2992 547 3058 porta.
564 2983 635 3040 Nihil
648 2984 676 3040 in
695 2999 749 3055 me,
765 2982 872 3040 funeste
925 2985 968 3040 vel
987 2985 1172 3057 praecipitium,
1197 3003 1245 3044 seu
1268 2989 1418 3059 periculum
1440 2991 1548 3066 aliquod
1572 2998 1622 3054 sub
1646 3005 1723 3060 bute

68 3076 166 3149 lutros,
182 3073 341 3148 firnestuml,
357 3074 489 3146 reperies.
507 3073 580 3129 Felix
599 3089 681 3146 quem
695 3072 733 3128 sio
752 3070 870 3128 circum·
926 3072 1041 3144 praeside
1055 3073 1252 3130 metuendum?
1265 3075 1339 3133 Felix
1353 3079 1398 3150 qui
1413 3078 1452 3137 sic
1466 3079 1557 3140 tulerit
1574 3083 1721 3163 Christum,

66 3167 116 3221 dat
130 3165 243 3237 clypeus
256 3163 387 3230 veritatis,
404 3173 434 3219 ut
447 3162 586 3218 introitum
607 3170 755 3234 quoqueet
771 3161 873 3218 exitum
889 3135 910 3216 c
925 3166 956 3217 ut
976 3175 991 3215 a
1015 3162 1113 3217 Sancto
1133 3170 1289 3220 sauctorum
1311 3165 1339 3220 in
1360 3175 1481 3224 sanctam
1505 3170 1640 3230 civitatem
1664 3191 1723 3234 me·

67 3255 131 3324 ejus
146 3252 293 3309 custodiat:
311 3251 412 3308 exitum
426 3251 518 3323 utiquo
532 3251 567 3305 ab
582 3249 633 3305 hae
652 3249 717 3318 vita,
733 3256 762 3305 et
774 3245 873 3304 introi·
927 3253 1018 3304 reatur
1037 3247 1137 3304 induci.
1153 3250 1214 3307 Non
1238 3259 1279 3308 est
1293 3252 1403 3311 omniuo
1416 3256 1490 3328 quod
1510 3261 1613 3329 hmeat,
1628 3277 1663 3321 ne
1682 3263 1724 3323 rel

68 3347 128 3396 tum
145 3340 173 3395 iu
188 3339 317 3406 futuram,
329 3355 384 3411 quo
408 3337 534 3396 videlicet
548 3353 599 3394 nec
614 3336 768 3394 moliatura
786 3343 872 3411 tergo,
927 3336 954 3391 in
976 3336 1020 3392 ria
1034 3338 1143 3410 aliquod
1158 3339 1362 3414 ostendiculum,
1383 3345 1428 3400 vel
1448 3348 1584 3418 repulsam
1598 3351 1626 3406 in
1640 3353 1725 3423 janua

68 3445 123 3486 nec
137 3444 154 3483 a
169 3428 239 3485 facie
254 3427 318 3483 mali
333 3427 472 3500 quidpiam
488 3427 613 3484 inimicus
636 3433 763 3481 attentet.
780 3424 873 3496 Siqui-
927 3427 1052 3496 patiatur.
1069 3427 1110 3484 llli
1129 3443 1230 3498 nempe
1250 3432 1373 3501 jumento
1389 3433 1460 3491 vlam
1479 3437 1611 3507 parabant
1629 3440 1726 3500 fideles

68 3520 135 3574 dem
158 3518 270 3574 omniuo
285 3533 354 3588 opus
374 3517 425 3574 erit
438 3516 492 3572 illic
507 3516 631 3584 custode,
648 3531 717 3588 opus
733 3513 785 3571 erit
803 3514 874 3570 duce
927 3515 1021 3586 populi
1036 3517 1145 3589 (aaron.
1163 3533 1224 3586 xxr,
1239 3519 1310 3592 7-9),
1328 3523 1389 3580 huic
1407 3525 1498 3594 angeli
1517 3529 1624 3588 sancti:
1650 3533 1726 3601 Quo-

68 3605 157 3673 lidcli,
180 3621 249 3677 opus
270 3605 323 3662 erit
339 3604 510 3662 consolatore
533 3618 632 3678 magno
654 3610 768 3675 propter
785 3603 874 3658 horri-
927 3606 1008 3662 niem
1016 3609 1124 3677 armetis
1134 3611 1192 3665 suis
1203 3611 1432 3685 mandaoiidotc,
1443 3620 1476 3672 ot
1486 3619 1726 3679 custodientium

67 3694 142 3750 biles
163 3693 223 3749 illas
242 3693 379 3762 risiones3
397 3709 453 3749 non
472 3694 573 3748 minus.
586 3707 666 3764 quam
685 3693 729 3747 hic
752 3691 876 3760 adjutore
929 3693 1116 3752 omnibusviis
1129 3700 1309 3769 taismesortc
1325 3703 1726 3783 ossendosudlopidempedem

68 3791 98 3840 et
114 3789 320 3856 propugnatore
336 3790 431 3839 contra
445 3781 594 3838 invisibiles
609 3788 767 3837 tentatores.
929 3789 1021 3840 tuum.
1033 3783 1087 3838 Sed
1098 3800 1152 3840 non
1163 3796 1226 3841 sunt
1236 3787 1293 3843 haec
1303 3795 1520 3864 praeoccupanda
1530 3797 1627 3864 modo;
1640 3799 1727 3856 series

106 3877 135 3928 ³.
159 3870 317 3928 Glorificate
337 3871 439 3944 itaque,
459 3869 637 3940 dilectissimi,
658 3876 686 3925 et
705 3875 812 3941 portate
832 3868 876 3924 in·
929 3871 1014 3943 magis
1024 3872 1082 3943 ipso
1090 3873 1235 3944 Scriptura
1245 3878 1725 3958 expositionisordiuesequendaest.

68 3961 153 4018 terim
168 3959 306 4016 Christum
321 3960 348 4015 in
363 3975 478 4032 corpore
492 3965 596 4025 vestro,
616 3973 684 4014 onus
705 3957 875 4024 delectabile,
964 3963 991 4014 5.
1010 3960 1113 4018 cortens
1127 3980 1144 4018 o
1160 3962 1259 4030 latore,
1277 3964 1373 4038 inquit,
1396 3974 1445 4025 tuo
1465 3973 1555 4040 anille,
1580 3983 1607 4032 ct
1633 3977 1727 4034 decom

67 4065 157 4106 suave
171 4048 290 4122 pondus,
306 4048 440 4104 sarcinam
455 4047 620 4120 salutarem;
637 4046 742 4102 etiamsi
753 4061 876 4118 premere
928 4048 1727 4136 milliaadcutristuis,·odtoactomnonoppropirtqcubit.

68 4138 221 4212 aliquando
244 4137 314 4194 sorte
342 4137 465 4206 videtum
495 4136 601 4193 etiamsi
634 4135 771 4192 interdum
792 4135 878 4193 latera
928 4136 1064 4193 Hicenim
1085 4153 1181 4194 versus
1202 4139 1282 4196 hodie
1306 4142 1384 4198 nobis
1407 4147 1564 4204 tractandus
1583 4157 1643 4222 est;
1670 4167 1725 4209 nou

68 4226 173 4293 tundit,
189 4233 218 4283 et
229 4225 350 4298 flagellat
372 4227 610 4296 recalcitrantem
627 4225 734 4280 etiamsi
750 4225 876 4298 quande·
929 4225 1069 4300 ignoratis.
1085 4225 1115 4280 ln
1129 4227 1295 4299 praecedenti
1310 4245 1376 4288 sane
1390 4233 1506 4305 capitulo
1522 4238 1594 4309 quod
1609 4239 1727 4298 novissi·

69 4331 127 4390 que
143 4316 173 4370 in
187 4329 264 4371 camo
280 4321 307 4372 et
321 4313 874 4386 irenomaxillascenstring'tetcoercet3
929 4329 973 4369 me
993 4314 1165 4382 tractabatur,
1182 4314 1282 4372 dietum
1298 4325 1350 4386 est,
1361 4319 1384 4375 si
1399 4322 1527 4393 recolitis,
1543 4327 1723 4398 quemadmo-

69 4405 189 4462 omnino
204 4403 330 4460 feliciter.
347 4405 411 4461 Esto
424 4410 455 4462 ut
467 4404 631 4475 jumentum,
647 4402 693 4475 qui
708 4402 875 4459 Salvatorem
891 4433 915 4513 u
931 4402 994 4458 dum
1018 4417 1034 4457 a
1056 4409 1155 4476 quator
1177 4404 1339 4476 quibusdam
1359 4411 1483 4468 maximis
1501 4413 1639 4484 equidem,
1660 4433 1727 4492 gra·

69 4501 188 4566 portas;
203 4493 252 4548 sed
267 4495 440 4566 uonpenitus
453 4497 652 4565 utJumeutum.
672 4493 873 4564 Homoinquit,
930 4489 1101 4562 vissimisque
1140 4493 1333 4551 tentationibus
1369 4498 1450 4569 huius
1484 4499 1556 4570 aitae,
1594 4505 1727 4576 protectio

70 4599 140 4639 eum
151 4583 185 4638 in
194 4581 298 4640 more
312 4588 391 4650 osset,
402 4582 821 4653 ooointcliocit300mperetcs
835 4587 876 4638 est
930 4578 1028 4635 liberet
1041 4579 1176 4649 veritatis;
1192 4581 1318 4641 videlieet
1336 4601 1352 4641 a
1371 4585 1469 4644 timore
1487 4597 1630 4664 nocturno,
1650 4607 1666 4648 a
1683 4610 1727 4650 sa-

66 4669 875 4745 jumootisiotsipicntibcs‚etsimilisfootcsostitlir(Psoi.
929 4668 1000 4740 gitta
1026 4668 1133 4726 velante
1157 4671 1185 4727 iu
1209 4670 1265 4737 die,
1294 4688 1310 4728 a
1333 4676 1444 4750 negotio
1463 4679 1671 4749 perambulante
1696 4684 1724 4742 in

66 4773 175 4827 xnvrrr,
193 4759 249 4830 aa).
269 4759 339 4829 Quid
362 4760 434 4816 enim
457 4767 598 4833 tantopere
622 4758 667 4816 vel
686 4758 791 4832 plangit
808 4759 875 4814 Pro·
930 4756 1060 4828 tenebris,
1080 4758 1113 4812 ab
1132 4757 1243 4814 incursu
1261 4768 1290 4816 et
1312 4760 1447 4820 daemonio
1466 4766 1626 4825 meridiano.
1646 4769 1725 4840 Quod

66 4852 170 4924 pheta,
186 4847 333 4922 relarguit
347 4849 374 4903 in
391 4849 500 4907 homine
514 4848 718 4906 simulitudinem
735 4849 875 4919 iumento·
928 4844 1010 4918 igitur
1016 4845 1153 4916 sequitur:
1167 4847 1299 4906 Cadentu
1310 4851 1456 4911 lotcrctco
1466 4856 1556 4923 mille,
1565 4864 1617 4916 etc.
1629 4858 1726 4917 futurae

67 4957 143 5007 rum,
164 4936 317 5010 praesertim
332 4937 376 5008 qui
390 4937 442 4994 alio
457 4939 574 5010 quodam
595 4937 655 4995 loco
669 4937 704 4995 de
719 4953 748 4994 se
763 4933 837 5008 loqui
848 4941 876 4992 et
928 4934 1016 5007 magis
1028 4935 1088 4991 vita
1103 4936 1220 4992 arbitror
1236 4937 1437 5012 assignandum.
1455 4943 1533 5001 Unde
1552 4954 1580 5003 et
1598 4947 1627 5003 iu
1645 4949 1725 5022 prin-

68 5026 495 5099 dieerebeononsinequadam
508 5027 741 5101 congratulatione
751 5025 873 5082 videtur:
928 5021 1000 5096 cipio
1021 5024 1155 5080 sermonis
1178 5026 1259 5096 hujus
1279 5027 1441 5086 meministis
1463 5033 1561 5107 adhuc,
1585 5035 1613 5092 ni
1636 5035 1725 5105 fallor,

71 5120 283 5191 Utjemcctcm
294 5118 461 5187 sociassem
472 5117 545 5189 opud
556 5123 591 5186 te,
602 5121 629 5174 ei
646 5133 693 5189 ego
709 5131 818 5188 semper
833 5122 875 5174 te-

67 5205 257 5278 cum?(l³aci.
269 5219 361 5272 anxur,
373 5207 430 5275 23.)
441 5205 518 5272 Puto,
532 5204 586 5262 imo
596 5221 652 5263 uon
661 5210 737 5278 puto,
749 5202 874 5270 sedacio,

107 5311 171 5388 (30)
184 5314 299 5370 Marium
309 5313 431 5370 absolute
442 5311 628 5396 habentediti,
641 5312 722 5369 etiam
737 5311 874 5393 auti-quio·

68 5401 137 5442 res:
161 5387 307 5455 quondam
327 5385 431 5441 addunt
457 5390 566 5456 scriptu
590 5391 623 5466 et
634 5384 876 5510 ὅξίειαεηιέιὲιὲιὲῗὲ

68 5455 278 5607 tlhlbltl
296 5471 351 5584 lli
365 5456 620 5600 hittrltlth
643 5470 809 5650 calpae
827 5541 876 5582 ..t

70 5595 624 5747 latablatacamorata
638 5601 875 5725 {litabat

177 5766 305 5834 Parnon.
327 5765 516 5833 ctxxxttt.

929 5113 1071 5169 sententiae
1085 5114 1250 5184 apostolieae,
1273 5132 1326 5188 qna
1339 5117 1465 5178 videlicet
1478 5121 1569 5178 valere
1584 5123 1618 5179 ad
1634 5126 1726 5181 omnia

929 5200 1068 5273 pietatem,
1083 5202 1146 5258 vitae
1160 5218 1269 5276 quoque
1284 5206 1344 5276 ejus
1358 5223 1419 5280 quae
1432 5225 1505 5266 nunc
1519 5218 1569 5279 est,
1587 5217 1615 5266 et
1629 5211 1725 5270 suturae

929 5307 1069 5363 salutatur.
1101 5307 1263 5382 Quanquam
1288 5315 1412 5371 eamdem
1432 5317 1513 5373 etiam
1535 5317 1725 5377 salutationem

930 5378 1039 5450 praefert
1054 5379 1105 5435 alia
1120 5380 1229 5453 vulgata
1244 5384 1366 5454 ejusdem
1382 5387 1476 5458 lgnatii
1492 5390 1600 5446 nonune
1611 5391 1726 5462 epistola

929 5451 964 5531 ad
979 5451 1087 5532 hanam
1102 5453 1257 5523 Deiparam.
1273 5456 1373 5512 Verum
1388 5457 1431 5513 hic
1442 5473 1533 5516 sermo
1550 5469 1593 5518 est
1611 5463 1647 5518 de
1665 5466 1724 5522 tta·

930 5537 970 5576 rto
984 5521 1038 5594 rlla,
1055 5522 1089 5577 ad
1108 5525 1283 5597 quamplures
1302 5535 1366 5584 tunc
1384 5530 1646 5592 circumferebantur
1662 5536 1723 5608 epi·

930 5591 1007 5650 stotae
1019 5607 1071 5667 pro
1085 5593 1233 5666 lgnatianis
1251 5597 1361 5656 habitae.

1609 5775 1627 5840 7
