3996 6350
265 417 302 478 55
746 429 771 490 S.
789 431 957 493 aurulam
974 434 1111 496 mentis
1128 435 1434 500 uttumvttturtsls
1891 437 1932 500 56

265 551 322 602 tum
335 546 388 602 ulla
401 546 566 606 diversitas?
579 551 664 612 m
686 557 719 612 Et
742 557 850 630 quidem
878 558 988 617 difficile
1017 567 1059 616 est
1076 574 1101 653 Α
1120 559 1305 620 indubitatem
1320 572 1450 630 nostram,
1466 573 1495 621 et
1517 579 1567 636 pro
1581 563 1662 619 nobis
1681 570 1757 618 stam
1780 563 1929 635 fragilita-

264 634 402 690 universas
424 651 479 692 uno
500 655 628 698 sermone
655 646 785 716 prosequi
808 647 970 721 indigentias
991 665 1060 721 quas
1117 657 1172 705 tem
1185 659 1305 707 nostram
1320 660 1446 727 protegat
1456 661 1484 710 et
1504 651 1667 725 propugnet.
1684 652 1712 707 Si
1731 651 1807 707 euim
1827 651 1878 707 ille
1899 652 1928 706 in

263 720 436 791 experimur;
453 727 502 782 sed
516 739 662 787 occurrunt
685 733 751 789 mibi
778 735 887 792 interim
903 745 958 794 tres
985 753 1061 794 com·
1117 738 1205 811 nobis,
1221 741 1281 812 quis
1293 742 1349 812 jam
1364 741 1481 814 decipiat
1490 741 1565 798 nosf
1578 741 1605 797 Si
1613 741 1659 797 ille
1677 741 1834 809 nobiscum,
1852 740 1928 811 quid

262 825 359 868 manes
373 816 510 882 omnibus,
526 825 554 874 et
567 821 770 892 quodammodo
779 825 955 897 principales.
971 829 1059 884 Nemo
1116 829 1322 886 decaeteronon
1332 828 1823 902 possumusincoquiconfortatnosf
1834 829 1866 886 Si
1876 828 1927 884 ille

262 898 336 954 enim
349 902 483 973 repetitur
495 905 523 960 in
537 907 625 976 nobis,
640 911 685 983 qni
701 927 756 968 non
771 913 880 970 interim
899 922 928 971 at
941 917 1060 988 consilii,
1117 932 1167 988 pro
1173 916 1263 988 uobis,
1271 918 1331 989 quis
1340 927 1433 973 contra
1440 919 1607 990 nosilllom.
1616 917 1735 990 virgil).
1745 916 1849 974 fidelis
1855 931 1927 973 con·

262 994 289 1042 et
316 989 421 1057 auxilii,
447 1001 475 1048 et
498 996 617 1064 praesidii
635 997 763 1076 indignus
777 1003 911 1063 rideatur.
928 1003 1060 1062 Nimirum
1117 1005 1232 1061 siliarius
1247 1015 1297 1073 est,
1313 1006 1359 1078 qui
1378 1023 1466 1079 neque
1489 1006 1543 1062 falli
1564 1006 1685 1077 omnino,
1701 1021 1793 1078 neque
1822 1005 1926 1060 fallere

265 1077 403 1146 generalis
426 1089 468 1137 est
491 1083 609 1143 humano
631 1089 728 1160 generi
755 1091 867 1148 miseria
885 1093 1003 1166 triplex;
1032 1103 1061 1152 et
1117 1094 1308 1168 queatzfortis
1321 1095 1485 1162 auxiliarius,
1495 1095 1542 1167 qui
1553 1110 1607 1150 non
1619 1094 1751 1151 lassescat
1764 1111 1770 1150 :
1783 1105 1925 1166 patronus
1986 1149 1987 1164 ,

265 1171 398 1236 quotquot
424 1169 549 1243 degimus
563 1174 590 1229 in
606 1175 835 1251 regioneumbrae
857 1183 962 1248 mortis,
974 1183 1003 1239 in
1016 1183 1061 1239 in·
1118 1182 1279 1256 efficax,qui
1293 1181 1743 1255 etipsumSatanamsnbpedibus
1758 1184 1925 1238 nostrisve
1986 1195 1987 1242 ι

264 1251 392 1311 firmitate
405 1260 539 1330 eorporis,
555 1261 584 1319 in
598 1264 658 1320 loco
675 1268 842 1336 tentationis,
866 1271 889 1326 si
912 1271 1059 1346 diligenter
1117 1273 1212 1329 lociter
1226 1280 1359 1339 conterat,
1376 1279 1405 1327 et
1418 1271 1509 1327 omnia
1522 1273 1582 1341 ejus
1603 1269 1824 1326 machinamenta
1851 1283 1924 1324 con-

264 1340 440 1412 advertimus,
470 1349 569 1420 triplici
596 1353 647 1408 hoc
676 1354 848 1413 incommodo
866 1359 1059 1419 miserabiliter
1117 1360 1441 1436 fringat.Nimimmipse
1454 1359 1558 1415 estllei
1578 1359 1722 1430 sapientia,
1744 1359 1788 1415 cui
1805 1373 1925 1428 semper

263 1426 428 1489 laboramus.
444 1433 512 1492 Nam
527 1446 554 1494 et
576 1439 670 1498 faciles
688 1458 782 1500 sumus
805 1448 839 1502 ad
862 1449 1058 1517 seducendum,
1116 1452 1144 1507 in
1158 1457 1284 1524 promptu
1298 1451 1332 1505 sit
1342 1449 1477 1505 instruere
1487 1447 1663 1520 ignorantes:
1684 1447 1922 1519 ipselleivirtns,

262 1525 290 1582 et
299 1519 404 1576 debiles
418 1523 452 1577 sd
467 1529 647 1600 operandum,
659 1537 687 1586 et
698 1529 809 1604 fragiles
819 1535 853 1591 ad
867 1536 1058 1594 resistendum.
1116 1542 1159 1597 cui
1173 1540 1250 1597 facile
1265 1539 1300 1595 sit
1311 1546 1339 1596 et
1357 1537 1516 1594 deficientes
1530 1535 1654 1606 reficere,
1668 1544 1697 1591 et
1713 1537 1824 1608 eripere
1844 1535 1924 1608 peri-

262 1602 291 1662 Si
306 1606 465 1696 discernere
476 1614 601 1674 uolumus
615 1618 689 1677 inter
702 1621 803 1679 bonnm
814 1633 842 1680 et
855 1625 965 1697 malum,
982 1629 1060 1685 deoi-
1115 1628 1248 1686 clitantes.
1264 1627 1308 1682 Ad
1322 1627 1395 1682 hunc
1405 1641 1471 1698 ergo
1486 1633 1590 1680 tantum
1608 1623 1786 1694 eruditorem,
1815 1625 1924 1682 fratres

261 1695 370 1766 pimur;
395 1700 418 1756 si
446 1708 583 1761 tentamus
601 1706 694 1766 faeere
718 1712 830 1783 bonum,
854 1714 1013 1786 deficimns3
1037 1719 1059 1775 si
1114 1715 1179 1784 mei,
1199 1717 1227 1770 in
1259 1716 1334 1772 omni
1357 1713 1552 1770 deliberatione
1573 1728 1734 1769 curramus:
1765 1713 1841 1768 bunc
1863 1721 1924 1767 tarn

263 1799 393 1842 conamur
407 1790 536 1848 resistere
551 1795 633 1862 malo,
649 1798 793 1869 dejicimur
806 1811 834 1859 et
847 1820 1020 1876 superamur.
1114 1815 1253 1862 strenuum
1267 1804 1420 1876 adjutorem
1429 1800 1458 1857 in
1467 1799 1541 1857 omni
1547 1801 1708 1872 operatione
1724 1800 1897 1858 invocemus
1911 1818 1917 1856 :

296 1877 321 1928 2.
339 1876 515 1936 Necessarius
538 1883 653 1954 proinde
669 1888 816 1946 saluatoris
837 1893 990 1960 adventus;
1011 1913 1059 1954 ne.
1076 1911 1098 1988 Β
1114 1894 1177 1969 huic
1197 1902 1251 1948 tam
1269 1891 1323 1949 lido
1346 1890 1541 1964 propugnatori
1567 1890 1596 1944 in
1620 1889 1694 1944 omni
1718 1887 1922 1945 colluctatione

260 1965 378 2020 cessaria
392 1965 431 2022 sie
442 1974 637 2044 praeoccupads
652 1975 806 2036 hominibus
824 1985 973 2052 praesentia
983 1985 1061 2042 Gbri·
1114 1983 1314 2043 committamus
1338 1981 1442 2036 animas
1459 1987 1582 2036 nostrae:
1601 1978 1647 2050 qui
1675 1977 1709 2032 ad
1737 1979 1789 2034 boo
1819 1978 1918 2049 ipsum

260 2050 305 2105 sti.
320 2054 410 2124 Atque
424 2057 525 2112 utinam
539 2060 578 2116 sic
593 2064 696 2132 veniat,
708 2074 739 2122 ut
752 2068 942 2140 copiosissima
957 2075 1058 2148 digna·
1113 2074 1188 2132 venit
1207 2070 1387 2136 inmundum,
1412 2075 1443 2123 ut
1464 2067 1589 2122 babitans
1611 2065 1639 2121 in
1662 2065 1831 2130 bominibus,
1852 2083 1922 2122 cum

259 2136 333 2193 tione
347 2155 407 2207 sua,
421 2151 449 2198 et
461 2143 490 2199 in
504 2147 585 2203 nobis
607 2166 658 2221 per
676 2151 757 2209 fidem
782 2156 906 2216 babitans
926 2162 1058 2223 illuminet
1112 2163 1278 2230 hominibus,
1287 2174 1337 2230 pro
1348 2156 1510 2223 bominibus,
1521 2163 1549 2212 et
1559 2156 1686 2211 tenebras
1694 2163 1804 2212 nostras
1814 2154 1922 2210 illnnri·

257 2226 407 2285 cecitatem
434 2243 566 2303 nostram,
595 2245 623 2294 et
645 2240 789 2299 nobiseum
812 2242 927 2306 manens
946 2252 1058 2324 adiuvet
1112 2263 1200 2320 naret,
1216 2251 1365 2308 etlabores
1380 2246 1491 2313 levaret,
1506 2253 1535 2300 et
1557 2243 1677 2315 pericula
1690 2243 1881 2316 propulsaret.

758 2405 921 2466 uottlfult
943 2413 980 2467 ΙΝ
997 2414 1205 2484 SEQUENTES
1227 2410 1400 2470 Holtlttlls.

288 2561 441 2633 Sequentes
450 2575 567 2637 quatuor
581 2569 710 2640 bomilia,
724 2577 797 2646 quod
811 2595 895 2636 unum
910 2591 952 2640 est
967 2602 1004 2642 ex
1020 2588 1115 2658 primis
1125 2588 1256 2645 Bernardi
1270 2602 1286 2643 o

1307 2583 1410 2652 eribus,
1422 2583 1472 2638 etsi
1488 2581 1568 2654 vulgo
1582 2582 1768 2638 inscribantur
1790 2583 1827 2637 «S
1836 2599 1910 2664 uper

253 2633 349 2689 sorar
359 2638 420 2700 θείς
437 2651 470 2690 ex
486 2646 578 2694 mente
594 2649 686 2698 tamen
696 2649 825 2714 auctoris,
840 2654 923 2720 ipsius
934 2656 1044 2728 inquam
1059 2603 1399 2725 bernardianserriennae,
1417 2653 1615 2709 «Dobaudibus
1632 2653 1749 2778 Virginis
1759 2661 1874 2710 matris.
1893 2677 1905 2704 ι

251 2701 319 2756 Nam
334 2703 374 2758 sic
386 2703 445 2784 ipse
459 2706 628 2776 inpraesenti
645 2714 819 2786 Praefatione,
837 2731 864 2776 et
880 2723 907 2777 in
917 2727 1032 2796 epistola
1047 2734 1079 2784 la
1096 2733 1130 2786 ad
1151 2732 1258 2786 Petrum
1275 2728 1416 2783 diaconum
1432 2723 1616 2780 cardinalem:
1635 2742 1647 2777 ι

1695 2723 1748 2790 oio,
1766 2743 1778 2774 a
1799 2725 1906 2796 inquit,

254 2791 267 2823 ι
283 2787 327 2827 me
341 2789 484 2843 scripsisse
493 2790 609 2848 quatuor
624 2783 752 2842 llomilias
765 2789 793 2843 in
807 2790 933 2849 laudibus
945 2798 1061 2870 Virginis
1084 2802 1197 2858 matris:
1216 2816 1279 2855 nam
1298 2800 1370 2854 launo
1388 2798 1490 2852 babent
1511 2794 1627 2860 titulum,
1647 2802 1727 2850 aeto.
1748 2795 1784 2850 Et
1802 2796 1906 2851 iterum

254 2841 369 2913 epistola
401 2847 446 2908 80,
470 2849 505 2901 ad
529 2848 674 2920 Ogerinm:
704 2857 817 2916 «ddum

845 2863 968 2922 libellum
993 2885 1009 2924 a
1031 2887 1074 2928 me
1090 2888 1178 2944 nuper
1192 2872 1294 2927 editum
1308 2870 1335 2924 in
1350 2867 1485 2923 Laudibus
1507 2865 1622 2937 Virginis
1641 2865 1735 2920 matris
1750 2865 1801 2921 tibi
1813 2874 1911 2921 trans·

253 2913 340 2970 mitto.
358 2935 369 2964 a
387 2915 471 2970 Porro
485 2918 619 2977 videndus
632 2924 786 2986 Bernartius
806 2940 922 2992 tractatu
936 2938 971 2994 de
986 2940 1134 3014 Baptismo,
1152 2942 1187 2998 ad
1203 2943 1357 3014 flugonem,
1380 2954 1441 3010 cap.
1457 2940 1483 3004 b,
1503 2937 1547 2992 ubi
1570 2937 1733 2991 sententiam
1757 2939 1911 3008 quamdam

252 2984 333 3055 primi
346 2985 427 3054 hujus
441 2991 577 3048 sermonis
590 2995 709 3066 explicat
725 3008 753 3056 et
767 3019 783 3056 a
796 3004 932 3063 calumnia
945 3010 1075 3070 vindieat.

751 3182 800 3246 bu
819 3184 1014 3254 tabulatis
1028 3189 1200 3258 vluttluts
1215 3191 1373 3256 MATRIS.

252 3352 343 3426 Super
370 3357 454 3415 carba
467 3361 613 3435 Evangelii
638 3387 648 3423 .·
664 3369 786 3429 «Musas
801 3379 845 3432 ert
855 3380 976 3450 angelos
993 3383 1049 3439 Go-

566 3451 646 3526 luel,
664 3477 676 3506 a
694 3465 749 3515 etc.

469 3535 623 3598 HOlllLlAE
654 3543 831 3615 Quatoou.

558 3629 749 3695 eustatio.
925 3704 929 3712 ,

288 3707 415 3768 Scribere
429 3727 474 3768 nie
488 3715 588 3789 aliquid
603 3727 632 3776 et
646 3720 757 3782 devotio
777 3728 866 3798 jubet,
881 3739 910 3788 et
927 3734 1054 3804 probibet

255 3798 408 3870 occupatio.
426 3802 623 3864 Verumtamen
635 3811 699 3882 quia
717 3819 904 3889 praepediente
918 3824 1053 3895 corporali

252 3889 396 3960 modestia,
421 3892 535 3953 fratrum
556 3899 590 3954 ad
613 3917 737 3972 praesens
770 3923 825 3964 non
847 3910 925 3968 valeo
953 3915 1053 3969 sectari

251 3987 434 4050 conventum,
460 3983 487 4039 id
510 3987 643 4044 tantillum
667 3992 724 4059 otii,
750 3997 823 4066 quod
847 3998 891 4054 vel
918 3999 984 4055 mibi
1018 4001 1054 4060 dc

251 4080 348 4123 somno
362 4066 493 4126 fraudans
514 4071 544 4126 in
563 4075 689 4132 noctibus
712 4077 879 4154 intercipere
893 4084 978 4154 sium,
998 4103 1053 4143 non

251 4152 340 4208 duam
354 4154 481 4212 otiosum.
503 4159 582 4216 Libet
609 4177 677 4237 ergo
698 4171 804 4224 tentare
833 4171 859 4225 id
884 4172 1053 4241 potissimum

251 4241 376 4312 aggredi,
392 4243 465 4314 quod
480 4260 554 4318 saepe
568 4249 688 4306 animum
711 4255 846 4326 pulsavit;
870 4259 945 4332 loqui
959 4261 1054 4319 videli-

253 4333 298 4386 cet
312 4327 415 4402 abquid
429 4330 458 4387 in
480 4332 606 4412 laudibus
634 4339 755 4411 Virginis
782 4346 887 4413 matris,
909 4365 991 4420 super
1009 4351 1054 4408 illa

252 4415 370 4475 lectione
384 4421 553 4494 evangelica,
568 4425 597 4480 in
617 4443 681 4498 qua,
705 4431 777 4487 Luca
801 4433 948 4503 referente,
961 4439 1053 4496 Domi-

252 4503 322 4560 nioae
334 4505 557 4564 annuntiationis
580 4511 737 4570 continetur
761 4517 884 4577 historia.
913 4523 954 4578 ltd
981 4527 1053 4597 quod

251 4607 319 4650 sane
333 4607 403 4665 opus
416 4592 571 4653 laciendum
582 4600 633 4656 etsi
649 4603 722 4659 nulla
737 4605 853 4664 fratrum
868 4611 994 4683 (qnorum
1010 4631 1054 4672 me

250 4680 420 4754 profectibus
434 4683 576 4744 deservire
591 4704 705 4746 necesse
716 4693 770 4767 est)
781 4696 823 4752 vel
839 4699 991 4755 necessitas
1005 4716 1052 4756 ur-

251 4777 328 4844 geat,
338 4770 383 4828 vel
394 4771 497 4830 utilitas
511 4783 620 4848 moreat
634 4779 720 4850 (olias
735 4785 871 4858 moneat);
887 4787 951 4843 dum
962 4795 1052 4846 tamen

251 4873 286 4916 ex
301 4859 352 4916 boc
364 4875 421 4917 non
435 4861 577 4934 impediar,
603 4881 658 4939 quc
681 4869 716 4924 ad
731 4887 848 4945 quaeque
863 4875 984 4945 ipsorum
999 4894 1052 4934 ne-

1071 3382 1172 3493 cquia
1192 3380 1276 3438 noluit
1295 3396 1345 3437 nos
1357 3381 1532 3456 negligenter
1550 3386 1654 3455 audire,
1667 3385 1740 3457 quod
1768 3393 1824 3439 tam
1849 3381 1912 3437 dili-

1109 3468 1316 3544 genterstuduit
1330 3483 1468 3526 enarrare.
1487 3471 1618 3529 Nominat
1629 3471 1764 3544 siquidem
1780 3469 1910 3526 nuntium

1109 3557 1157 3630 qui
1171 3557 1296 3624 mittitur,
1310 3556 1456 3614 Dominum
1473 3571 1556 3632 aquo
1570 3561 1695 3626 mittitur,
1713 3559 1859 3632 Virginem
1878 3559 1914 3614 ad

1109 3661 1190 3720 qnam
1210 3645 1334 3712 mittitur,
1357 3661 1488 3716 sponsum
1522 3663 1631 3720 qnoque
1654 3647 1786 3722 virginis:
1812 3651 1911 3705 ambo·

1108 3750 1223 3807 rumque
1233 3750 1331 3806 genus,
1347 3734 1525 3794 civitatemao
1540 3737 1681 3810 regionem
1695 3736 1820 3808 propriis
1835 3737 1915 3793 desi-

1108 3831 1174 3894 gnat
1189 3823 1353 3880 nominibus.
1364 3822 1465 3895 thuid
1477 3823 1549 3879 hocf
1560 3825 1676 3880 Putasne
1691 3825 1797 3896 aliquid
1814 3827 1915 3882 horum

1108 3925 1276 3982 supervacue
1291 3911 1408 3981 positum
1423 3911 1479 3966 siti
1500 3912 1688 3985 Nequaquam.
1711 3912 1739 3968 Si
1759 3913 1837 3970 enim
1863 3929 1916 3970 nec

1108 3998 1201 4055 folium
1216 3999 1251 4054 de
1261 3999 1359 4054 arbore
1370 3998 1429 4054 sine
1443 4015 1536 4066 causa,
1553 4016 1606 4056 neo
1620 4017 1692 4057 unus
1701 4017 1735 4058 ex
1749 4002 1918 4073 passeribus
1986 3983 1987 4074 i

1108 4087 1167 4143 sine
1179 4087 1454 4144 Patrecoelesticadit
1467 4095 1659 4160 superterram
1675 4091 1788 4158 (Natta.
1806 4106 1838 4161 x,
1852 4091 1917 4162 29),
1986 4085 1987 4136 l

1109 4185 1202 4246 putem
1228 4189 1281 4246 ego
1303 4176 1338 4230 de
1361 4191 1408 4232 ore
1436 4176 1522 4232 sancti
1542 4177 1724 4251 Evangelistae
1740 4178 1916 4249 superfluum

1109 4262 1234 4319 diffluere
1249 4263 1370 4329 verbum,
1387 4266 1540 4334 praesertim
1553 4265 1580 4320 in
1590 4282 1666 4322 saera
1678 4265 1792 4323 historia
1805 4268 1917 4323 Verbi?

1110 4351 1170 4408 Non
1180 4359 1256 4423 puto.
1274 4352 1356 4408 Plena
1369 4352 1470 4424 quippe
1485 4362 1549 4410 sunt
1563 4356 1654 4410 omnia
1664 4354 1793 4426 supernis
1804 4361 1918 4428 myste-

1110 4440 1167 4506 riis,
1183 4455 1215 4497 ec
1234 4440 1339 4497 coelesti
1364 4440 1472 4514 singula
1496 4441 1638 4499 dulcedine
1658 4443 1867 4510 redundantia;
1896 4447 1919 4500 si

1109 4537 1201 4584 umen
1215 4529 1374 4604 diligentem
1389 4529 1508 4586 habeant
1522 4530 1716 4601 inspectorem,
1733 4531 1780 4603 qui
1805 4535 1920 4590 noverit

1109 4632 1209 4689 sugere
1223 4618 1276 4673 mel
1292 4617 1327 4673 de
1341 4625 1430 4690 p'etra,
1445 4617 1590 4690 oleumque
1609 4618 1644 4675 de
1666 4635 1732 4676 saxo
1747 4619 1915 4678 durissimo.
1986 4655 1987 4678 ι

1108 4705 1215 4778 Nempe
1229 4706 1257 4762 in
1272 4705 1317 4762 illa
1327 4706 1371 4762 die
1385 4705 1520 4761 stillarunt
1532 4714 1640 4763 montes
1669 4707 1862 4778 dulcedinem,
1891 4719 1921 4766 et
1986 4737 1987 4778 ι

1108 4793 1341 4850 colleslluxeruut
1366 4792 1408 4849 lac
1427 4793 1527 4849 etmel
1550 4796 1620 4862 (feel
1647 4811 1689 4865 ιιι,
1714 4797 1772 4868 la),
1794 4797 1916 4868 quando
1986 4811 1987 4846 t

1108 4882 1264 4938 rorantibus
1284 4880 1360 4936 coelis
1389 4881 1516 4951 desuper,
1549 4881 1725 4954 nubibusque
1748 4883 1919 4955 pluentibus

251 4945 372 5004 cessaria
390 4949 479 5005 minus
494 4959 604 5023 paratus
626 4955 761 5025 inveniar,
788 4976 842 5017 non
863 4963 983 5020 arbitror
1006 4981 1053 5024 eos
1102 4973 1221 5042 justum,
1237 4974 1333 5041 aperta
1349 4976 1390 5024 est
1404 4977 1479 5025 terra
1492 4970 1553 5026 laeta
1567 4971 1725 5042 germinans
1735 4971 1918 5030 Salvatorem

251 5035 355 5092 debere
367 5039 491 5110 grauari,
506 5041 530 5097 ai
553 5045 671 5116 propriae
688 5047 826 5106 satisfacio
848 5050 998 5110 devotioni.

505 5127 590 5188 ⁷88
617 5131 764 5192 HOlllllA
795 5138 817 5194 l.

251 5215 351 5274 soem
365 5220 408 5275 eat
419 5219 539 5290 angelos
553 5221 689 5280 dalmas
702 5227 758 5284 lieo
774 5228 807 5283 in
819 5230 965 5288 civitatem
976 5233 1052 5289 Golt-

288 5304 415 5378 temetsi
425 5309 689 5386 compaNcaaretla,
700 5313 737 5370 ad
753 5315 891 5388 Virginem
900 5319 1052 5392 desponso-

288 5397 349 5449 tam
362 5395 432 5466 uiro,
446 5398 494 5454 cui
506 5414 609 5458 comen
618 5407 681 5458 crau
690 5404 799 5478 loseph,
811 5406 844 5463 dc
858 5409 939 5466 domo
949 5410 1054 5466 Domd:

287 5483 316 5537 et
329 5497 432 5540 manea
451 5487 568 5558 Virginis
584 5489 673 5564 llario
689 5493 767 5563 (Lao.
784 5510 803 5563 ι,
816 5499 861 5564 26,
875 5499 930 5566 27).

291 5572 316 5625 l.
332 5568 402 5639 Quid
413 5573 463 5627 sibi
477 5575 560 5631 voluit
573 5580 752 5651 evangelista,
767 5590 806 5636 tot
816 5583 927 5653 propria
941 5583 1055 5642 nomina

253 5671 344 5715 rerunt
357 5659 384 5715 in
396 5661 447 5719 boo
460 5661 520 5720 loco
536 5671 591 5721 tam
606 5668 749 5743 signanter
764 5670 945 5739 exprimere?
963 5673 1053 5729 Credo

1109 5061 1176 5130 lisa.
1202 5073 1269 5121 xcv,
1283 5057 1330 5128 8):
1348 5057 1455 5128 qnando
1470 5059 1584 5115 Domino
1598 5060 1680 5116 dante
1695 5059 1919 5133 benignitatem,

1108 5155 1136 5204 et
1147 5157 1219 5202 terra
1234 5151 1325 5201 nostra
1341 5144 1475 5202 reddente
1490 5145 1606 5204 fructum
1621 5165 1712 5215 suum,
1737 5165 1825 5221 super
1840 5151 1921 5207 illum

1108 5242 1229 5290 montem
1245 5233 1386 5301 montium,
1404 5241 1524 5290 montem
1546 5236 1718 5310 coagulatum
1736 5245 1765 5293 et
1780 5239 1920 5311 pinguem

1109 5321 1297 5378 misericordia
1311 5328 1340 5377 et
1352 5322 1453 5379 veritas
1475 5323 1653 5379 obviaverunt
1672 5324 1733 5391 sibi,
1754 5326 1869 5396 justitia
1890 5338 1921 5384 et

1110 5424 1161 5479 pax
1175 5409 1304 5464 osculatae
1318 5416 1381 5464 sunt
1393 5408 1484 5481 (Psoi.
1497 5425 1617 5476 uxxxrv,
1634 5415 1689 5481 ll).
1721 5411 1769 5468 lllo
1797 5430 1921 5487 quoque

1109 5497 1137 5551 in
1162 5503 1285 5567 tempore
1312 5512 1383 5552 nnus
1407 5497 1459 5552 iste
1482 5497 1553 5552 inter
1577 5507 1691 5555 caeteros
1720 5507 1830 5558 montes
1859 5521 1921 5561 non

1110 5583 1241 5651 modiane,
1275 5585 1371 5640 beatus
1399 5583 1442 5639 hic
1468 5584 1597 5641 videlicet
1623 5588 1805 5659 evangelista,
1849 5592 1921 5648 dum

1109 5671 1294 5728 desideratum
1311 5672 1389 5728 nobis
1403 5680 1502 5729 nostrae
1516 5673 1610 5730 salutis
1624 5677 1770 5733 exordium
1780 5693 1833 5736 suo
1845 5681 1922 5738 mel-
