4118 6346
246 463 296 516 att
705 462 735 520 S.
749 461 928 521 BERNhiiDl
941 459 1086 520 abeatis
1100 453 1429 519 tenemuthenesis
1836 461 1891 516 ³72

246 595 380 652 neserga
397 577 530 639 iaciamus
549 581 622 656 quod
642 599 797 656 possumus,
818 585 949 659 optimum
964 583 1037 658 quod
1054 594 1077 678 Α
1093 581 1818 656 acdmaptcatccnoertatcrctmccthtacchxxxm,
1831 585 1891 653 tt).

246 665 378 726 habemus
400 667 551 728 cheronice
573 671 622 741 ilii,
647 676 720 746 qued
740 691 833 732 sumus
855 673 948 748 utique
970 689 1042 732 nos-·
1092 673 1154 730 Non
1167 669 1224 730 vuit
1234 671 1489 728 Dominusmortem
1498 669 1705 741 meam3etnon
1720 667 1837 727 libenter
1845 669 1891 728 oi·

246 755 363 828 metipsi
387 757 434 815 ilie
457 759 577 832 seipsbtn
609 762 721 830 obtulit;
749 772 777 820 tu
799 763 859 835 quia
886 779 916 821 es
936 763 983 837 qui
1012 769 1039 820 te
1092 761 1298 818 ieroiiiivrtam
1313 757 1890 830 meamtilaecestenimhostiaplacabilis,

244 846 333 918 ipsum
347 845 451 904 oitarre
465 851 619 906 cuncteris?
633 847 700 920 Quis
714 851 780 908 mibi
794 853 903 920 tribuat,
916 859 947 909 ut
961 849 1039 909 obla·
1092 851 1151 906 Deo
1170 848 1281 922 placens
1297 848 1394 916 hostia,
1416 847 1503 904 bestia
1524 848 1594 906 viva.
1619 847 1675 904 Sed
1696 848 1724 903 in
1745 845 1886 907 oblatione

244 933 347 991 tionem
370 950 459 993 meam
484 937 611 1011 dignetur
633 939 761 1011 molestas
781 949 856 997 tanta
877 940 1038 1014 suscipere?
1092 935 1139 994 illa
1158 935 1266 994 Domini
1286 945 1343 994 tres
1368 934 1451 993 lauisse
1473 937 1618 1012 leguntura
1641 942 1669 993 et
1698 936 1726 992 in
1750 935 1889 994 oblatione

245 1024 306 1080 Duo
319 1023 528 1095 minutababee,
540 1027 666 1096 Domine,
678 1042 777 1100 corpus
792 1035 820 1086 ct
830 1030 946 1086 animam
962 1029 1035 1085 dico:
1092 1033 1185 1084 nostra
1201 1025 1251 1081 tria
1265 1025 1438 1082 nibilominus
1455 1041 1471 1080 a
1492 1025 1608 1082 Domino
1623 1024 1809 1097 requiruntur.
1826 1024 1888 1081 Fuit

246 1112 349 1169 udnatb
379 1115 438 1171 baec
463 1115 511 1170 tibi
543 1115 665 1188 perfecte
689 1120 791 1189 possim
822 1119 850 1174 in
879 1117 1038 1175 sacrificium
1092 1115 1120 1171 in
1140 1113 1276 1172 oblatione
1306 1111 1353 1169 iiia
1374 1113 1475 1186 loseph
1506 1128 1622 1185 sponsus
1654 1111 1751 1170 matris
1770 1109 1889 1182 Dondni,

244 1201 462 1259 taudbotterret
478 1203 579 1260 lienum
595 1205 668 1261 enirn
684 1206 760 1272 mihi,
784 1205 921 1279 longeque
935 1205 1038 1280 glorio·
1092 1205 1171 1275 cajus
1185 1201 1430 1274 flliusputabatur;
1459 1200 1510 1258 suit
1525 1201 1626 1273 etipsa
1648 1197 1732 1274 Virgo
1747 1207 1845 1268 mater,
1861 1211 1890 1258 et

245 1289 301 1346 aius
328 1296 409 1362 atque
429 1291 520 1347 utilius
543 1299 593 1359 est,
614 1300 645 1349 ut
664 1293 711 1349 tibi
727 1295 812 1366 magis
830 1293 942 1361 oiierar,
958 1311 1039 1366 quam
1091 1307 1161 1365 puer
1169 1292 1248 1349 lesus
1263 1291 1308 1364 qui
1323 1289 1500 1348 oflerebatur.
1525 1289 1565 1348 Sit
1588 1305 1655 1367 ergo
1669 1295 1697 1346 et
1709 1289 1738 1346 in
1753 1289 1890 1348 oblatione
1951 1355 1958 1370 ⁸

243 1387 273 1435 ut
295 1377 408 1435 deserar
429 1379 555 1452 mihiipsi.
574 1381 643 1437 Nem
661 1382 695 1437 ad
722 1383 856 1454 meipsum
875 1384 965 1440 anima
979 1397 1039 1440 mea
1093 1388 1185 1437 nostra
1199 1379 1350 1438 constantia
1369 1377 1465 1448 virilis,
1490 1379 1526 1435 sit
1549 1379 1715 1435 confluentia
1736 1377 1835 1447 caruis,
1855 1379 1892 1435 sit

242 1467 429 1538 conturbetur,
443 1467 471 1524 in
486 1475 513 1525 te
540 1484 605 1526 vere
623 1471 768 1528 exsultabit
781 1471 894 1544 sptritus
909 1487 997 1538 meus,
1014 1471 1036 1527 si
1091 1467 1384 1526 conscientiahumilis.
1406 1467 1457 1532 Sit,
1481 1467 1603 1540 inquam,
1623 1469 1652 1522 in
1667 1467 1807 1540 proposito
1822 1482 1889 1539 per-

244 1552 292 1609 tibi
315 1555 448 1612 veraciter
468 1555 610 1614 olieratur.
636 1559 755 1628 Fratres,
776 1559 906 1617 morituro
923 1559 1038 1616 Domino
1092 1557 1235 1614 serenandi
1248 1558 1354 1614 enimus
1371 1555 1465 1626 virilis,
1488 1557 1523 1614 sit
1545 1556 1574 1611 in
1597 1556 1765 1612 continentia
1779 1555 1891 1612 castitas

243 1641 353 1698 iudaeus
372 1651 494 1700 mortuas
512 1645 616 1702 hostias
636 1647 785 1707 olierebat:
807 1649 856 1706 sed
874 1651 930 1719 J'am
949 1662 1035 1705 nunc:
1091 1645 1239 1718 virginalis,
1254 1645 1289 1703 sit
1303 1647 1331 1702 in
1345 1644 1511 1703 conscientia
1534 1643 1690 1722 simplicitas
1710 1651 1738 1701 et
1753 1643 1889 1701 humilitas

248 1731 309 1791 Viuo
327 1744 386 1804 eqo,
402 1732 472 1792 dicit
492 1735 641 1805 Dominus,
658 1740 723 1796 oete
735 1744 858 1796 mortem
869 1741 1035 1812 peccatoris,
1092 1733 1211 1807 puerilis.
1229 1739 1325 1792 hmen.

599 1957 638 2021 ΙΝ
658 1955 804 2021 haunit
824 1957 961 2023 SANCTl
981 1954 1158 2034 vitiosis
1179 1953 1436 2020 CONFESSORIS
1452 1953 1525 2036 (et).

560 2061 677 2120 setino
692 2063 714 2118 la
1051 2079 1073 2158 Β
1090 2063 1125 2118 sit
1139 2059 1281 2118 infantulo.
1304 2059 1450 2128 Quiritem
1469 2076 1525 2118 nen
1539 2061 1651 2118 miretur
1665 2061 1753 2119 iurem
1768 2059 1885 2118 eim

276 2149 303 2204 i.
328 2147 442 2205 Victoris
460 2151 514 2208 rita
537 2150 632 2224 [uitas
655 2151 749 2226 virtus]
769 2157 797 2208 et
810 2153 896 2226 gloria
909 2152 1034 2224 specialis
1090 2151 1214 2206 daemone
1227 2149 1440 2221 deprehensum,
1465 2158 1494 2205 et
1520 2166 1627 2206 rursum
1649 2167 1665 2206 a
1685 2152 1808 2206 daemone
1823 2165 1887 2206 mox

238 2249 293 2292 non
308 2243 368 2292 tam
391 2238 426 2294 eti
450 2238 564 2310 gloriam
589 2254 670 2311 quam
691 2239 726 2295 ad
750 2241 876 2297 virtutem
903 2248 1035 2314 provocet
1088 2239 1226 2294 hominem
1243 2237 1407 2294 liberatum?
1420 2237 1487 2308 Quis
1505 2253 1560 2294 nen
1579 2238 1660 2294 etiam
1675 2240 1750 2295 omni
1763 2239 1886 2296 admira-

238 2337 334 2380 emncs
355 2325 404 2398 qui
427 2333 503 2384 recto
523 2329 587 2383 snat
606 2328 699 2384 corde.
715 2327 776 2385 Non
796 2330 861 2386 recti
878 2331 968 2401 plane,
984 2330 1034 2386 sed
1089 2327 1162 2382 tione
1176 2326 1340 2399 stupendum
1364 2327 1453 2398 ducat,
1479 2343 1561 2384 carne
1586 2328 1780 2384 circumdatum
1798 2327 1887 2384 bomi-

237 2411 360 2484 perversi
381 2421 425 2469 eet
447 2414 542 2481 animi,
568 2423 632 2472 ante
655 2429 779 2488 querere
808 2418 924 2491 gloriam
952 2434 1033 2491 quam
1087 2429 1161 2482 nem,
1177 2413 1253 2470 coelis
1277 2415 1442 2486 patentibus,
1470 2415 1559 2474 carnis
1586 2415 1678 2474 ecuios
1700 2429 1820 2488 superae
1838 2416 1885 2470 in-

236 2513 367 2558 exercere
398 2501 535 2572 virtutem,
564 2511 592 2560 et
606 2504 676 2560 velie
703 2506 829 2562 coronari
852 2507 898 2578 qni
911 2506 1033 2582 legitime
1086 2503 1173 2577 ligere
1192 2503 1296 2571 lumini,
1318 2512 1345 2559 et
1366 2503 1460 2560 videre
1484 2503 1603 2560 visiones
1626 2504 1685 2572 Dei,
1701 2505 1825 2577 angelice
1840 2504 1884 2560 ia-

235 2599 292 2646 non
305 2590 460 2647 tentaverit.
478 2593 585 2650 Verrem
599 2596 641 2650 est
656 2594 741 2662 vebia,
751 2592 848 2666 inquit,
859 2601 928 2653 artie
943 2597 1033 2653 lacem
1086 2607 1171 2666 super
1185 2591 1297 2648 mulceri
1320 2592 1437 2658 cantico,
1461 2592 1555 2650 doceri
1573 2592 1701 2649 oraculo?
1717 2594 1781 2650 lioec
1800 2601 1884 2666 atque

234 2691 350 2750 sarpere
362 2677 449 2751 (Psoi.
467 2693 566 2749 cxxvi,
581 2679 621 2752 2).
637 2683 678 2738 ita
692 2688 742 2738 est.
756 2683 867 2738 Frustra
877 2682 911 2738 ad
925 2683 1033 2741 celsitu·
1085 2681 1183 2738 simiiia
1206 2681 1235 2737 in
1262 2688 1356 2737 sancto
1378 2681 1489 2738 homine
1507 2696 1678 2748 veneramur,
1701 2698 1757 2738 non
1775 2683 1884 2738 aemula-

234 2765 328 2821 diuem
341 2767 436 2822 nititur
449 2766 555 2839 clonae,
575 2768 621 2840 qui
635 2768 710 2839 prius
728 2783 784 2826 non
806 2768 902 2826 claruit
920 2772 1029 2835 virtute.
1085 2784 1153 2827 mer.
1168 2771 1262 2827 hierita
1283 2769 1404 2842 quidem,
1428 2770 1537 2843 quando
1561 2777 1589 2826 et
1612 2771 1672 2827 sine
1693 2771 1788 2828 salutis
1802 2770 1880 2842 peri·

235 2852 347 2909 Fmstra
377 2853 460 2910 iatuae
489 2855 609 2931 virgines
640 2871 741 2928 sponso
769 2858 876 2914 obviam
905 2871 1029 2934 surgunt,
1084 2861 1146 2916 culo
1161 2865 1273 2930 possunt
1288 2873 1342 2915 non
1357 2857 1429 2924 lieri,
1458 2866 1485 2914 et
1501 2858 1559 2916 sine
1583 2859 1679 2914 salutis
1692 2859 1814 2931 periculo
1829 2875 1881 2915 ne-

234 2953 348 3012 qearem
365 2941 504 3013 lampades
519 2943 742 3015 exstinguuntur:
756 2953 785 3001 at
799 2945 1031 3023 ideoiatuae,quia
1085 2957 1188 3022 queam
1201 2947 1337 3018 usurpari.
1360 2948 1454 3003 Tatius
1484 2963 1549 3003 sane
1578 2947 1730 3004 aemulanda
1753 2946 1882 3005 solidiora

234 3028 328 3084 vacuis
346 3029 497 3100 gloriantur
522 3030 704 3103 lampadibus,
727 3031 834 3089 virtutis
862 3034 951 3091 oleum
975 3053 1030 3094 non
1084 3051 1165 3108 quam
1179 3035 1351 3102 sublimiora;
1367 3044 1395 3092 et
1409 3051 1470 3108 quae
1484 3035 1572 3109 magis
1584 3035 1713 3094 virtutem
1728 3034 1879 3102 redoleant,

233 3117 374 3172 hebentes.
399 3117 476 3174 Absit
499 3117 566 3174 milri
580 3119 692 3194 gloriari
706 3121 758 3176 nisi
771 3121 799 3177 in
812 3123 899 3193 glorie
912 3123 1029 3196 iliorum,
1083 3125 1195 3197 gloriam
1215 3125 1312 3180 minua.

232 3204 331 3277 quibua
340 3205 475 3279 Propheta
485 3207 677 3282 congratulans
686 3209 913 3278 similatricem
922 3212 1030 3273 iumine
1119 3217 1145 3271 3.
1159 3213 1322 3268 Studeamus
1337 3212 1452 3285 preinde
1466 3213 1587 3270 moribus
1601 3212 1776 3279 conformari,
1790 3213 1834 3270 cai
1851 3212 1881 3269 ia

231 3295 329 3352 vultos
336 3295 583 3363 cotrarietatem,
596 3293 1067 3373 ettaaominctcaccrattetocte
1084 3301 1251 3358 mirabilibus
1271 3300 1393 3368 similari,
1417 3301 1468 3358 etsi
1486 3301 1621 3371 volumus,
1644 3317 1700 3359 non
1728 3301 1879 3359 valcamus.

233 3389 292 3442 toto
306 3383 361 3452 die,
377 3388 406 3440 at
417 3386 448 3441 in
464 3387 644 3457 justitiuttte
654 3389 873 3447 exaltabuntur.
888 3391 923 3447 Et
933 3388 1028 3448 iniert:
1083 3390 1254 3447 AEmnlemur
1267 3391 1294 3446 in
1309 3389 1367 3446 vire
1390 3390 1511 3446 sobrium
1528 3391 1641 3458 victum,
1656 3392 1795 3457 devotum,
1811 3389 1881 3446 aiic-

234 3475 705 3545 Qeoniumptoricca'rtutt'teoram
716 3478 878 3551 taes(i>sol.
889 3495 1028 3549 cxxxvrn,
1084 3488 1171 3552 ctum;
1187 3478 1344 3536 aemulemur
1362 3479 1600 3536 mansuetudinem
1618 3479 1739 3552 spiritus,
1754 3479 1882 3536 castimo-

233 3563 340 3632 itt-te).
357 3561 471 3619 Pulchre
486 3577 541 3619 non
557 3579 662 3630 eorum,
678 3564 728 3620 sed
745 3566 851 3622 virtutis
867 3582 961 3624 eorum
975 3569 1031 3641 glo
1083 3567 1155 3622 niam
1178 3568 1390 3640 commiseris
1417 3568 1577 3635 custodiam,
1612 3568 1694 3624 animi
1717 3568 1880 3640 puritatem,

233 3648 273 3704 ria
287 3649 504 3705 commendatur.
519 3648 586 3719 Quae
601 3651 675 3708 enim
689 3653 749 3710 sine
764 3655 864 3711 virtute
878 3664 920 3712 est
932 3657 1029 3731 gioria,
1084 3671 1185 3727 ponere
1200 3655 1307 3714 irenam
1322 3658 1369 3714 ira
1384 3665 1412 3714 et
1426 3658 1537 3713 modum
1559 3657 1670 3730 lingnae,
1685 3657 1805 3713 dormire
1819 3673 1882 3729 par·

231 3735 357 3808 proiecto
375 3735 498 3794 indebita
511 3739 597 3806 venit,
618 3755 793 3814 praepropere
812 3743 965 3816 allectatur,
982 3761 1029 3818 pe·
1083 3746 1149 3813 cius,
1175 3759 1255 3802 orare
1279 3746 1458 3820 frequentius,
1492 3760 1668 3804 commonere
1695 3747 1883 3818 nosmetipsos

233 3824 348 3882 riculeae
369 3833 503 3897 captatur.
525 3827 628 3890 Virtus,
649 3830 750 3904 gradus
767 3833 802 3888 ad
820 3831 952 3904 gioriam3
975 3835 1030 3892 vir-
1082 3833 1202 3906 psalmis,
1236 3836 1343 3907 hymnis
1370 3844 1398 3892 et
1421 3835 1533 3892 canticis
1554 3834 1757 3906 spiritualibua3
1782 3834 1882 3892 diebus

232 3922 286 3980 tus,
320 3923 409 3971 mater
431 3915 525 3987 glorie
547 3924 600 3972 est.
625 3917 715 3974 Fallax
736 3919 823 3992 gloria
845 3929 874 3979 et
896 3939 965 3978 vana
987 3932 1030 3980 cst
1081 3923 1198 3994 iungere
1212 3930 1307 3979 noctes
1320 3929 1349 3979 et
1362 3922 1601 3980 diuinislaudibus
1619 3936 1764 3995 occupare.
1780 3924 1878 3979 AEmu-

231 4003 413 4075 pulchritudo,
430 4019 512 4077 quam
524 4003 571 4060 itta
598 4022 653 4063 non
672 4009 825 4079 parturivit.
841 4011 905 4069 Sola
918 4020 970 4082 cst,
986 4013 1029 4070 cui
1083 4011 1170 4067 lemur
1187 4011 1351 4067 charismata
1378 4011 1659 4077 meliora.‚liiseamus
1677 4013 1712 4067 ab
1727 4012 1788 4085 ipso
1805 4011 1881 4084 qnod

231 4091 317 4164 glorie
329 4093 390 4163 jure
404 4093 531 4164 debetur,
547 4099 575 4150 et
588 4111 685 4152 secure
700 4097 877 4168 impenditur.
1083 4099 1154 4155 mitis
1178 4107 1206 4156 et
1228 4099 1336 4156 humilis
1358 4101 1440 4157 corde
1462 4100 1521 4156 iuit.
1551 4097 1728 4164 AEmuler'raur,
1756 4100 1879 4173 inquam,

267 4183 293 4234 2.
325 4181 425 4236 Sancte
448 4180 550 4236 Victori
572 4196 623 4238 nec
647 4183 742 4250 uirtus,
759 4201 810 4242 nec
835 4187 921 4261 gioria
935 4189 1028 4259 deest3
1083 4187 1157 4260 qued
1170 4189 1271 4246 exstitit
1285 4188 1403 4244 liberalis
1416 4189 1444 4243 in
1458 4205 1603 4261 pauperes.
1623 4190 1761 4260 jucundus
1775 4189 1810 4244 ad
1825 4189 1878 4245 he·

234 4265 283 4321 sed
298 4267 526 4337 quemadmodum
541 4268 627 4325 ambae
642 4285 695 4338 res,
717 4277 745 4327 et
760 4285 814 4345 quo
828 4274 924 4330 ordine
938 4277 965 4331 in
976 4279 1028 4334 hc-
1082 4276 1177 4348 spites,
1197 4277 1304 4349 patiens
1318 4276 1352 4331 ad
1375 4284 1531 4348 peccantes,
1552 4277 1689 4352 benignus
1715 4276 1750 4332 ad
1769 4292 1879 4334 amnes.

234 4353 308 4410 mine
329 4363 531 4425 processerunt,
554 4356 583 4412 id
605 4372 697 4429 operae
716 4361 832 4430 pretium
847 4363 957 4420 intueri.
972 4366 1027 4421 Pu·
1082 4365 1139 4421 lice
1153 4365 1226 4420 enim
1240 4362 1344 4420 meiius.
1362 4365 1430 4420 inis
1450 4363 1536 4421 iornra
1559 4377 1602 4422 est
1623 4367 1665 4422 cui
1680 4363 1881 4437 imprimamur,

234 4441 327 4515 guerit
350 4441 466 4511 lortiter,
500 4443 613 4502 viriiiter
635 4447 779 4518 superauit,
810 4451 898 4508 etsie
919 4453 1028 4511 demunt
1082 4453 1109 4508 in
1126 4452 1260 4509 miraculis
1273 4452 1361 4525 gloria
1375 4469 1453 4525 aqua
1466 4453 1656 4526 reprimamur.
1672 4453 1719 4510 itta
1729 4452 1880 4522 laetificent,

234 4530 321 4605 gioria
334 4539 362 4587 et
377 4531 480 4590 honore
493 4543 648 4592 coronatur.
664 4535 806 4606 Quomodo
820 4553 920 4612 nempe
938 4541 1029 4618 ingio-
1082 4541 1133 4598 ista
1147 4541 1295 4611 mdiiicent3
1313 4549 1439 4598 moveant
1449 4541 1503 4610 iiia,
1515 4541 1564 4597 ista
1583 4549 1772 4613 promoveant.
1784 4542 1884 4614 Epule·

235 4619 291 4676 rius
318 4621 493 4678 remansisset
529 4622 643 4680 bellator
675 4624 759 4696 lertis,
796 4627 902 4685 humilis
923 4631 1027 4688 vietor?
1043 4598 1066 4678 ὓ
1082 4645 1151 4696 mur,
1168 4627 1390 4696 dilectissimi,ad
1407 4630 1738 4698 menaamdivitisvoeati,
1754 4645 1880 4687 mensam

235 4709 394 4781 Quanquam
408 4725 459 4766 nec
482 4711 511 4766 in
531 4709 575 4768 die
601 4712 707 4769 virtutis
730 4729 786 4772 sum
804 4716 864 4774 sine
878 4718 965 4792 gioria
979 4719 1029 4778 init
1081 4719 1265 4776 abundantem
1281 4719 1405 4790 panibus,
1423 4718 1528 4776 deliciis
1541 4719 1715 4776 cumulatam.
1732 4719 1881 4776 hnnondi-

233 4796 318 4868 siquis
338 4805 365 4853 ct
384 4799 516 4871 prodigiis
538 4800 723 4858 admirandus.
747 4803 895 4874 Habemus,
913 4808 1030 4866 diiectis-
1082 4823 1129 4864 ves
1142 4806 1745 4880 qutexcaeptisnoarettcitprotcgitmeritia,
1760 4807 1882 4865 laetificat

235 4884 307 4951 simi,
333 4885 361 4940 in
384 4885 438 4942 vita
463 4887 588 4960 Victoris,
610 4899 639 4948 et
661 4893 734 4963 quod
748 4892 831 4967 digne
846 4895 986 4967 miremur,
1000 4905 1029 4956 et
1081 4894 1187 4970 signis?
1200 4895 1283 4953 Dives
1296 4897 1389 4969 plane,
1403 4897 1431 4953 in
1441 4898 1520 4967 euius
1534 4897 1616 4954 hodie
1628 4897 1754 4954 convivio
1761 4897 1882 4955 solemni

233 4973 306 5046 quod
334 4973 478 5030 salubriter
499 4975 646 5043 imitemur,
668 4979 753 5038 hliror
783 4982 845 5040 vina
867 4985 976 5044 dedisse
999 4989 1029 5044 in
1081 4983 1882 5060 enqelietbomineaperitercongregantur:hiutrelieiau-

234 5076 339 5130 eremo,
357 5075 412 5117 non
431 5061 525 5130 vitem
539 5065 590 5121 sed
609 5065 722 5125 iontem.
738 5069 820 5127 hiiror
834 5080 863 5128 et
876 5082 974 5146 stupco
987 5075 1028 5132 in-
1083 5081 1134 5140 tnr,
1150 5072 1188 5129 illi
1202 5079 1233 5130 ut
1246 5074 1422 5146 deiicientem
1439 5074 1485 5130 isti
1497 5083 1525 5131 ut
1540 5073 1690 5148 proficiant,
1707 5074 1745 5130 iili
1758 5083 1788 5132 ut
1807 5091 1879 5150 gaa-

233 5149 337 5208 laatem
350 5149 439 5209 adhuc
452 5150 480 5206 in
494 5159 572 5210 utero
594 5157 688 5227 paveri
711 5157 795 5216 tuisse
818 5162 951 5232 pavendis
972 5164 1028 5222 dae-
1080 5163 1172 5220 deam.
1180 5163 1322 5233 Guimvita
1332 5162 1435 5235 repleta
1444 5163 1663 5236 benis,quidnisi
1674 5177 1769 5220 measa
1778 5164 1880 5222 referta

232 5240 339 5308 manib,
355 5239 456 5313 quippe
470 5241 505 5297 ab
524 5241 591 5314 ipsis
613 5247 821 5319 precognitum,
847 5257 875 5306 et
888 5253 944 5322 jum
962 5261 1027 5310 tunc
1080 5253 1166 5310 cibis?
1181 5251 1239 5308 Nee
1254 5261 1343 5310 umen
1357 5251 1776 5326 omrdbuaomaiaepponuntur,
1789 5255 1839 5310 sed
1851 5263 1882 5311 nt

232 5343 266 5383 ex
289 5329 400 5386 nemine
422 5330 606 5406 designatum.
636 5334 693 5391 Nec
721 5351 836 5394 vacnum
851 5354 961 5406 nornen,
978 5343 1027 5400 ubi
1081 5342 1156 5399 tollat
1164 5341 1279 5414 quiaque
1287 5341 1360 5414 qued
1368 5341 1419 5398 sibi
1428 5340 1752 5416 expedireetceuveuire
1762 5343 1877 5400 videbit.

233 5415 351 5474 hostium
364 5419 429 5491 larga
442 5429 470 5476 et
489 5427 595 5478 extorta
608 5423 744 5482 consessio
759 5425 900 5484 victoriam
913 5445 1027 5488 conces·
1115 5429 1189 5488 biit
1211 5445 1264 5504 ego
1285 5429 1394 5504 quidem
1417 5431 1532 5488 consilio
1565 5427 1711 5488 salubriori
1731 5431 1880 5506 diiigenter

267 5557 325 5630 (di)
338 5543 404 5629 Ejus
418 5574 516 5632 corpus
538 5569 694 5642 asservatur
707 5563 735 5619 in
760 5567 926 5623 monasterio
940 5569 1025 5626 Arre·
1079 5572 1197 5630 cilicium
1212 5573 1296 5629 babes
1311 5573 1361 5630 sub
1375 5571 1456 5631 tinem
1471 5575 1585 5646 huiusce
1600 5575 1675 5631 torni.
1692 5557 1761 5632 Vide
1777 5575 1880 5649 episto-

231 5627 358 5694 mnrensi,
375 5627 455 5700 mulge
469 5631 584 5687 hientrer
598 5634 710 5706 iiamey,
726 5635 853 5692 dioecesis
866 5637 1023 5706 Trecensis;
1079 5645 1133 5702 iarn
1148 5647 1209 5700 398.
1649 5647 1652 5654 '

230 5698 454 5772 depositio-vero
467 5699 622 5760 celebratur
644 5719 672 5761 tv
693 5707 754 5762 ilai.
776 5707 871 5764 hiartii.
895 5707 1025 5779 Ejusdem
