4086 6344
170 491 225 554 913
809 493 1035 558 auscultastis
1055 495 1205 556 cantica.
1507 511 1512 520 ·
1763 499 1816 560 alt

168 619 274 680 decoris
302 634 410 694 sponsae
435 619 573 692 producta
596 626 669 677 sunt.
697 620 770 688 Hoc,
790 621 813 678 si
841 619 965 678 recolitis
983 638 1007 717 st
1023 618 1162 694 spectabih
1170 620 1303 676 humanos
1317 621 1437 678 oblectat
1449 629 1586 693 aspectus.
1595 621 1668 692 Quid
1682 624 1734 680 hae
1746 625 1817 696 pelle

169 709 264 782 [otios.
280 709 350 768 sieut
372 706 510 782 recolitis],
528 713 627 766 tactum
641 709 702 780 fnit,
719 709 766 766 sed
786 710 966 767 indiscussum
1023 708 1190 766 formosius?
1216 708 1281 780 quid
1308 707 1415 766 tacta
1443 710 1563 767 ornatius
1590 712 1680 768 coelof
1708 711 1818 770 ldinime

170 799 325 858 remansit:
341 811 424 869 porro
438 797 590 854 discussum
603 805 630 853 et
644 798 818 867 declaratum,
830 800 967 873 quomodo
1021 806 1110 856 tamen
1125 799 1166 856 rel
1195 799 1285 870 ipsum
1306 797 1441 855 ullatenus
1463 797 1659 854 conferendum
1678 799 1772 874 glorie
1790 808 1818 856 et

169 888 254 960 niqra
275 887 310 943 sit
328 887 403 943 siem
423 886 607 944 tobernneuto
631 887 728 946 Cadur.
744 885 887 957 Quomodo
903 903 969 966 erqo
1021 886 1116 944 decori
1129 901 1249 960 sponsae,
1273 903 1306 944 eo
1328 887 1388 959 ipso
1407 886 1596 952 succumbens,
1609 887 1682 960 quod
1700 888 1818 958 praeterit

171 976 248 1033 meat
261 975 348 1049 pettes
366 976 527 1035 mamona
549 977 674 1048 formoso
690 977 785 1049 (comt.
801 991 821 1045 ι,
837 978 875 1048 1),
892 976 969 1049 quasi
1020 983 1048 1033 et
1068 977 1126 1034 haec
1145 975 1232 1051 figura
1244 975 1342 1049 ipsius,
1365 983 1459 1048 utpote
1473 989 1617 1047 corporea,
1635 982 1663 1033 et
1680 979 1817 1048 corporeis

169 1079 236 1121 uero
250 1063 378 1119 Salomon
392 1061 510 1118 inomni
525 1061 614 1135 gloria
628 1067 676 1121 sita
686 1065 834 1138 quidquam
847 1062 970 1120 hahuerit
1021 1066 1166 1138 subiacens
1184 1066 1319 1123 sensibus.
1338 1064 1405 1135 Quae
1418 1062 1490 1122 enim
1509 1062 1646 1139 ridentur,
1661 1065 1818 1138 temporalia

170 1149 336 1223 condignum
350 1150 450 1209 decore
474 1166 594 1224 sponsae,
610 1160 638 1208 et
657 1153 746 1225 gloria
761 1159 871 1210 ornatus
885 1153 969 1225 ejus‘l
1021 1164 1101 1225 snut3
1125 1170 1187 1228 quae
1210 1164 1377 1213 autemnon
1399 1153 1535 1226 uidentur,
1561 1161 1661 1211 aeterna
1687 1154 1729 1226 (ll
1755 1157 1817 1213 Cor.

169 1238 204 1294 Et
215 1238 325 1311 quidem
342 1237 365 1295 si
379 1253 435 1296 non
447 1239 480 1295 ad
496 1239 622 1298 decorem
637 1257 756 1315 sponsae,
767 1241 816 1298 sed
830 1242 865 1298 ad
879 1241 969 1314 nigre·
1024 1260 1062 1312 av,
1081 1247 1133 1314 ¹⁸}-

170 1327 262 1383 dinem
277 1325 368 1398 potius
383 1327 474 1384 neseio
489 1344 558 1401 quas
571 1329 657 1402 pelles
667 1330 744 1399 istas,
756 1331 827 1390 sicut
840 1338 867 1388 et
881 1331 969 1388 taber·
1059 1336 1086 1389 3.
1101 1332 1155 1390 Sed
1179 1337 1220 1389 est
1239 1330 1381 1389 rationalis
1394 1329 1520 1403 quaedam
1539 1344 1647 1402 sponsae
1661 1329 1776 1404 species,
1792 1340 1820 1388 et

170 1413 267 1470 nacula
281 1414 369 1473 Cedat
381 1415 519 1486 respicere
532 1417 701 1489 diceremus,
717 1419 839 1477 fortassis
856 1433 970 1490 compe·
1023 1421 1170 1492 spiritualis
1184 1420 1306 1497 effigiem
1317 1421 1427 1492 ipsaque
1437 1426 1549 1488 aeterna,
1561 1418 1625 1492 quin
1639 1419 1730 1493 imago
1739 1428 1819 1477 aeter·

172 1509 249 1569 teret,
264 1516 313 1559 nec
331 1503 440 1560 deesset
452 1504 523 1562 unde
537 1505 565 1561 id
577 1521 730 1580 congruere
744 1517 968 1578 monstraremus,
1023 1510 1124 1568 nitatis.
1146 1513 1234 1570 Decor
1251 1513 1322 1585 ejus,
1347 1510 1420 1567 verbi
1445 1509 1541 1585 qratia,
1565 1509 1683 1565 charitas
1711 1517 1761 1577 est,
1791 1513 1820 1568 at

171 1591 238 1648 sicut
257 1599 283 1647 et
308 1592 527 1649 monstrabimus.
543 1597 578 1650 ht
602 1610 667 1652 vero
687 1595 711 1652 si
729 1611 839 1669 sponsae
857 1594 970 1652 claritati
1023 1601 1159 1671 chamaan,
1174 1600 1244 1657 siem
1257 1600 1356 1673 legitis,
1372 1615 1520 1672 nunquam
1534 1597 1642 1656 cecidit
1652 1599 1677 1666 (1
1686 1599 1748 1658 Gor.
1759 1612 1818 1668 1111,

171 1695 391 1753 quarumcunque
405 1679 531 1739 decorem
545 1681 658 1756 pellium
671 1683 970 1757 comparandumputa-
1023 1691 1060 1759 a).
1079 1690 1130 1745 Est
1143 1694 1214 1744 certa
1236 1696 1263 1743 et
1283 1688 1388 1759 iustitia
1411 1705 1418 1744 :
1443 1691 1478 1745 Et
1492 1687 1613 1760 justitio
1631 1687 1703 1758 ejus,
1720 1685 1819 1760 inquit,

170 1785 244 1838 mus,
253 1770 298 1827 hic
311 1785 423 1842 prorsus
437 1785 506 1842 opus
520 1770 599 1828 nobis
613 1781 656 1830 est
668 1774 729 1844 eius
742 1771 867 1846 adquam
879 1773 1000 1887 pulsa·B
1023 1780 1123 1835 monet
1135 1781 1168 1834 ia
1186 1779 1325 1834 soeoutum
1340 1777 1439 1834 soeculi
1453 1777 1540 1849 (Psot.
1556 1791 1609 1844 aar,
1626 1774 1664 1846 3).
1678 1775 1727 1832 Est
1740 1775 1820 1832 etiam

170 1859 220 1914 stis
234 1859 345 1933 auxilio,
362 1868 496 1934 quatenus
514 1863 673 1935 mysterium
693 1863 746 1919 hoc
764 1862 847 1935 digno
861 1863 966 1935 aperire
1024 1865 1166 1937 patientia;
1181 1870 1209 1920 et
1220 1863 1311 1936 legitis
1326 1861 1500 1919 nihilominus
1513 1862 1578 1935 quia
1591 1863 1734 1936 pollentio
1744 1878 1821 1934 pou·

170 1946 318 2020 possimus.
334 1947 404 2016 Quid
418 1965 535 2022 namque
551 1967 647 2008 eorum
661 1967 722 2024 qum
741 1951 769 2007 in
783 1951 853 2008 facia
865 1951 968 2024 lucent,
1023 1969 1123 2029 peram
1141 1967 1200 2010 non
1213 1952 1316 2025 peribit
1328 1952 1360 2007 ia
1374 1952 1461 2020 ficem
1470 1951 1555 2022 (Paul.
1572 1965 1611 2016 rx,
1624 1949 1679 2020 la).
1691 1949 1763 2019 Quid
1777 1964 1822 2008 ro·

171 2036 195 2091 si
218 2035 332 2092 internae
352 2037 504 2110 cujuspiam
526 2047 627 2096 sancte
649 2041 747 2096 animae
773 2039 968 2112 pulchritudini
1023 2041 1140 2103 lnntaria
1163 2041 1331 2114 paupertas?
1353 2038 1421 2112 quid
1442 2037 1599 2094 humilitas?
1617 2037 1714 2093 Nonne
1737 2038 1822 2095 altera

170 2134 352 2197 comparetur,
368 2141 423 2182 non
436 2126 489 2183 tile
504 2143 535 2184 ae
549 2127 652 2186 foedum
665 2138 741 2185 recto
756 2138 885 2202 appareat
898 2129 969 2185 aesti—
1023 2148 1138 2207 regnum
1153 2139 1283 2188 aeternum
1301 2127 1414 2202 (ldotth.
1434 2144 1461 2193 v,
1476 2124 1516 2200 3),
1532 2125 1615 2182 altera
1629 2140 1704 2198 aeque
1718 2122 1820 2180 exalta-

171 2213 268 2270 matori
280 2214 295 2269 ‘l
309 2211 390 2282 Quid,
411 2213 535 2288 inquam,
555 2215 608 2272 tale
626 2217 655 2272 in
675 2231 708 2272 se
728 2217 844 2274 ostendit
855 2233 888 2275 ea
908 2233 968 2290 quoe
1024 2225 1126 2282 tionem
1143 2226 1314 2295 promeretur
1336 2218 1488 2275 aeternamf
1515 2218 1593 2288 (Luc.
1622 2229 1678 2285 xiv,
1703 2213 1760 2284 11.)
1782 2214 1822 2270 Εο

170 2301 290 2374 praeterit
313 2301 401 2378 ligura
415 2302 497 2374 hujus
516 2304 619 2371 mnndi,
636 2304 708 2377 quod
723 2320 831 2379 aequare
850 2307 968 2378 speeiem
1023 2325 1131 2384 quoque
1148 2315 1252 2380 spectat
1266 2314 1293 2364 et
1305 2305 1387 2362 timor
1400 2300 1510 2361 Domini
1525 2313 1642 2368 sanctus,
1658 2315 1822 2374 permanens

171 2389 268 2447 animae
284 2392 371 2464 possit
383 2391 468 2462 illius,
479 2408 539 2466 quae
554 2401 635 2451 exuta
647 2393 748 2451 terreni
760 2393 879 2452 hominis
893 2402 969 2452 retu·
1023 2399 1053 2457 iu
1066 2397 1196 2456 mentum
1220 2394 1312 2452 seculi
1326 2393 1414 2466 (Psct.
1434 2407 1512 2462 ιιιιιι,
1534 2391 1589 2464 to).
1605 2389 1651 2449 Sic
1668 2389 1821 2463 pmdentia,

171 2486 276 2546 statem,
293 2481 352 2551 ejus
364 2482 412 2552 qui
426 2483 460 2538 de
474 2482 545 2539 coelo
558 2490 609 2550 est,
624 2483 750 2541 decorem
765 2483 862 2555 induit,
872 2491 971 2540 ornata
1023 2487 1063 2545 sie
1077 2484 1264 2559 temperantia,
1280 2482 1320 2540 sic
1339 2481 1480 2548 fortitudo,
1497 2489 1525 2538 et
1537 2480 1560 2536 si
1578 2495 1638 2552 quae
1656 2487 1719 2536 sunt
1731 2476 1821 2535 virtu-

170 2568 280 2642 optimis
293 2571 414 2628 moribus
435 2587 485 2645 pro
499 2572 658 2646 monilibus,
672 2573 732 2644 ipso
752 2574 845 2646 purior
859 2575 930 2632 sicut
943 2583 971 2631 et
1023 2575 1145 2646 tesaliae,
1160 2575 1224 2647 quid
1234 2571 1287 2629 nisi
1301 2567 1661 2644 margaritaesuntqnaedam
1675 2566 1704 2622 in
1713 2580 1822 2638 sponsae

170 2658 303 2714 excelsior
318 2659 429 2734 aethere,
445 2661 504 2718 sole
518 2661 712 2740 splendidiori
724 2663 787 2720 Noli
801 2678 867 2737 ergo
882 2663 969 2735 respi·
1024 2673 1132 2737 omniu,
1147 2662 1294 2737 splendore
1313 2667 1442 2734 perpetuo
1467 2655 1663 2715 coruscantes?
1678 2656 1820 2725 Perpetuo,

170 2762 234 2803 ecre
256 2749 291 2804 ad
318 2747 400 2805 istum
428 2750 618 2819 Salomonem,
648 2767 711 2808 cum
738 2752 877 2825 indagare.
893 2751 970 2824 cupis
1023 2755 1143 2829 inquam,
1165 2752 1229 2825 quia
1247 2752 1325 2808 sedes
1348 2757 1375 2806 et
1398 2748 1602 2804 fondamentum
1621 2743 1820 2817 perpetuitatis.

170 2836 325 2906 cuiusmodi
340 2854 370 2894 sc
383 2837 503 2913 pellibus
513 2841 629 2898 similem
643 2841 671 2897 in
685 2841 784 2899 decore
794 2856 897 2915 sponsa
910 2842 970 2915 plo·
1022 2846 1078 2902 Nec
1092 2842 1165 2900 enim
1184 2848 1322 2913 perpetue
1336 2839 1478 2910 hastaque
1497 2835 1560 2892 vitae
1578 2832 1689 2892 omnino
1704 2833 1780 2890 loeus
1793 2831 1822 2887 in

168 2923 265 3007 rietur.
1026 2932 1117 2989 anima
1130 2936 1181 2996 est,
1195 2929 1248 2985 nisi
1263 2925 1360 2984 mediis
1380 2925 1488 2998 quidem
1503 2921 1702 2994 interjectisque
1714 2919 1822 2977 uirtuti-

193 2992 324 3104 &Quid
338 3023 381 3073 est
392 3032 456 3090 erqo
471 3017 544 3090 quod
564 3015 629 3075 dicit
644 3035 652 3076 ι
667 3022 799 3077 Formosa
814 3037 877 3078 sum
891 3021 969 3077 sicat
985 2984 1006 3062 c
1026 3021 1087 3077 bus.
1101 3019 1179 3076 Unde
1192 3018 1325 3088 Propheta
1339 3015 1406 3081 Deo,
1424 3012 1471 3086 qui
1485 3013 1580 3085 utique
1593 3010 1650 3069 rita
1663 3009 1739 3065 beata
1755 3016 1796 3064 est
1812 3025 1820 3061 s

169 3104 258 3178 pelles
268 3105 447 3165 Sotooeonis?
464 3107 590 3180 lfagnum
605 3116 633 3165 et
645 3107 770 3167 mirabile
785 3108 923 3182 quiddam,
941 3119 970 3166 ut
1023 3109 1153 3175 lustitia,
1167 3103 1266 3177 inquit,
1283 3107 1311 3162 et
1320 3103 1464 3175 judicium
1483 3099 1657 3173 preparatio
1676 3096 1747 3155 sodis
1762 3100 1821 3155 tue

133 3227 137 3238 ·
171 3194 403 3268 aqosestimotsi
423 3203 586 3255 tamennon
608 3199 754 3267 hunc,sed
774 3199 969 3256 illumhicat·
1023 3195 1110 3268 (Psot.
1131 3207 1266 3261 ιιιινιιι,
1282 3185 1650 3264 15).Ε1Αροειο1ιιιάἰοίιε
1672 3185 1820 3244 Christum

172 3282 325 3354 tendamus,
338 3285 371 3342 de
385 3301 440 3358 quo
451 3286 549 3345 dieitur
565 3289 653 3345 :Ecce
664 3287 731 3362 ptus
742 3305 826 3363 qaum
837 3289 970 3347 &tomen
1024 3283 1163 3349 hahitare,
1178 3295 1232 3336 non
1242 3279 1316 3336 omni
1329 3279 1412 3333 modo
1427 3277 1547 3350 quidem,
1558 3275 1606 3330 scd
1620 3273 1760 3346 siqnsnter
1767 3289 1820 3346 per

174 3373 218 3430 laic
232 3372 347 3446 (lfottlt.
357 3388 409 3442 ιιιι,
426 3375 484 3446 li).
497 3375 565 3430 Nam
583 3376 751 3450 usqueadeo
766 3377 789 3433 is
802 3393 881 3434 meus
894 3379 970 3435 Salo-
1022 3373 1108 3442 fidem
1121 3371 1154 3426 io
1167 3369 1298 3428 cordibus
1319 3367 1425 3424 nostris
1440 3365 1550 3439 (aptes.
1570 3378 1612 3430 1¹¹,
1634 3363 1690 3434 17)·
1705 3361 1821 3419 D⁰ml¹¹⁰

172 3478 236 3520 mon
250 3467 302 3533 est,
313 3470 344 3518 nt
355 3478 409 3521 non
424 3464 505 3521 modo
519 3466 655 3538 pacificus
671 3468 755 3539 (quod
770 3467 880 3539 quidem
893 3468 971 3525 Sato-
1024 3475 1133 3534 quoquc
1147 3472 1255 3514 sesamo
1274 3473 1356 3529 super
1369 3455 1493 3526 asellum,
1508 3461 1596 3510 restes
1614 3466 1676 3508 suas
1693 3449 1822 3522 discipuli

172 3567 239 3608 moa
253 3550 466 3626 interpretatur),
481 3552 572 3611 sedet
593 3571 653 3627 poe
672 3554 732 3629 ipsa
744 3562 867 3622 vocetur,
890 3555 971 3612 Paulo
1026 3551 1231 3606 substraverunt
1245 3547 1356 3619 (lfattlt.
1375 3561 1434 3612 ιιι,
1449 3545 1477 3612 i,
1493 3543 1539 3616 8);
1560 3540 1741 3615 significantes
1758 3537 1820 3594 Sel-

171 3639 331 3711 perhibente
345 3641 407 3713 quia
426 3643 486 3715 ipse
506 3647 618 3719 estpoe
631 3651 732 3703 nostro
745 3644 855 3718 (Spica.
873 3646 971 3716 ιι,11).
1025 3646 1145 3697 vatoram
1173 3652 1222 3694 seu
1249 3637 1363 3692 salutem
1387 3648 1558 3706 nequaquam
1590 3629 1710 3686 insidere
1740 3627 1821 3686 nudae

172 3729 255 3800 apuu
277 3729 360 3786 istum
382 3732 554 3789 Salomonem
573 3749 628 3790 non
650 3733 745 3790 dubito
760 3749 839 3806 posse
857 3733 971 3792 inveniri
1025 3729 1130 3800 animae,
1150 3742 1230 3799 quam
1248 3740 1303 3782 non
1325 3722 1450 3782 videlieet
1472 3721 1595 3780 vestitam
1619 3716 1821 3777 inveneritdo-

173 3817 248 3889 quod
262 3819 355 3875 decori
366 3835 474 3890 sponsae
484 3820 595 3877 omnino
608 3835 764 3893 comparare
774 3837 828 3879 non
837 3821 971 3880 dubitem.
991 3845 993 3851 ·
1025 3818 1110 3875 ctrina
1136 3826 1164 3874 et
1190 3815 1312 3872 moribus
1338 3813 1533 3887 apostolorum.
1561 3810 1595 3867 Bt
1618 3809 1679 3866 ideo
1702 3805 1824 3866 Ecclesia

174 3907 210 3962 Et
232 3907 383 3979 praesertim
398 3910 431 3966 de
446 3910 562 3983 pellibus
582 3911 642 3982 eJ'us
661 3911 772 3970 adverte
790 3912 817 3968 in
840 3911 971 3969 Psalmo:
1027 3905 1236 3980 promissionem
1258 3903 1362 3961 habens
1379 3901 1477 3958 futurae
1491 3898 1634 3967 felicitatis,
1655 3907 1730 3954 curat
1749 3896 1822 3954 inte-

176 3997 352 4070 Extendens,
367 3997 412 4070 ait,
428 4000 530 4057 cretam
543 4001 620 4059 sicot
631 4003 736 4076 pettam
749 4000 838 4075 (Psoi.
852 4017 912 4074 carr,
928 4002 969 4073 2).
1028 3994 1079 4050 rim
1093 4007 1246 4068 preparare
1262 3999 1290 4048 et
1311 4005 1466 4064 praeornare
1484 4005 1515 4046 se
1529 3987 1556 4042 in
1571 3986 1670 4045 vestitu
1683 3987 1822 4050 deaurato,

175 4085 236 4142 Non
258 4085 303 4142 ille
329 4088 453 4158 profecto
481 4088 619 4158 Salomon,
636 4091 688 4146 etsi
711 4091 825 4148 multum
851 4090 972 4162 sapiens,
1030 4082 1195 4142 circumdate
1225 4079 1352 4139 Varietate
1380 4079 1465 4149 (ΡΜ)
1495 4091 1566 4145 llll,
1601 4073 1646 4144 ¹⁰)
1675 4075 1824 4147 gilulfum

177 4173 344 4248 multumque
361 4187 470 4248 potens,
498 4178 620 4234 extendit
643 4180 743 4238 coelum
765 4181 833 4238 sient
855 4181 975 4252 pellem;
1032 4181 1113 4248 atque
1126 4174 1257 4230 virtutum
1273 4169 1360 4241 (aaa),
1377 4183 1431 4241 quo
1445 4166 1564 4239 diquaet
1581 4160 1824 4237 capaxplenitudi-

160 4335 163 4342 Ι
178 4264 226 4320 sed
240 4264 263 4320 is
277 4265 369 4336 potius
382 4267 428 4340 qui
439 4283 495 4324 nnn
505 4275 560 4324 tam
575 4269 774 4343 sapiensquam
788 4270 848 4341 ipss
861 4269 977 4341 Sapien-
992 4261 1016 4340 Ι)
1030 4263 1074 4320 nis
1089 4263 1182 4340 qratiae
1201 4259 1362 4318 inveniatur.
1742 4339 1747 4351 Ι
1808 4339 1814 4350 ·

178 4355 215 4411 tia
230 4363 279 4424 est,
294 4355 352 4428 ipse
367 4370 479 4428 prorsus
490 4358 609 4415 extendit
623 4359 791 4418 etcondidit.
801 4359 882 4414 lstins
892 4356 977 4431 siqui·
1067 4356 1093 4412 t.
1109 4354 1239 4410 Ceterum
1260 4348 1391 4422 spirituali
1404 4347 1466 4404 huic
1485 4353 1539 4402 tam
1558 4343 1679 4415 pulchre
1693 4345 1826 4407 rametatr,

179 4446 253 4516 dem,
268 4451 295 4502 et
309 4461 364 4503 non
379 4436 451 4502 illius
462 4447 508 4504 illa
522 4463 575 4507 vor
589 4455 631 4503 est
647 4465 654 4504 ι
670 4447 784 4520 Quando
798 4449 978 4522 praeparabat
1032 4442 1161 4518 quamde
1178 4443 1266 4514 prima
1281 4438 1387 4495 interim
1406 4437 1474 4494 stola
1492 4435 1520 4491 in
1543 4432 1661 4508 quadam
1678 4437 1753 4487 veste
1771 4445 1827 4487 suae

181 4538 273 4607 emtor,
287 4537 358 4594 haud
382 4535 497 4593 dubium
510 4537 577 4608 quin
596 4539 668 4594 Deus
683 4539 770 4607 Pater,
786 4555 833 4612 opo
850 4539 977 4596 oderam.
1033 4529 1253 4591 sanctificationis
1267 4527 1383 4600 accepit,
1402 4525 1475 4582 nullo
1490 4533 1569 4597 pacto
1583 4538 1636 4597 ego
1650 4533 1828 4592 comparare-

181 4626 283 4683 ddernt
309 4627 369 4682 sine
397 4626 479 4684 dnbio
506 4627 669 4700 praeparanti
696 4628 781 4686 coelos
807 4643 857 4686 sua
883 4627 978 4696 virtus,
1033 4625 1085 4680 dm
1098 4621 1238 4679 indecore
1252 4617 1351 4676 coelum
1371 4613 1540 4672 hocrisibile
1557 4619 1638 4682 atque
1656 4623 1829 4709 corporeum,

182 4731 282 4786 susque
306 4715 449 4788 sapientia.
473 4717 529 4774 Nec
557 4725 636 4790 putes
662 4715 779 4773 astitisse
803 4715 927 4788 otiosam,
952 4724 980 4772 et
1034 4710 1157 4786 quamvis
1184 4709 1213 4764 in
1235 4723 1284 4765 suo
1306 4719 1409 4780 genere
1435 4702 1547 4776 quidem
1577 4700 1682 4758 siderea
1703 4703 1831 4754 varietate

183 4803 301 4878 quasiad
316 4804 492 4877 spectandum
504 4803 979 4878 solummodo,qniadixit,cdernm,
1033 4799 1257 4876 pulcherrimum.
1277 4795 1331 4853 Sed
1350 4801 1393 4853 est
1408 4794 1507 4851 coelum
1529 4789 1602 4856 eoeli,
1625 4790 1660 4846 de
1684 4801 1740 4858 quo
1762 4785 1831 4842 Pro-

184 4910 239 4952 non
253 4894 344 4968 etiam,
360 4895 557 4967 praeparabam.
573 4893 689 4966 Respice
702 4893 838 4965 paulisper
857 4893 980 4961 inferius,
1034 4895 1117 4967 pheta
1132 4889 1277 4948 :Psallita
1288 4885 1385 4958 inquit,
1399 4884 1529 4952 Domino,
1544 4882 1592 4955 qui
1606 4879 1735 4937 aseendit
1747 4893 1833 4950 super

183 4993 212 5044 et
227 4984 346 5042 invenies
359 4992 450 5056 aperte
464 4984 682 5058 subjungentem,
703 4984 766 5055 quia
780 5001 859 5043 eram
871 4999 936 5042 eum
951 5000 982 5040 co
1036 4980 1210 5041 ooetumooeti
1220 4978 1256 5035 od
1266 4979 1405 5034 ementem
1414 4975 1501 5047 (Psoi.
1512 4987 1596 5036 ιιιιιι,
1613 4972 1658 5038 33,
1669 4970 1723 5039 31).
1738 4965 1835 5022 Ethoc

184 5089 352 5147 componens
365 5073 462 5131 omnic
476 5073 569 5144 (Pron.
584 5089 646 5140 ιιιιι,
662 5075 770 5145 27-30).
786 5072 909 5144 Denique
923 5071 959 5128 ait
975 5086 981 5126 :
1038 5072 1138 5129 coelum
1153 5066 1334 5125 intellectuale
1358 5079 1390 5120 ac
1409 5061 1550 5134 spirituale
1566 5077 1574 5118 :
1589 5068 1615 5116 et
1628 5060 1675 5132 qui
1700 5057 1764 5114 feeit
1776 5070 1835 5112 coe·

190 5165 369 5238 maenaque
384 5165 461 5222 mim
474 5165 561 5220 Peter
569 5165 653 5235 facit,
669 5164 728 5220 haec
738 5167 767 5219 et
778 5164 867 5220 litias
881 5161 985 5219 simiti-
1037 5162 1079 5218 los
1099 5158 1127 5214 in
1152 5157 1290 5214 intellectu
1312 5153 1401 5226 (Psoi,
1424 5168 1522 5222 cxxxv,
1547 5149 1585 5222 5),
1602 5147 1703 5206 creavit
1726 5143 1792 5199 illnd
1807 5148 1834 5198 et

188 5257 233 5311 ter
246 5256 319 5326 fecit
329 5253 422 5326 (foen.
433 5269 461 5321 v,
472 5254 528 5324 19).
542 5252 576 5308 Et
587 5253 745 5325 ipseitaque
755 5251 875 5308 extendit
886 5250 986 5308 eoelum
1040 5246 1129 5304 statuit
1144 5245 1173 5303 in
1188 5245 1392 5317 sempiternum,
1405 5242 1549 5314 ipsumque
1564 5238 1704 5295 inhabitat.
1718 5233 1759 5288 Ne
1773 5244 1838 5288 nero

187 5343 258 5399 sicut
280 5343 390 5414 pellem.
417 5341 600 5400 Pulcherrima
621 5341 719 5413 pellis,
737 5357 797 5414 quae
820 5341 848 5397 in
875 5339 987 5398 modom
1041 5347 1122 5414 putes
1141 5353 1249 5412 sponsae
1273 5334 1443 5394 devotionem
1456 5334 1525 5390 citra
1539 5330 1604 5388 illud
1619 5339 1760 5386 remanere
1778 5339 1839 5380 coe-

188 5437 280 5508 magni
294 5433 437 5505 cujusdam
453 5433 559 5490 tentorii
574 5431 729 5490 universam
750 5429 877 5504 operiens
891 5430 988 5488 faciem
1042 5430 1110 5499 lum,
1130 5429 1159 5485 in
1172 5441 1226 5500 quo
1241 5425 1292 5483 seit
1312 5423 1434 5481 habitare
1456 5420 1583 5477 dilectum
1607 5435 1614 5472 ι
1630 5415 1676 5473 ubi
1691 5415 1764 5472 enim
1780 5412 1840 5470 the-

188 5533 280 5595 terrae,
307 5521 383 5591 solis,
407 5523 480 5579 luna
503 5533 582 5596 atque
613 5521 752 5580 stellarum
780 5519 909 5578 varietata
936 5527 989 5576 tam
1044 5535 1141 5578 saurim
1156 5519 1225 5590 ejus,
1241 5516 1279 5573 ibi
1297 5523 1325 5574 et
1345 5529 1394 5571 cor
1417 5511 1478 5583 ejus
1490 5509 1601 5584 (fictile.
1617 5524 1655 5574 ιι,
1672 5505 1729 5576 il).
1746 5503 1841 5560 AEmu·

225 5735 304 5806 (187)
317 5731 399 5790 hddit
422 5729 556 5799 Horatius,
572 5729 684 5801 quotam
705 5725 817 5802 quodem
839 5743 876 5785 ec
900 5727 983 5798 porte
1003 5719 1201 5796 descripsimus
1219 5740 1228 5778 .·
1243 5737 1304 5795 quae
1322 5717 1510 5778 desiderantur
1533 5715 1561 5770 in
1590 5711 1684 5785 primis
1710 5707 1792 5767 editis
1816 5714 1843 5764 et

195 5809 223 5866 in
246 5805 374 5865 omnihus
389 5800 489 5862 uostris
507 5798 707 5870 manuscriptis.
