4118 6346
169 457 218 512 sor
585 453 618 508 m
638 451 900 512 ranimirus.
920 451 1067 513 sotanis
1087 453 1263 513 narsisru
1283 451 1409 513 saeuo.
1769 437 1822 498 ιιι

166 578 258 636 vitatis
278 579 341 651 ejus
363 577 500 652 propheta
518 577 656 650 quondam
673 578 765 636 letitia
788 577 876 638 aab
905 579 967 635 esti
984 592 1008 671 g
1025 579 1162 637 laboribus
1186 581 1250 649 suis,
1275 584 1303 636 ot
1325 578 1434 634 dicere:
1461 576 1531 633 Satis
1555 583 1597 632 est
1620 571 1693 648 quod
1719 569 1820 644 patior,

167 669 253 740 Cujus
271 668 345 724 enim
360 667 519 726 memoriam
538 667 627 742 agitis,
644 683 662 723 o
681 667 760 723 nimis
774 667 882 725 delicati
905 667 966 725 cul·
1024 669 1125 725 nedum
1138 667 1241 724 nimisi
1256 665 1323 737 Qua
1337 667 1410 725 enim
1424 663 1580 729 homicidis,
1594 678 1655 734 quae
1665 658 1817 732 sacrilegia,

166 757 264 815 tores?
278 760 357 828 cuius
377 755 521 813 celebretis
542 755 686 812 namlemi
710 756 807 812 Nonne
828 755 899 812 illius
922 758 969 829 qui
1022 765 1068 813 eut
1082 773 1145 830 quoe
1172 757 1275 830 llsgitia
1289 755 1328 813 sic
1347 755 1479 827 puniebat
1495 751 1614 808 loannes
1635 751 1664 805 in
1685 766 1716 806 se
1739 746 1819 819 ipso?

165 847 196 902 in
210 862 306 904 eremo
320 845 370 902 luit
384 845 502 900 hirsutus
516 853 601 910 veste,
616 844 757 901 coniectus
770 844 861 902 inedia
871 846 886 899 i
897 845 968 912 Quid
1022 847 1214 903 accendamur
1227 846 1262 902 ad
1276 844 1474 918 paenitentiam,
1495 840 1601 902 iratres,
1617 837 1819 910 interrogemus

166 936 262 992 existis
275 935 304 990 iu
319 935 456 990 desertum
471 932 577 1000 videre,
592 932 639 988 lilii
662 933 830 1006 babylonis?
853 935 967 990 arundi-
1021 935 1201 991 conscientias
1215 941 1332 1004 nostras,
1352 939 1380 989 et
1399 931 1551 987 animemur
1564 928 1597 983 ad
1617 926 1746 981 ultionem
1758 924 1817 979 eni·

166 1041 232 1080 nem
245 1030 330 1080 vento
342 1021 493 1095 agitatam?
511 1021 582 1088 Quid
601 1021 709 1094 igitur?
725 1022 862 1078 hominem
881 1022 968 1079 molli·
1021 1023 1138 1096 gandam
1153 1024 1187 1079 de
1203 1023 1291 1090 nobis,
1307 1029 1337 1078 ut
1355 1019 1520 1078 horrendum
1543 1015 1678 1088 possimus
1700 1013 1817 1070 evadere
1926 1017 1931 1028 '

167 1113 222 1168 bus
241 1111 388 1169 vestitum?
412 1110 543 1166 nutritum
573 1110 722 1166 mollibus?
745 1112 776 1167 ln
800 1111 842 1166 bis
869 1127 967 1183 nempe
1019 1111 1149 1185 judicium
1164 1112 1213 1167 Dei
1227 1110 1351 1168 viventis.
1367 1108 1503 1181 Quidquid
1516 1121 1582 1162 vero
1600 1102 1689 1158 minus
1705 1109 1747 1156 cst
1761 1100 1818 1156 ier·

167 1209 226 1257 tota
248 1205 371 1257 versatur
395 1201 453 1256 lraec
475 1206 567 1256 vestra
592 1199 755 1255 celebritas:
780 1200 808 1255 in
829 1201 968 1273 popularis
1021 1202 1105 1268 voris,
1124 1202 1261 1258 humilitas
1275 1201 1399 1272 suppleat
1413 1213 1488 1270 purae
1511 1192 1699 1251 confessionis.
1724 1188 1818 1245 Fidelii

167 1287 267 1346 laveris
286 1303 352 1343 aura
366 1287 507 1356 sectanda,
519 1287 547 1343 in
557 1288 645 1360 gloria
653 1288 781 1357 vestium,
793 1296 821 1344 et
830 1288 968 1360 voluptate
1021 1291 1093 1346 enim
1114 1292 1198 1358 Deus,
1219 1295 1247 1345 et
1269 1289 1291 1344 si
1316 1287 1495 1344 conliteamur
1519 1281 1675 1354 iniquitates
1698 1285 1815 1346 nostras,

167 1377 299 1433 ciborum.
315 1375 370 1432 Sed
384 1375 450 1449 quid
463 1376 522 1431 lraec
542 1376 576 1431 ad
598 1376 756 1434 loannem?
778 1377 874 1448 Neque
894 1378 968 1433 enim
1021 1379 1044 1434 si
1060 1378 1183 1434 miserias
1203 1387 1311 1433 nostras
1333 1389 1511 1447 exponamus,
1534 1371 1558 1426 si
1580 1385 1635 1426 uon
1657 1381 1818 1424 excusemus

165 1464 287 1520 ioannes
300 1461 364 1520 lecit
378 1464 427 1528 sic,
438 1471 484 1518 aut
495 1463 593 1519 talibus
603 1478 722 1535 unquam
731 1463 816 1535 poluit
826 1464 966 1522 delectari.
1021 1465 1193 1522 infirmitates
1207 1472 1325 1532 nostras,
1349 1463 1467 1519 dimittet
1486 1460 1566 1517 uobis
1580 1463 1693 1531 peccate
1711 1463 1818 1512 nostra..

202 1557 230 1610 t.
247 1552 338 1618 llulti,
353 1551 441 1624 inquit
451 1552 576 1626 angelus,
592 1554 625 1609 in
634 1553 787 1610 estimato
796 1557 855 1625 ejus
864 1553 968 1626 gaude·
1056 1557 1081 1610 9.
1099 1555 1140 1610 Ex
1154 1555 1205 1610 hoc
1223 1569 1289 1609 saue
1304 1558 1333 1608 et
1346 1567 1412 1623 erga
1425 1549 1610 1622 proximorum
1620 1544 1719 1601 delicta
1729 1542 1819 1599 servo-

166 1644 238 1700 burst
250 1643 328 1710 (Luc.
344 1657 365 1706 1,
387 1639 443 1711 ιι).
459 1641 559 1696 Verum
577 1640 605 1695 id
615 1641 742 1713 quidem:
760 1641 835 1697 Multi
849 1644 877 1696 in
893 1642 966 1698 nati-
1020 1660 1079 1700 rem
1093 1643 1200 1699 intuere
1219 1641 1339 1698 loannis.
1356 1641 1403 1696 llis
1413 1654 1513 1710 nempe
1523 1636 1622 1708 dignus
1631 1639 1674 1690 eat
1684 1641 1711 1689 ct
1719 1630 1817 1687 rationi

166 1729 253 1786 vitate
273 1730 333 1800 ejus
347 1729 484 1800 gaudent:
501 1735 528 1785 et
538 1729 651 1804 paganis
666 1728 743 1800 ipsis,
759 1737 787 1784 ut
801 1729 963 1803 audivimus,
1019 1737 1219 1787 consentaneus
1233 1728 1312 1792 ordo,
1326 1733 1357 1784 nt
1380 1723 1564 1797 incipiendum
1588 1721 1636 1778 tibi
1658 1718 1817 1775 memineris

164 1817 230 1874 laeta
243 1827 287 1875 est
301 1825 328 1874 et
341 1816 482 1874 solemnis.
502 1817 544 1873 llli
567 1818 709 1874 celebrant
729 1819 803 1890 quod
825 1817 963 1892 ignorent,
1018 1835 1034 1876 a
1051 1830 1076 1876 te
1091 1820 1161 1890 ipso.
1173 1819 1210 1875 Ab
1223 1819 1351 1882 occultis,
1362 1815 1460 1886 inquit,
1471 1814 1541 1870 ιιιιι
1552 1810 1725 1879 mundusne,
1743 1809 1817 1866 stab

165 1906 216 1962 sed
231 1922 285 1962 nou
300 1907 336 1962 ita
350 1906 503 1964 debuerant
526 1906 679 1964 Christiani.
696 1907 776 1963 Nunc
792 1924 860 1965 vero
873 1915 900 1964 et
913 1909 963 1980 ipsi
980 1893 1002 1970 Β
1018 1904 1540 1981 ιιιιιιιιιινιιιινυοιιο(Ριιι.ιιιιιι,
1550 1904 1593 1964 13,
1603 1898 1818 1970 mitissimus

164 1995 195 2050 iu
214 1996 265 2052 bae
283 1995 357 2052 beati
379 1996 494 2052 ioannis
516 1995 643 2068 Baptistae
665 1994 804 2052 nativitate
827 1997 961 2068 gaudeut;
1018 1999 1191 2070 viperarum,
1206 1995 1383 2062 sitloannes,
1401 1995 1463 2066 qais
1476 1987 1817 2057 ostenditeobissaqereo

163 2085 215 2140 sed
239 2083 343 2140 adnant
365 2085 401 2141 de
433 2083 583 2152 ιιιιιιιιιιι,
608 2099 663 2140 non
684 2085 718 2141 de
739 2088 869 2142 vanitate.
892 2086 963 2155 Quid
1017 2084 1268 2143 ventarcirailie
1289 2089 1391 2155 quanto
1414 2079 1513 2136 mentis
1536 2077 1646 2132 fervore
1667 2071 1817 2145 procedere

163 2181 208 2227 est
222 2173 294 2227 enim
309 2172 363 2228 nisi
390 2173 496 2230 vanitas
514 2173 664 2231 vanitatum
677 2171 808 2246 quidquid
827 2176 877 2230 sub
904 2175 963 2232 sole
1017 2181 1096 2245 putas
1118 2171 1249 2230 scintillas
1273 2172 1349 2238 istas,
1376 2170 1432 2225 imo
1451 2168 1586 2224 carbones
1614 2160 1817 2220 desolatorios?

163 2258 229 2316 esti
250 2268 297 2316 aut
322 2261 387 2334 quid
414 2260 529 2334 emplius
556 2263 639 2318 habet
663 2262 745 2318 homo
772 2262 808 2318 de
835 2263 964 2320 universo
1017 2262 1062 2318 Sia
1076 2275 1166 2332 neque
1185 2259 1328 2315 Pharisaeis
1344 2255 1434 2315 986
1447 2269 1584 2328 parcens:
1601 2253 1704 2319 Nolite,
1720 2247 1817 2320 inquit,

161 2347 258 2404 labore
282 2362 343 2415 suo,
366 2363 420 2420 quo
447 2351 498 2404 sub
524 2349 582 2405 sole
611 2347 737 2404 laborati
763 2349 883 2420 Fratres,
912 2352 963 2406 sub
1018 2352 1111 2408 dicere
1128 2351 1197 2422 qaia
1217 2353 1329 2422 patrem
1346 2342 1645 2404 babamualbrabom:
1660 2343 1816 2412 potensest

162 2436 223 2492 sole
244 2445 287 2493 est
309 2436 441 2510 quidquid
464 2436 550 2495 oculs
583 2436 716 2504 cernitur,
739 2437 871 2511 quidquid
899 2439 964 2496 huic
1017 2441 1094 2498 enim
1103 2441 1174 2495 beas
1187 2438 1222 2494 de
1238 2437 1378 2509 lapidibus
1392 2436 1456 2491 istis
1465 2433 1606 2489 suscitare
1614 2430 1688 2498 filios
1698 2425 1817 2482 Abrabae

160 2539 303 2596 corporeas
326 2524 381 2582 luci
407 2526 551 2596 subjacere
587 2525 706 2582 videtur.
742 2525 815 2596 Quid
839 2541 906 2584 vero
931 2527 964 2583 il·
1017 2527 1096 2598 (Luc.
1113 2542 1156 2592 ιιι,
1171 2529 1198 2592 7,
1214 2526 1252 2597 8).
1264 2523 1318 2580 Sed
1330 2523 1419 2578 minus
1429 2523 1481 2578 hoe
1489 2520 1625 2584 videatur,
1637 2517 1660 2571 si
1675 2516 1716 2572 vel
1728 2515 1817 2587 ipsum

159 2612 219 2680 lud,
248 2613 300 2670 uisi
326 2629 412 2684 vapor
441 2613 478 2668 ad
505 2612 641 2670 modicum
668 2614 792 2686 pareus?
818 2617 887 2685 (luc.
921 2631 960 2685 ιιι,
1017 2627 1128 2674 veretur
1142 2613 1260 2686 potentis
1273 2613 1389 2676 vultum,
1404 2619 1432 2666 et
1446 2623 1502 2665 nou
1516 2615 1574 2662 tota
1591 2605 1717 2661 libertate
1731 2602 1816 2674 spiri-

160 2703 222 2772 te.)
237 2699 308 2769 Quid
322 2702 399 2766 illud,
410 2700 464 2757 nisi
474 2701 579 2769 lenum,
594 2709 622 2758 et
635 2703 685 2759 llos
699 2701 776 2759 leni?
792 2704 889 2761 Omnis
898 2719 963 2762 caro
1019 2711 1061 2760 tus
1075 2703 1165 2775 argrrit
1178 2708 1336 2773 peccantem
1352 2713 1457 2769 regem,
1473 2693 1612 2752 crudelem
1626 2699 1709 2764 atque
1722 2707 1817 2758 super-

158 2792 273 2860 sesam,
289 2789 328 2844 ait
342 2789 484 2858 Dominus,
502 2797 527 2846 at
537 2793 628 2848 omnis
642 2793 734 2862 gloria
746 2794 807 2863 ejus
817 2795 898 2864 quasi
911 2794 962 2861 llos
1016 2793 1099 2860 bum;
1114 2807 1192 2847 saera
1207 2789 1323 2862 quadam
1338 2785 1509 2844 vehementia
1530 2783 1565 2837 ed
1581 2783 1632 2839 hoc
1646 2781 1734 2850 ipsum
1752 2795 1816 2850 pro·

157 2877 904 2946 [eni.Feaamuruit,etflosdeciditwerbamcetam
912 2882 963 2936 Do
1016 2881 1096 2937 diens
1118 2880 1154 2935 de
1177 2879 1299 2941 deserto,
1323 2874 1346 2931 si
1375 2875 1417 2931 vel
1441 2869 1579 2928 blanditiis
1598 2870 1669 2940 ejus,
1691 2867 1734 2924 vel
1757 2867 1815 2938 ipso

158 2965 675 3036 minimeestinoetarnumllsai.xu,
687 2970 714 3034 6,
727 2967 765 3038 8).
776 2967 807 3022 ln
818 2969 962 3025 beaverbo
1016 2969 1112 3025 mortis
1126 2975 1231 3025 terrore
1257 2971 1391 3021 movetur.
1416 2961 1565 3028 lictucbot,
1579 2956 1678 3030 inquit,
1698 2956 1815 3013 Herodes

157 3052 330 3118 laboremus,
354 3051 470 3118 iratres;
487 3052 516 3108 iu
540 3070 595 3126 quo
614 3063 642 3111 et
663 3055 766 3122 vivere,
790 3064 819 3111 et
840 3056 961 3130 gaudere
1015 3046 1817 3122 loannem,etaaditoeomaltasaciebst,etlidentaream

157 3139 298 3212 possimus
311 3140 339 3195 in
353 3147 497 3196 eternum.
513 3141 666 3213 Operemur
679 3157 735 3199 uon
750 3143 840 3200 cibum
851 3144 898 3216 qui
912 3160 961 3215 pe·
1016 3146 1158 3204 audiebat.
1173 3145 1212 3200 Ac
1230 3142 1275 3198 ille
1289 3140 1354 3197 nihil
1368 3139 1405 3196 ob
1419 3140 1470 3196 hoc
1493 3140 1627 3210 parcens:
1654 3136 1716 3192 Non
1738 3135 1814 3201 licet,

156 3229 206 3296 rit,
221 3228 271 3284 sed
283 3228 329 3300 (ιιι
343 3238 486 3300 permanet
504 3229 532 3284 in
550 3231 631 3286 vitam
649 3239 790 3287 eternam.
811 3232 877 3302 Quis
890 3232 962 3289 illei
977 3193 1000 3274 Β
1016 3236 1063 3304 ιιι,
1080 3235 1132 3291 tibi
1146 3233 1246 3293 tabee
1260 3247 1332 3289 eom.
1347 3229 1583 3299 ligatusquoque,
1596 3223 1661 3280 etin
1676 3236 1815 3278 carcerem

157 3318 224 3374 Nora
237 3318 331 3377 iurato
339 3334 414 3390 paee
423 3319 494 3375 vivit
506 3319 596 3386 homo,
612 3321 659 3377 red
668 3323 701 3377 in
710 3322 789 3379 omrai
798 3321 878 3380 uerbo
887 3322 962 3394 quod
1017 3333 1117 3392 trusus,
1139 3319 1314 3377 nihilomiuus
1328 3316 1436 3374 fortiter
1453 3314 1530 3371 stetit
1543 3313 1571 3368 in
1584 3312 1712 3376 veritate,
1728 3318 1756 3366 et
1769 3324 1815 3365 oo-

158 3406 333 3480 proceditde
346 3422 393 3462 orc
402 3407 455 3463 Dei
465 3407 576 3479 lldattlt.
586 3423 625 3463 rv.
637 3408 675 3480 ι).
686 3408 858 3466 Semiuemus
870 3410 899 3465 ιιι
910 3412 962 3467 troc
1016 3411 1091 3468 cubit
1103 3425 1153 3484 pro
1167 3409 1283 3466 veritate
1298 3404 1409 3462 feliciter
1430 3404 1529 3476 (dare.
1553 3415 1591 3466 ιι,
1614 3398 1719 3471 ιι-ιιι.
1744 3398 1814 3453 Fer-

155 3494 256 3578 verbo,
281 3494 432 3551 charissimi
450 3495 617 3552 seminemus
649 3498 677 3552 in
695 3497 811 3568 spiritu;
831 3499 962 3570 quoniam
1016 3509 1078 3556 veat
1092 3500 1174 3555 ctiam
1192 3497 1221 3552 iu
1240 3495 1319 3552 nobis
1334 3495 1408 3551 zelus
1428 3492 1493 3559 ista,
1511 3488 1687 3556 cbarissimi;
1709 3485 1815 3542 ferveat

156 3582 253 3656 quiin
270 3598 352 3640 carne
377 3583 523 3650 seminant,
546 3585 631 3640 solam
653 3585 756 3642 babent
777 3593 881 3644 metere
895 3601 960 3644 cor-
1016 3603 1092 3644 amor
1111 3586 1232 3658 justitiae,
1266 3583 1359 3641 odium
1391 3580 1550 3654 iniquitatis.
1583 3577 1682 3646 Nemo,
1704 3574 1812 3644 iratres,

155 3671 326 3743 ruptionem.
342 3670 518 3728 Gaudeamus
535 3671 619 3742 intus,
635 3680 663 3728 et
677 3688 732 3729 non
745 3675 796 3729 sub
809 3679 879 3738 sole,
900 3675 960 3742 sed,
1015 3676 1079 3734 vitia
1093 3677 1206 3748 palpata
1222 3669 1494 3746 peccatadissimulet
1509 3682 1600 3724 nemo.
1621 3667 1708 3722 Nemo
1722 3663 1811 3720 dicat:

154 3762 236 3831 juxta
245 3760 417 3832 Apostolum,
434 3765 573 3832 ιιιιιιιι
584 3760 690 3827 tristes,
703 3769 815 3833 propter
826 3763 962 3820 humilita-
1014 3764 1142 3836 Nunquid
1156 3771 1250 3820 custos
1263 3760 1353 3816 fratris
1374 3759 1428 3814 mei
1451 3773 1510 3813 sum
1526 3757 1602 3831 egoi
1620 3755 1718 3822 Nemo,
1739 3753 1813 3826 quod

156 3855 251 3906 temet
260 3848 438 3923 gravitatem:
454 3864 565 3921 semper
574 3855 671 3908 autam
686 3851 958 3924 gaudentesffldor.
1015 3854 1042 3909 iu
1057 3869 1087 3908 se
1101 3861 1154 3921 est,
1178 3849 1367 3923 aequanimiter
1385 3847 1465 3916 ierat,
1486 3861 1548 3902 cum
1566 3841 1666 3899 viderit
1688 3842 1812 3898 ordinem

156 3953 198 4005 vs,
222 3939 278 4010 ιι),
299 3944 412 4009 propter
425 3937 561 3993 internam
587 3938 811 3996 consolationem.
832 3940 960 3998 Gaudes·
1015 3941 1150 4012 deperire,
1173 3937 1257 3994 minui
1284 3935 1462 4008 disciplinam.
1487 3932 1536 3988 list
1558 3931 1632 3988 enim
1646 3930 1810 4002 consentire,

156 4042 229 4094 mus,
259 4024 438 4092 dilectissimi,
469 4025 499 4082 in
526 4025 667 4084 nativitate
686 4028 760 4086 beati
780 4029 903 4101 loannis,
931 4037 960 4086 et
1014 4031 1106 4101 silere,
1123 4043 1184 4086 cum
1197 4041 1315 4099 arguere
1338 4024 1489 4097 possis:et
1507 4020 1608 4078 scimus
1630 4019 1695 4090 quia
1718 4017 1813 4074 similis

154 4115 326 4188 gaudeamus
340 4114 374 4169 dc
393 4113 454 4185 ipsa
468 4113 619 4172 nativitate.
1015 4135 1096 4190 paena
1109 4117 1239 4173 iacientes
1254 4123 1362 4170 maneat
1376 4121 1404 4170 et
1417 4110 1632 4169 consentientes.

194 4207 224 4258 8.
238 4202 356 4275 Copiosa
374 4202 508 4273 siquidem
536 4202 616 4258 nobis
637 4201 667 4258 iu
685 4204 745 4273 eius
768 4206 958 4264 recordatione
1050 4211 1094 4263 ιιι.
1108 4206 1169 4262 iam
1181 4219 1246 4262 vero
1261 4219 1344 4274 super
1363 4201 1457 4257 humili
1472 4207 1500 4255 et
1513 4198 1624 4256 omnino
1639 4196 1810 4256 ferventissi-

154 4289 260 4348 lsetitise
273 4306 364 4357 cause,
380 4290 521 4360 multiplex
536 4302 578 4347 est
591 4292 705 4348 materia
719 4293 891 4364 gaudiorum.
909 4295 958 4352 llle
1013 4313 1058 4352 ma
1071 4295 1215 4352 devotione
1228 4293 1341 4350 loannis
1365 4306 1431 4364 erga
1454 4289 1601 4346 Dominum
1625 4286 1688 4359 quid
1712 4287 1809 4359 loque·

153 4386 218 4435 erat
231 4379 343 4434 lucerna
357 4380 458 4436 ardens
472 4387 500 4435 et
519 4379 624 4447 lucens,
648 4388 678 4438 et
699 4381 786 4438 ludaei
812 4384 958 4440 voluerunt
1013 4383 1173 4441 murilnde
1187 4382 1260 4439 euim
1284 4379 1428 4438 exsultavit
1449 4379 1478 4434 in
1501 4389 1580 4434 utero
1603 4377 1682 4449 (bac.
1704 4391 1724 4441 ι,
1750 4376 1809 4448 ιι);

154 4467 297 4526 exsultare
310 4466 338 4524 in
351 4469 410 4525 luce
425 4468 505 4538 eius3
519 4468 579 4541 ipse
592 4484 658 4528 vero
674 4471 763 4541 potius
776 4472 915 4542 gaudebat
927 4474 956 4528 in
1012 4475 1077 4531 inde
1092 4472 1200 4544 expavit
1210 4471 1238 4528 in
1261 4471 1380 4526 iordane
1404 4467 1589 4540 baptizaturus
1612 4481 1674 4522 eum
1696 4463 1809 4536 (Metti.

151 4555 266 4612 fervore
280 4556 444 4623 devotionis,
458 4557 595 4630 gaudebat
610 4559 645 4613 ad
659 4573 755 4615 vocem
779 4561 872 4630 sponsi
896 4569 957 4617 tan·
1013 4578 1054 4629 m,
1073 4562 1134 4633 tt);
1146 4560 1211 4616 iude
1226 4556 1369 4615 ucnmodo
1380 4557 1527 4624 Christum,
1538 4553 1586 4626 qui
1594 4553 1749 4624 putabatur,
1761 4551 1810 4607 sed

153 4659 241 4716 quam
255 4643 357 4701 amicus
367 4645 473 4717 spousi.
487 4645 573 4702 Nobis
596 4646 623 4701 in
647 4654 764 4719 utroque
783 4649 957 4719 gaudendum
1011 4652 1055 4708 vel
1068 4648 1309 4722 ipsamcorrigiam
1324 4645 1500 4703 calceamenti
1514 4646 1574 4714 ejus
1583 4642 1690 4700 solvere
1699 4641 1811 4713 dignum

153 4738 219 4801 est3
236 4732 264 4788 in
279 4732 366 4790 altero
377 4733 489 4806 quidem
499 4735 535 4800 ei,
545 4734 626 4790 nobis
639 4734 668 4790 iu
682 4736 769 4792 altero
785 4738 958 4809 congauden-
1011 4757 1042 4798 se
1061 4755 1123 4796 esse
1137 4737 1256 4813 negabat
1270 4736 1367 4808 (llere.
1382 4751 1401 4800 ι,
1417 4734 1461 4806 ι);
1477 4731 1540 4788 inde
1555 4730 1692 4804 gaudebat
1706 4729 1810 4786 amicus

153 4821 233 4876 dum.
247 4822 370 4878 Ardebat
383 4822 457 4878 enim
471 4823 533 4888 sibi,
549 4822 630 4880 nobis
644 4834 736 4880 autem
750 4825 867 4882 lucebat.
880 4826 956 4884 Gau·
1012 4827 1104 4901 sponsi
1121 4825 1156 4882 ad
1169 4841 1264 4882 vocem
1290 4822 1384 4896 sponsi
1398 4824 1474 4894 (Luc.
1490 4837 1511 4888 1,
1528 4823 1593 4891 tt);
1616 4819 1681 4877 iude
1695 4819 1811 4895 gratiam

153 4909 271 4965 deamus
284 4909 312 4964 iu
327 4910 436 4968 fervore
451 4913 511 4981 ejus
529 4911 564 4968 ad
579 4910 775 4969 imitationem:
791 4915 958 4986 gaudeamus
1012 4935 1042 4974 ae
1056 4916 1193 4987 accepisse
1206 4927 1257 4986 pro
1271 4914 1356 4985 gratia
1374 4912 1529 4979 fatebatur3
1552 4909 1626 4966 illum
1648 4918 1739 4966 autem
1753 4923 1810 4966 uon

152 5005 185 5054 et
198 4997 227 5052 iu
240 4997 353 5067 lunain'e,
375 5014 430 5056 uon
446 5006 537 5057 tamen
562 4998 600 5054 ibi
620 5007 774 5068 manentes,
800 5004 849 5060 sed
873 5012 902 5060 at
929 5007 958 5060 iu
1012 5007 1047 5062 ad
1068 5019 1225 5062 mensuram
1249 5002 1351 5058 habere
1373 4999 1515 5073 Spiritum,
1539 4998 1589 5056 sed
1610 4998 1809 5073 plenitudinem

150 5084 259 5142 lumine
276 5088 338 5159 ejus
351 5088 494 5145 videamus
508 5088 610 5155 lumen,
626 5088 721 5147 lumen
743 5090 837 5162 utique
852 5107 956 5160 verum,
1013 5096 1048 5152 de
1067 5107 1120 5167 qua
1138 5107 1235 5149 omues
1248 5090 1416 5162 acciperent,
1431 5086 1589 5145 clamitabat
1604 5090 1696 5157 (dosa.
1712 5103 1732 5155 ι,
1750 5088 1808 5160 lb).

151 5174 236 5246 quod
254 5190 311 5231 nou
328 5183 371 5234 est
396 5175 466 5249 ipse,
491 5176 540 5234 sed
561 5177 603 5233 oui
625 5178 807 5236 testimouium
833 5181 959 5252 perhibet
1013 5185 1111 5241 Nonae
1124 5185 1177 5239 lieo
1187 5180 1314 5252 subjecta
1323 5179 1390 5249 eris,
1402 5178 1500 5234 anima
1509 5175 1760 5246 ansellisartum,
1771 5173 1810 5247 l).

149 5263 225 5333 ipse.
243 5264 321 5322 Vertit
333 5267 467 5332 loannes,
481 5265 520 5322 ait
535 5265 677 5336 Dominus,
695 5284 745 5326 racc
767 5270 956 5340 manducans,
1012 5271 1139 5342 Alioquin
1156 5283 1211 5324 non
1226 5283 1275 5324 ero
1296 5267 1409 5323 lucerna
1431 5265 1541 5336 ardens,
1566 5265 1617 5319 nisi
1641 5273 1697 5319 toto
1716 5261 1811 5332 eorde,

150 5367 207 5410 nec
223 5351 440 5424 attemerare.
460 5369 500 5422 ιιι,
518 5360 574 5423 ιιι).
597 5355 767 5414 ιιιοιιιιιιιιιιι
796 5355 910 5413 fervoris
931 5359 959 5414 id
1013 5365 1069 5416 tota
1097 5366 1198 5423 mente,
1225 5365 1254 5412 et
1280 5371 1313 5412 ex
1336 5353 1461 5412 omnibus
1482 5353 1586 5409 viribus
1609 5351 1678 5408 meis
1700 5350 1813 5426 diligam

150 5439 221 5496 milri
235 5449 289 5509 est,
302 5449 332 5500 et
346 5442 462 5499 materia
476 5442 644 5500 humilitatis.
660 5442 728 5513 Quis
746 5445 819 5501 euim
833 5445 861 5501 in
880 5447 958 5503 nobis
1011 5447 1157 5504 Dominum
1171 5448 1259 5501 Deum
1272 5459 1375 5500 meunt.
1390 5441 1454 5497 Sele
1468 5440 1540 5496 enim
1556 5447 1598 5497 est
1612 5439 1729 5496 charitas
1748 5455 1810 5512 que

148 5537 207 5594 est,
223 5528 332 5600 iratres,
348 5531 394 5604 qui
407 5530 522 5588 loannis
535 5531 723 5602 paenitentiam
732 5534 855 5604 intuens,
867 5551 956 5605 suam,
1011 5535 1136 5594 accendit
1149 5533 1308 5591 adsalutem
1318 5549 1326 5602 ι
1338 5530 1396 5588 sola
1406 5545 1487 5604 quam
1498 5529 1615 5587 infundit
1625 5529 1811 5585 etinllammat

147 5634 209 5674 non
223 5618 286 5676 dico
308 5619 494 5696 magnificare,
509 5620 559 5676 sed
573 5621 688 5692 alcuius
702 5622 799 5680 saltem
825 5624 957 5682 momenti
1011 5625 1137 5699 Spiritus,
1149 5639 1230 5697 quem
1240 5621 1414 5693 exstinguere
1423 5618 1811 5693 prohibemurlllscss.v‚l9).

147 5717 289 5782 reputare·
313 5710 484 5780 presumat?
511 5708 580 5780 Quis
602 5710 702 5768 audeat
724 5727 903 5778 murmurare,
929 5713 957 5771 iu
1010 5715 1102 5772 Habes
1117 5708 1601 5788 quemadmodumtomnssarserit:
1617 5707 1811 5778 etiahocipso
