4118 6346
229 457 278 518 tut
698 455 726 517 S.
746 451 914 516 BERNARDI
933 447 1070 510 subluis
1088 445 1404 508 utrum-vluttttus
1823 449 1878 512 432

227 583 337 643 ειιεειε.
352 583 420 641 Nam
435 590 462 640 et
476 580 598 640 deiectus
612 580 702 638 omnis
714 581 765 638 sub
783 595 833 640 ca:
851 587 878 638 et
891 575 1021 651 quidquid
1036 587 1061 668 Ι
1077 571 1124 630 scd
1139 574 1173 629 ab
1191 571 1306 632 1008
1325 588 1359 630 eo
1373 573 1421 648 qui
1435 573 1500 630 dicit
1516 591 1523 629 ι
1540 574 1606 634 stne
1615 591 1660 633 mc
1673 575 1747 634 attat
1759 581 1879 650 potestis

224 669 380 746 tragilitatis
412 688 463 730 seu
495 669 677 742 corruptionis
704 677 756 740 εει,
794 664 1021 724 εεεειιεειίεείιεε
1075 665 1172 735 socero
1188 662 1280 734 (ioca.
1296 663 1384 735 aab]
1398 678 1407 735 3
1422 662 1507 720 habes
1521 662 1715 732 mediatricem,
1732 681 1815 739 quam
1828 667 1877 724 tibi

225 761 342 834 quadarn
365 761 527 820 sublimitate
547 776 604 834 prae
630 759 736 817 caeteris
762 757 889 814 omnibns
917 753 1022 812 excedit
1074 751 1154 824 paulo
1181 761 1242 810 ante
1264 751 1522 819 commendavimus,
1547 752 1685 810 euidenter
1707 769 1877 829 expressam.

224 856 253 906 ει
266 851 472 926 supergreditur
488 848 629 916 creaturis,
654 855 683 902 ut
710 843 808 902 merito
832 843 885 902 sub
906 841 1022 916 pedibus
1076 842 1184 910 llutier,
1197 841 1295 914 inquit,
1306 843 1413 898 ammte
1425 843 1491 908 sole,
1502 847 1530 899 et
1545 842 1615 900 luna
1626 843 1875 920 sutpcatiuuscjaa.

223 939 284 1008 ejus
297 938 362 996 luna
380 955 442 998 εεεε
464 940 580 998 dicatur.
595 935 724 1009 Aliequin
743 933 809 992 nihil
829 948 957 1010 maguum
978 930 1021 987 di·
1075 929 1278 999 Amplectamur
1296 929 1387 986 Maria
1405 929 1532 1004 uestigia,
1553 929 1650 988 iratres
1669 933 1734 1002 mei,
1751 939 1777 990 ct
1791 933 1876 991 derc-

222 1025 294 1084 xisse
309 1027 471 1098 ridebimur,
485 1038 515 1086 ut
536 1029 571 1083 sit
585 1026 650 1084 luna
667 1025 717 1082 ista
740 1024 790 1080 sub
813 1021 927 1094 pedibus
951 1023 1020 1093 ejus,
1076 1017 1179 1075 tissima
1193 1018 1389 1089 supplicatione
1404 1019 1488 1076 beatis
1503 1018 1575 1077 illius
1589 1019 1704 1093 pedibus
1728 1023 1874 1096 provolva-

222 1129 304 1187 quam
318 1133 404 1190 super
418 1133 513 1175 omues
526 1114 684 1188 augelorum
703 1112 811 1178 chores,
827 1125 909 1181 super
928 1109 1023 1167 cheru-
1075 1122 1147 1162 mur.
1162 1105 1314 1163 Teneamus
1331 1123 1401 1179 eam,
1425 1123 1476 1165 nec
1498 1109 1664 1166 dimittamus
1685 1111 1774 1168 denec
1792 1113 1877 1172 bene-

221 1207 268 1262 biu
283 1221 390 1280 quoque
418 1216 444 1264 et
467 1204 591 1276 seraphin
617 1201 757 1258 exaltatam
779 1197 855 1255 εειεε
877 1207 917 1254 εει
939 1197 1021 1254 dubi·
1076 1195 1173 1252 dixerit
1187 1195 1265 1253 nobis
1285 1205 1406 1268 :puteus
1432 1206 1473 1254 εει
1497 1198 1580 1255 εειει.
1604 1199 1709 1273 Nempe
1732 1202 1819 1258 vellus
1833 1211 1876 1260 cst

222 1306 291 1354 tare.
306 1296 380 1354 Solet
394 1305 482 1352 autem
497 1293 562 1352 luna
576 1307 630 1348 uon
658 1290 740 1348 modo
755 1289 889 1346 deiectum
907 1302 1021 1360 corrup-
1074 1283 1195 1341 medium
1205 1287 1276 1340 inter
1290 1300 1377 1342 rorem
1391 1293 1417 1341 et
1431 1301 1535 1351 aream,
1551 1287 1649 1344 mulier
1663 1289 1734 1345 iuter
1748 1289 1831 1346 selem
1847 1300 1875 1348 ει

218 1384 312 1451 ιιεείε,
330 1385 379 1442 sed
399 1393 426 1440 et
444 1382 586 1440 stultitiam
608 1379 716 1447 mentis,
736 1392 932 1450 nonnunquam
954 1393 1019 1434 vere
1075 1372 1175 1443 lunam,
1200 1374 1284 1430 Maria
1307 1375 1376 1429 inter
1399 1373 1537 1432 Christum
1552 1385 1578 1432 et
1599 1375 1748 1434 Ecclesiam
1768 1379 1874 1435 consti·
1927 1447 1932 1455 ι

221 1483 248 1532 ει
266 1473 414 1531 Εεειεειειε
430 1472 510 1546 hujus
535 1470 662 1543 temporis
686 1468 842 1543 designare3
859 1467 931 1522 iilam
956 1467 1020 1538 qui·
1075 1469 1140 1518 tuta.
1155 1461 1209 1518 Sed
1224 1462 1292 1520 torte
1306 1463 1414 1518 miraris
1429 1480 1483 1520 non
1498 1465 1649 1522 tamrcllus
1663 1475 1787 1539 opertum
1799 1483 1875 1536 rore,

220 1563 281 1618 dem
299 1567 406 1633 propter
420 1559 634 1626 mutabilitatem,
658 1559 727 1613 hanc
741 1571 806 1612 sanc
825 1561 934 1628 prepter
959 1569 1019 1610 sus·
1073 1565 1152 1622 quam
1168 1550 1290 1607 amictam
1316 1552 1374 1609 εοιε
1393 1553 1543 1610 ιεειιειειε.
1566 1553 1664 1630 llagna
1686 1555 1820 1628 siquidem
1833 1558 1875 1613 fa-

220 1656 329 1723 ccptum
352 1647 462 1705 aliunde
485 1647 667 1720 splendorem.
690 1647 810 1719 Utraque
831 1658 905 1711 vero,
931 1647 961 1698 ut
984 1641 1020 1697 ita
1073 1638 1223 1711 miliaritas,
1236 1634 1292 1696 ¹sed
1313 1640 1382 1696 mira
1405 1641 1517 1698 omnine
1540 1641 1663 1700 vicinitas
1685 1643 1751 1700 solis
1773 1653 1799 1702 et
1813 1661 1874 1702 mu-

219 1739 346 1806 dixerim,
369 1737 433 1794 luna
463 1737 514 1794 sub
542 1737 633 1792 Mariae
660 1735 776 1807 pedibus
807 1748 926 1807 congrue
951 1731 1018 1788 sotis
1071 1725 1323 1798 transrenensis
1356 1730 1426 1785 euim
1449 1730 1478 1784 in
1500 1738 1555 1788 tam
1588 1731 1743 1789 ιειιειεεειί
1767 1732 1872 1791 ιειιοιε

219 1827 338 1901 ponitur,
357 1827 411 1883 alio
436 1837 527 1884 ιιιεεε
549 1833 631 1899 atque
652 1823 707 1879 aliu
736 1823 817 1880 modo
846 1836 855 1879 :
884 1819 1018 1892 siquidem
1034 1827 1057 1906 Β
1071 1825 1125 1872 ιειε
1148 1817 1250 1892 fragilis
1265 1825 1363 1874 natura
1374 1819 1520 1876 subsistit‘.i
1535 1819 1632 1875 llerito
1655 1821 1767 1893 quidem
1780 1821 1870 1878 adrni-

218 1917 325 1975 stultus
339 1923 372 1974 ut
388 1917 459 1974 lucu
473 1919 623 1982 mutatum
634 1914 747 1986 sapiens
762 1917 858 1968 uatem
869 1913 1018 1984 permanet
1072 1907 1149 1979 raris,
1165 1909 1274 1980 llcyscs
1295 1915 1399 1973 sancte,
1416 1908 1593 1965 securiosius
1605 1910 1748 1968 decidens
1761 1909 1870 1968 intueri.

218 2011 255 2063 ut
269 2006 311 2066 sot
324 2005 425 2078 (liccli.
440 2018 537 2072 xxrrr,
549 1995 606 2074 til.
618 2004 648 2058 ln
662 2003 718 2059 sole
728 1999 857 2058 nimirum
870 2011 898 2057 ει
916 1999 1016 2066 servor,
1071 1995 1262 2054 Verumtamen
1283 1997 1357 2053 solre
1379 1997 1561 2054 calceamenta
1573 2000 1608 2056 de
1630 1997 1743 2071 pedibus
1762 2000 1824 2069 tuis,
1845 2009 1872 2057 et

219 2102 248 2152 et
259 2094 387 2167 splendor
400 2093 519 2164 stabitis,
533 2092 560 2148 in
575 2091 639 2148 luua
653 2089 730 2150 solus
743 2089 882 2163 splendor,
898 2097 978 2160 atque
993 2088 1017 2143 is
1072 2085 1211 2142 involucra
1233 2101 1304 2159 pone
1336 2085 1482 2143 carnalium
1505 2087 1719 2164 cogitationum,
1743 2088 1767 2146 si
1791 2106 1873 2148 acre·

218 2183 331 2241 omnino
353 2181 491 2240 mutabilis
509 2189 537 2239 ct
549 2182 677 2250 incertus,
702 2179 749 2253 qui
771 2195 911 2250 nunquam
926 2178 955 2232 in
970 2193 1016 2234 eo·
1071 2174 1135 2230 dere
1153 2174 1332 2245 concupiscis.
1359 2175 1438 2244 Vnde,
1462 2177 1561 2250 iuquit,
1584 2183 1611 2236 ci
1629 2177 1721 2237 videbo
1734 2179 1871 2238 visionem

218 2273 281 2331 dem
295 2279 365 2329 statu
380 2277 529 2344 persuadet.
554 2270 618 2327 lure
641 2283 706 2343 ergo
734 2268 816 2325 biania
836 2266 893 2325 scie
907 2266 1017 2341 'perbi-
1072 2263 1145 2320 bunc
1164 2279 1298 2336 acapnum
1322 2263 1424 2334 (duod.
1446 2280 1488 2336 m,
1520 2265 1559 2338 3).
1584 2265 1682 2340 llagna
1696 2269 1775 2340 plane
1788 2268 1868 2336 risio,

217 2361 297 2419 betur
311 2360 418 2429 amicta,
433 2375 494 2434 quae
505 2357 743 2432 profundissimam
756 2355 853 2416 divinae
865 2355 1014 2428 sapientiae,
1070 2353 1154 2408 rubus
1171 2351 1270 2408 ardete
1285 2351 1344 2409 siue
1367 2353 1574 2427 caminatum
1601 2371 1729 2429 magnum
1750 2357 1869 2428 siguum,

216 2450 386 2524 ultraquam
409 2449 484 2507 credi
507 2450 602 2516 valcat,
625 2446 776 2520 penetrans
803 2446 931 2519 abyssum
956 2463 962 2500 :
986 2452 1016 2502 ut
1070 2439 1168 2496 mulier
1182 2439 1268 2498 illesa
1280 2443 1500 2500 manensamicta
1515 2442 1585 2502 sole.
1601 2443 1662 2500 Neu
1687 2451 1729 2501 est
1743 2445 1807 2500 rubi
1822 2461 1870 2500 oa-

216 2546 347 2613 quantum
370 2538 429 2595 sine
458 2537 592 2610 personali
618 2536 719 2592 unione
741 2543 870 2591 creature
897 2533 1016 2590 conditio
1071 2535 1140 2602 ture,
1158 2539 1282 2600 opertum
1295 2530 1554 2603 undiqueiiammis,
1569 2547 1680 2589 manere
1694 2533 1870 2592 nihilomiuus

219 2628 330 2702 patitur,
345 2627 398 2686 luci
416 2625 456 2683 illi
471 2623 652 2682 inaccessibili
665 2623 790 2681 rideatur
804 2623 943 2684 immersa.
968 2621 1016 2676 llic
1070 2617 1290 2692 incombustum
1313 2635 1369 2676 neu
1393 2619 1517 2678 mulieris
1538 2621 1715 2692 potenninus
1736 2623 1870 2682 sustineat

216 2717 345 2774 nimirum
358 2715 423 2789 igne
441 2717 578 2786 propbetae
591 2714 664 2769 labia
677 2717 827 2785 purgantur
842 2713 907 2783 [lec.
923 2726 960 2778 rt,
975 2709 1015 2782 i),
1070 2707 1136 2763 solis
1150 2708 1288 2765 amictum.
1308 2710 1369 2766 Nun
1392 2717 1433 2764 est
1456 2709 1563 2766 virtutis
1586 2711 1723 2780 humanm,
1747 2713 1795 2768 sed
1819 2728 1869 2768 nec

212 2795 261 2863 ille
276 2807 340 2878 igne
355 2803 483 2875 seraphin
511 2803 702 2858 accenduntur.
731 2801 824 2873 Longe
846 2814 910 2856 uere
935 2798 1017 2854 aliter
1071 2796 1200 2869 angelice
1214 2797 1324 2868 quidem
1340 2815 1347 2855 :
1364 2797 1507 2854 sublimior
1516 2799 1640 2870 quaedam
1653 2803 1808 2862 necessaria
1816 2805 1865 2858 est.

211 2891 573 2961 neminemneminer
587 2889 743 2946 summatim
757 2887 843 2962 tangi,
853 2887 899 2944 sed
915 2887 1013 2958 operiri
1070 2884 1194 2958 Spiritus
1209 2890 1334 2954 cunctas,
1350 2886 1449 2960 inquit,
1467 2890 1645 2960 superveniet
1663 2891 1695 2946 in
1711 2894 1749 2947 tc.
1764 2890 1797 2947 lit
1810 2898 1868 2946 tan·

211 2982 299 3056 magis
320 2979 448 3052 undique,
472 2986 501 3035 ει
527 2976 719 3045 circumfundi,
743 2984 771 3032 ει
799 2982 929 3049 tanquam
953 2976 1013 3045 ipse
1068 2990 1148 3047 quara
1164 2975 1345 3046 responderet
1358 2975 1405 3032 illa
1419 2992 1426 3031 ι
1441 2973 1574 3044 Quoniam
1593 2977 1705 3050 spiritus
1726 2987 1770 3036 cst
1783 2981 1867 3048 Dens,

209 3071 276 3148 igne
288 3067 424 3128 concludi.
439 3065 653 3124 Candidisairnns
665 3079 741 3132 sane,
756 3064 805 3122 sed
827 3072 854 3120 at
875 3062 1009 3120 calidissi-
1065 3072 1093 3120 ει
1106 3063 1179 3121 Dens
1194 3069 1286 3121 εοειει
1299 3063 1371 3138 ignis
1384 3078 1549 3122 consumens
1559 3075 1622 3124 est:
1644 3067 1747 3135 Virtus,
1762 3067 1866 3133 altman

210 3175 272 3216 mus
286 3159 367 3228 buius
381 3153 503 3212 mulieris
526 3154 642 3212 amictus
657 3171 665 3209 r
682 3153 761 3224 cujus
785 3151 879 3210 omnia
896 3159 948 3210 tam
964 3169 1013 3209 ea·
1028 3144 1051 3222 B
1066 3169 1135 3222 mea,
1149 3167 1205 3212 nou
1220 3159 1275 3222 tua,
1291 3154 1339 3212 sed
1355 3154 1495 3214 ditissimi
1508 3155 1743 3216 obumbrabantur
1752 3161 1829 3228 (luc.
1844 3173 1864 3228 ι,

210 3247 341 3306 callenter
354 3244 484 3303 irradiata
498 3250 693 3314 noscuntur,ut
702 3241 769 3299 nibil
782 3241 810 3298 in
825 3258 867 3309 ea,
884 3257 939 3299 non
949 3241 1010 3299 dice
1065 3245 1121 3315 35).
1130 3243 1204 3300 Nihil
1216 3243 1308 3316 itaque
1322 3243 1420 3302 mirum
1432 3243 1456 3300 si
1469 3246 1520 3303 sub
1535 3244 1581 3301 tali
1594 3246 1791 3306 obumbraculo
1804 3249 1867 3305 talis

210 3335 399 3403 tenebrosum,
415 3334 465 3392 sed
479 3349 513 3389 ne
528 3332 727 3389 subobscurum
743 3329 851 3403 εειιεει,
866 3331 909 3389 vel
923 3330 1011 3386 nunus
1064 3333 1229 3391 sustineatur
1243 3333 1368 3393 amictus.

209 3425 341 3494 lucidum,
366 3423 415 3480 sed
429 3437 464 3478 na
484 3421 604 3492 tepidum
622 3419 733 3491 quidem
754 3419 869 3493 aliquid,
888 3425 934 3476 aut
955 3434 1010 3475 non
1100 3425 1127 3477 u.
1143 3423 1255 3495 liulier,
1270 3422 1367 3495 iuquit,
1387 3425 1495 3481 amictu
1515 3425 1583 3486 εοιε.
1603 3425 1687 3483 Plane
1710 3426 1806 3484 amicta
1820 3425 1865 3484 lu-

211 3509 451 3580 ieiue'ntissimum,
469 3510 545 3567 liceat
559 3509 702 3583 suspicari.
1065 3511 1137 3566 mine
1151 3521 1279 3583 tanquam
1293 3513 1464 3570 uestimento.
1479 3513 1540 3570 Non
1552 3514 1667 3586 percipit
1681 3513 1753 3572 forle
1767 3529 1864 3571 carua-

245 3600 442 3673 d.lns1pientia
456 3615 521 3658 rere
535 3598 623 3656 omnis
645 3598 727 3670 longe
741 3600 791 3654 sub
813 3597 927 3670 pedibus
949 3599 1010 3668 ejus
1063 3600 1098 3655 lis
1115 3617 1122 3654 :
1142 3599 1270 3656 nimirum
1291 3601 1431 3672 spirituale
1453 3609 1514 3670 est,
1541 3603 1655 3660 stultitia
1679 3603 1720 3662 illi
1746 3603 1863 3663 videtur.

209 3698 263 3761 εει,
278 3697 309 3746 ιιι
324 3689 432 3760 penitus
445 3687 516 3744 absit
529 3688 587 3744 haec
602 3687 637 3744 ab
650 3686 837 3759 insipientium
863 3686 1009 3744 mulierum
1063 3688 1123 3745 Neu
1137 3687 1176 3744 sic
1190 3688 1327 3746 uidebitur
1343 3690 1485 3761 Apostolo,
1501 3691 1548 3760 qui
1562 3690 1666 3748 dicebat
1683 3709 1689 3748 ;
1707 3691 1866 3750 loduimirri

210 3792 335 3844 numero,
350 3785 378 3834 ει
400 3777 516 3849 collegio
538 3775 672 3848 ruginem
701 3775 849 3832 fatuarum.
866 3777 922 3832 lmu
942 3790 1006 3832 tere
1061 3779 1322 3836 dominumtuum
1347 3779 1492 3838 Christum
1506 3783 1596 3848 (licor.
1619 3795 1681 3846 ειιι,
1706 3783 1761 3851 ιι).
1776 3778 1865 3849 Quam

209 3875 239 3924 ει
252 3865 348 3922 εειεεε
365 3865 410 3922 ille
434 3865 540 3935 stultus,
565 3873 593 3922 et
617 3864 700 3922 ιοιίεε
722 3863 844 3921 stultitiae¹
866 3863 1005 3936 princeps,
1062 3865 1205 3922 familiaris
1227 3868 1251 3923 ei
1277 3865 1347 3923 lacta
1366 3883 1414 3940 es,
1449 3867 1580 3924 Dominal
1612 3882 1692 3940 quam
1721 3869 1864 3941 proxima,
1933 3901 1936 3912 ι

210 3955 258 4028 qui
284 3971 346 4013 uere
370 3961 487 4012 mutatus
510 3962 539 4010 ut
559 3954 632 4020 luna,
655 3952 813 4026 sapientiam
836 3951 955 4022 perdidit
979 3952 1006 4007 in
1061 3952 1116 4010 imo
1130 3969 1210 4026 quam
1232 3954 1327 4010 intima
1347 3955 1407 4012 fieri
1431 3955 1565 4027 meruisti,
1587 3965 1716 4027 quautam
1737 3955 1864 4012 invenisti

209 4045 307 4102 decore
320 4059 381 4113 suo,
396 4043 448 4101 sub
463 4043 557 4099 lleriae
569 4042 686 4115 pedibus
702 4041 876 4100 conculcatus
890 4049 918 4098 et
937 4056 1005 4098 ccu-
1060 4043 1176 4114 gratiam
1196 4043 1268 4116 apud
1289 4043 1368 4100 euml
1384 4045 1413 4098 ln
1443 4053 1470 4100 te
1493 4051 1593 4112 manet,
1618 4053 1644 4101 et
1668 4055 1697 4102 tu
1710 4046 1737 4101 in
1759 4058 1816 4116 ec;
1837 4053 1864 4100 ει

209 4134 298 4203 ιιιιεε,
326 4133 452 4190 ειιεειειε
473 4132 573 4202 patitur
603 4130 769 4190 servitutem.
794 4130 927 4186 Nimirum
949 4129 1007 4201 ipsa
1061 4131 1142 4188 restis
1155 4147 1228 4202 eum,
1245 4143 1272 4189 ει
1287 4132 1392 4190 ιεειιιιε
1407 4133 1441 4188 ab
1455 4148 1499 4190 cc.
1524 4134 1689 4192 Vestiseum
1713 4132 1866 4190 substantia

208 4231 251 4280 est
265 4221 430 4294 quondame
448 4221 506 4278 Deo
521 4219 654 4291 premissa
672 4219 778 4290 mulier,
796 4218 933 4290 serpentis
953 4234 1006 4274 an·
1060 4219 1159 4291 carnis,
1174 4227 1203 4277 ει
1217 4220 1298 4278 ιεειιι
1312 4220 1359 4276 ilic
1374 4228 1400 4277 te
1414 4222 1502 4295 gloria
1520 4238 1577 4278 suae
1599 4223 1759 4294 majestatis.
1775 4220 1865 4279 Vestis

209 4310 276 4382 uqui
301 4317 382 4382 caput
404 4308 510 4366 uirtutis
533 4310 601 4379 pede
622 4307 767 4365 contritura
788 4328 795 4366 r
820 4310 899 4377 cujus
926 4307 1005 4378 plane
1060 4309 1147 4366 solem
1162 4309 1244 4378 nube,
1261 4315 1289 4365 et
1303 4310 1362 4367 sele
1377 4310 1435 4382 ipsa
1459 4310 1576 4368 vestiris.
1592 4313 1699 4370 Nouum
1713 4313 1786 4370 enirn
1801 4310 1866 4368 lecit

208 4398 335 4454 calcaneo
354 4397 381 4452 in
395 4397 489 4454 multis
502 4397 630 4456 versutiis
645 4395 789 4454 insidiatus
803 4401 845 4454 est
862 4396 942 4467 (Gen.
962 4410 1004 4464 ιιι,
1020 4382 1044 4459 ὓ
1060 4399 1194 4456 [ιοειίεεε
1216 4413 1300 4471 super
1317 4405 1427 4466 terram,
1452 4408 1481 4456 ut
1499 4400 1597 4458 mulier
1625 4400 1800 4458 circumdaret
1823 4400 1864 4458 ri-

210 4486 329 4559 ιὸ),εειι
353 4485 411 4542 sine
430 4501 520 4542 causa.
545 4485 609 4543 Sola
630 4485 700 4542 enim
715 4483 1004 4544 contrivituniuersam
1059 4504 1120 4544 rum
1135 4487 1248 4560 (ierem.
1272 4502 1346 4558 εεει,
1361 4489 1418 4560 aa),
1443 4505 1493 4546 uec
1512 4489 1597 4544 atium
1611 4505 1692 4562 quarn
1714 4487 1862 4567 Christum,

208 4575 361 4632 baereticam
376 4575 546 4647 pravitatem.
566 4574 644 4630 Alius
658 4589 712 4632 non
732 4575 765 4630 de
777 4573 926 4630 substantia
941 4588 1005 4630 car·
1059 4578 1093 4633 de
1107 4593 1160 4650 quo
1173 4575 1294 4634 dicitur:
1312 4581 1379 4636 liccc
1392 4579 1560 4645 vindricus
1575 4581 1746 4652 nomenoius
1760 4577 1862 4650 (Zuclt.

207 4663 251 4720 uis
265 4681 322 4722 suae
335 4664 472 4725 destum
489 4663 607 4721 edidisse
620 4659 833 4738 dogmatizabat3
846 4662 916 4720 alius
938 4679 1004 4736 par·
1059 4682 1099 4737 vr,
1119 4667 1175 4738 ti).
1196 4667 1302 4724 Novum
1316 4681 1424 4741 queque
1438 4666 1502 4724 iecit
1516 4667 1544 4723 in
1558 4666 1639 4738 coelo,
1656 4675 1686 4725 ut
1700 4666 1795 4724 mulier
1804 4665 1864 4724 sole

207 4755 300 4810 valum
323 4767 377 4809 nou
393 4752 540 4824 peperisse,
563 4757 610 4810 sed
627 4751 760 4825 reperisse
774 4751 1004 4825 sibllsbet;alius,
1059 4763 1203 4828 appareret
1226 4755 1334 4812 amicta.
1364 4755 1488 4828 Denique
1515 4765 1541 4812 et
1568 4757 1706 4814 coronarit
1729 4771 1812 4826 eum,
1836 4761 1864 4811 et

207 4842 251 4898 vel
266 4851 329 4914 pest
344 4849 463 4913 parturn,
477 4840 917 4916 virecepnitamblasphemabat;
935 4842 1006 4899 alius
1059 4841 1180 4900 vicissim
1202 4845 1284 4899 abeo
1312 4843 1414 4901 meruit
1435 4843 1570 4900 coronari.
1595 4843 1772 4917 Egredimini,
1797 4843 1864 4900 tiliae

207 4931 258 4988 Dei
281 4933 393 5002 Matrem
416 4931 512 4988 audire
534 4947 590 4990 non
612 4933 760 5000 sustinens,
786 4947 914 5004 magnum
937 4931 1003 4988 illud
1048 4931 1145 5000 ¹Sion,
1170 4940 1197 4986 et
1220 4930 1310 4988 videte
1332 4947 1425 5005 regem
1448 4930 1619 4989 Salomonem
1642 4933 1671 4989 in
1697 4932 1862 5014 diademate,

206 5035 306 5077 nemen
319 5019 473 5076 l'hectocos
498 5019 657 5092 impiissime
671 5019 843 5096 suggillabat.
861 5020 914 5077 Sed
935 5035 1004 5077 con·
1057 5033 1111 5092 quc
1125 5017 1265 5075 coronarit
1278 5033 1339 5075 eum
1351 5025 1437 5076 mater
1451 5035 1500 5076 sua
1514 5019 1613 5088 (duat.
1627 5033 1669 5090 ιιι,
1686 5019 1742 5092 tl).
1759 5019 1862 5076 Verum

206 5107 263 5166 triti
291 5116 354 5166 suut
387 5108 570 5177 insidiatores,
595 5108 748 5166 conculcati
775 5108 1004 5181 supplantatores,
1057 5109 1110 5164 laec
1123 5106 1203 5162 olias.
1224 5107 1333 5164 lntcrim
1348 5123 1413 5166 sane
1426 5107 1600 5180 ingredimini
1615 5108 1714 5186 magis,
1728 5117 1756 5166 ει
1770 5109 1863 5166 ridete

205 5197 336 5256 centauri
350 5197 536 5271 derogatores,
553 5205 580 5255 et
593 5199 699 5256 beatem
724 5213 784 5254 eam
803 5197 897 5255 dicuut
910 5212 1005 5254 ornnes
1057 5197 1178 5272 reginam
1192 5195 1389 5270 inducemus,
1403 5213 1458 5270 quc
1472 5197 1610 5257 coronarit
1623 5215 1681 5256 cam
1697 5197 1769 5256 fiius
1782 5215 1861 5270 suus.

205 5287 404 5360 generationes.
432 5287 554 5362 Denique
579 5297 607 5345 et
636 5288 765 5346 continue
792 5301 841 5358 per
868 5286 1004 5344 Heredem
1092 5287 1120 5340 l.
1141 5288 1174 5342 lc
1189 5287 1280 5359 cupite
1290 5288 1362 5360 ejus,
1372 5287 1468 5360 inquit,
1480 5303 1584 5346 corona
1599 5288 1750 5346 stellarum
1759 5287 1864 5348 duode-

205 5378 288 5434 macc
301 5375 445 5434 insidiatus
458 5385 500 5434 εει
511 5377 635 5449 parienti,
652 5385 680 5433 ut
694 5383 849 5434 nascentem
865 5374 1004 5448 excipiens
1058 5377 1124 5433 εἰει.
1141 5375 1258 5449 Dignum
1273 5376 1351 5448 plane
1365 5376 1454 5435 stellis
1476 5377 1602 5436 coronari
1627 5381 1720 5450 caput,
1745 5377 1820 5450 qued
1833 5381 1862 5436 ει

204 5463 292 5522 lilium
306 5466 458 5538 devoraret,
472 5468 547 5540 qued
560 5465 708 5524 inimicitiae
722 5464 895 5523 essentiatur
909 5479 1003 5522 semen
1057 5463 1125 5536 ipsis
1143 5464 1226 5540 longe
1240 5465 1341 5523 clarius
1368 5468 1479 5537 micans,
1495 5474 1575 5524 οιεει
1601 5481 1648 5524 εεε
1665 5467 1756 5538 potius
1778 5482 1861 5540 qum

204 5552 329 5611 mulieris
343 5565 370 5612 et
385 5556 522 5616 draconis.
1058 5561 1168 5612 eruetur
1194 5559 1230 5614 ab
1249 5555 1298 5612 cis.
1319 5555 1420 5626 Quidni
1437 5566 1571 5614 coronent
1589 5555 1681 5614 sidera
1708 5571 1789 5635 quam
1817 5555 1860 5614 εει

239 5647 267 5700 a.
285 5643 346 5700 lam
359 5645 382 5701 si
395 5644 516 5704 Ecclesia
536 5645 607 5700 lunae
628 5642 718 5718 magis
736 5641 912 5718 intelligenda
925 5640 1004 5700 ride·
1057 5643 1247 5702 restitiSicut
1260 5644 1318 5702 dies
1328 5643 1413 5716 serui,
1425 5645 1470 5714 ait,
1487 5643 1761 5702 circumdabantcam
1776 5643 1861 5705 liores

202 5743 247 5796 tar
260 5733 403 5810 uocabulo,
426 5735 501 5809 qued
523 5733 650 5793 uidelicet
672 5747 725 5794 nou
751 5749 784 5792 ex
799 5749 829 5792 se
850 5732 1003 5808 splendeat,
1058 5747 1192 5808 resarum,
1209 5741 1236 5792 ct
1253 5732 1309 5792 iilia
1322 5733 1483 5796 convallium
1498 5733 1598 5816 (dccli.
1618 5747 1646 5806 t,
1666 5733 1705 5810 8).
1721 5732 1860 5796 Nbuirum
