4118 6346
253 385 311 440 aaa
712 377 741 436 s.
761 377 935 438 nsauxnnr
955 357 1098 434 ananus
1119 374 1450 442 mann-vxmsxsrs
1843 384 1909 440 aar

258 503 325 577 Daa'a
338 520 377 571 es,
392 499 531 560 Domine?
544 498 613 558 Hinc
626 500 749 574 prolecto
762 502 843 559 datur
855 501 969 576 intelligi
992 499 1055 574 quia
1070 511 1094 588 Α
1110 501 1196 572 parati
1211 511 1274 558 aunt
1299 502 1424 575 obsequi,
1437 517 1492 560 non
1502 499 1651 576 peremnia
1665 501 1741 582 sequi
1755 519 1911 578 properus.

255 611 320 652 vere
339 589 501 650 circumfusa
520 598 579 648 erat
597 590 635 646 illi
657 590 775 657 claritas,
799 606 854 647 non
881 591 979 649 inlusa.
999 593 1056 648 An·
1110 597 1172 646 runt
1207 607 1281 659 eum,
1300 592 1347 664 qui
1364 606 1418 651 non
1438 606 1524 659 suam,
1546 590 1595 646 sed
1614 589 1702 646 Patris
1721 594 1797 650 veuit
1817 594 1910 653 iacere

254 683 346 738 diebat
374 680 472 738 Paulna
496 695 589 736 vocem
622 679 740 748 Domini,
756 680 804 736 sed
829 681 924 737 faciem
948 680 1055 736 Domini
1108 679 1283 739 voluntatem.
1315 681 1476 736 Discernunt
1497 688 1523 735 et
1552 679 1702 752 dijudicant
1724 680 1858 758 eligentes
1880 686 1908 742 in

255 787 310 826 non
324 769 451 837 videbat3
469 768 598 841 quoniam
616 769 791 824 erudiebatur
809 769 844 823 ad
864 767 959 824 iidem:
980 775 1008 824 et
1025 775 1055 824 nt
1108 769 1206 839 quibua
1220 769 1351 827 obediant
1364 768 1518 841 imperanti,
1532 767 1586 824 imo
1600 769 1627 822 in
1643 769 1741 840 quibus
1755 784 1907 844 pracepto-

253 859 312 932 ipae
328 866 423 931 postea
437 857 537 925 docuit,
556 857 635 915 Fides
661 857 924 926 cacodaemone.
945 873 976 925 x,
997 857 1052 926 lt).
1108 840 1168 912 rem’
1191 873 1268 912 suum
1293 857 1413 929 ipsorum
1435 857 1549 913 obedire
1572 871 1686 912 necesse
1707 857 1743 912 sit
1764 859 1904 919 voluntati.

254 948 322 1018 Quis
346 963 387 1018 es,
409 946 517 1019 inquit?
541 947 665 1018 Ignotum
685 946 757 1002 enim
778 947 1001 1018 persequebatur,
1026 953 1054 1002 et
1106 944 1266 1014 Huiusmodi
1284 945 1385 1017 itaque,
1406 939 1458 1002 etsi
1476 945 1586 1002 tolerari
1605 961 1634 1018 se
1653 941 1772 1012 videant,
1789 957 1816 1004 et
1837 965 1907 1006 con-

252 1037 316 1095 ideo
344 1044 505 1094 consecutus
518 1043 561 1091 est
586 1035 809 1101 misericerdiam,
836 1034 900 1108 quia
924 1035 1053 1106 ignorans
1106 1032 1235 1102 descendi
1248 1049 1279 1088 ac
1302 1049 1405 1090 morem
1427 1034 1486 1108 geri
1508 1033 1656 1090 infirmitati
1673 1051 1739 1103 suae,
1753 1035 1905 1107 proficiant,

253 1127 282 1182 in
297 1124 486 1183 incredulitate
502 1125 553 1180 hoc
576 1124 649 1181 lecit.
675 1124 777 1180 Discite
802 1139 835 1180 ex
858 1123 1051 1192 homimines,
1106 1123 1231 1192 obsecro,
1256 1122 1410 1196 pudeatque
1434 1138 1543 1195 semper
1566 1123 1693 1194 parvulos
1717 1123 1843 1197 inveniri,
1868 1144 1903 1182 ne

252 1216 356 1286 justum
369 1213 490 1285 iudicem
509 1213 608 1278 Deum,
625 1227 679 1269 nnn
698 1213 779 1268 modo
798 1213 862 1285 quid
882 1211 936 1280 fiat,
958 1212 1006 1268 sed
1025 1219 1053 1268 et
1106 1210 1215 1283 quando
1236 1212 1306 1268 forte
1321 1213 1440 1268 audiant.
1465 1209 1535 1280 Quid
1557 1211 1638 1268 debui
1662 1213 1739 1268 vobis
1763 1213 1862 1282 iacere,
1878 1225 1907 1270 et

254 1319 308 1377 quo
322 1302 411 1359 animo
424 1301 479 1368 liat,
496 1300 686 1367 considerare3
703 1309 730 1358 et
748 1309 842 1357 cavete
861 1301 1001 1372 deinceps,
1016 1317 1051 1358 ne
1106 1314 1160 1355 non
1176 1297 1226 1356 leci
1251 1301 1264 1354 i
1288 1311 1316 1356 et
1337 1299 1511 1356 abutentibus
1533 1299 1663 1373 patientia
1687 1307 1715 1356 et
1738 1302 1906 1375 benignitate

255 1391 316 1465 quis
330 1406 414 1463 parva
428 1395 545 1462 reputet,
561 1389 710 1461 quamlibet
725 1405 808 1460 parva
828 1389 947 1448 scienter
964 1390 1051 1446 deliu·
1106 1388 1221 1458 praelati,
1237 1388 1284 1444 fiat
1299 1389 1408 1446 tandem
1422 1389 1565 1452 multitudo
1579 1388 1706 1449 exhibitae
1725 1389 1905 1448 miserationis

254 1495 339 1552 quere
362 1477 539 1535 convincatur
557 1477 648 1549 [olins
670 1478 812 1552 videaturl.
830 1478 916 1536 Nemo
934 1478 1006 1536 dicat
1023 1479 1050 1534 in
1106 1476 1230 1534 cumulus
1244 1478 1325 1548 justae
1340 1477 1531 1535 damnationis.
1695 1545 1701 1559 ⁸
1884 1537 1888 1544 ,

252 1567 335 1624 corde
352 1581 416 1622 suo:
432 1564 512 1622 Levia
531 1573 593 1621 sunt
607 1565 668 1637 iata,
684 1582 740 1623 nnn
754 1581 820 1622 curo
833 1565 1050 1639 corrigere;non
1139 1569 1165 1622 7.
1177 1568 1303 1636 Domine,
1317 1568 1387 1640 qnid
1400 1583 1445 1624 me
1462 1569 1504 1624 na's
1521 1567 1637 1637 secere?
1656 1569 1692 1624 Et
1712 1569 1849 1626 Dominus
1869 1570 1906 1625 ed

252 1663 295 1712 est
308 1670 435 1730 mamam
449 1653 471 1710 ai
494 1653 521 1709 in
541 1653 583 1708 his
600 1670 726 1711 maneam
744 1655 894 1714 venialibus
916 1653 1049 1710 minimis-
1103 1655 1203 1711 illum:
1215 1657 1311 1729 Serpe,
1322 1656 1906 1728 ctinqredcrect'vitetemqibidicetortibi

253 1758 306 1816 que
319 1742 447 1815 peccatis.
470 1743 534 1798 llaec
555 1751 598 1798 ast
617 1743 701 1810 enim,
725 1743 902 1812 dilectissimi,
921 1742 1048 1814 impaenit-
1102 1745 1169 1815 qoid
1189 1748 1216 1800 te
1242 1748 1370 1816 oportent
1384 1747 1490 1815 secere.
1511 1745 1534 1801 0
1555 1743 1691 1816 Sapientia
1708 1743 1826 1802 suaviter
1840 1761 1905 1802 vere

253 1832 347 1904 tentia,
371 1833 431 1887 haec
451 1829 619 1902 blasphemia
641 1831 669 1886 in
688 1831 816 1904 Spiritum
837 1839 970 1898 sanctum,
991 1833 1047 1888 bla-
1064 1813 1086 1892 Β
1102 1833 1228 1888 universa
1241 1831 1402 1905 disponens!
1414 1831 1529 1889 Eumcui
1545 1831 1711 1905 tuloqueris,
1725 1833 1905 1890 erudiendum

254 1921 378 1994 aphamia
396 1919 599 1976 irremissibilis.
623 1921 722 1976 Paulus
749 1921 860 1993 quidem
874 1921 1048 1992 blasphemus
1102 1920 1137 1977 da
1151 1920 1291 1979 voluntate
1310 1930 1356 1977 tua
1369 1920 1455 1976 mittis
1468 1919 1502 1975 ad
1516 1920 1665 1992 hominem,
1680 1929 1709 1978 ut
1723 1921 1830 1979 socialis
1842 1923 1905 1978 vitae

254 2009 313 2076 fuit,
334 2008 457 2066 sednon
476 2007 504 2063 in
524 2008 654 2080 Spiritum
673 2016 806 2079 sanctum,
831 2009 895 2083 quin
918 2009 1049 2081 ignorans
1102 2010 1307 2066 commendetur
1325 2010 1438 2074 utilitas;
1456 2016 1484 2066 et
1504 2009 1617 2066 edoctus
1635 2025 1686 2083 per
1706 2011 1845 2068 homiuem
1864 2011 1906 2066 di-

250 2096 315 2155 lecit
341 2097 370 2153 in
397 2094 596 2154 incredulitate.
628 2097 689 2154 Nou
716 2097 745 2153 in
771 2097 899 2170 Spiritum
925 2105 1048 2154 sanctum
1102 2106 1159 2155 scat
1173 2107 1201 2154 et
1215 2099 1434 2170 ipsesecundnm
1450 2099 1540 2154 datam
1555 2097 1607 2155 sibi
1621 2099 1735 2172 gratiam
1751 2099 1906 2156 hominibus

250 2185 318 2242 dixit
330 2184 541 2257 blasphemiam3
564 2185 626 2243 ideo
640 2195 803 2244 consecutus
825 2194 867 2244 eat
889 2186 1046 2243 misericor·
1102 2187 1258 2244 subvenire.
1277 2185 1363 2245 958
1384 2189 1528 2262 lnpredere
1541 2189 1697 2246 civitatem.
1716 2188 1830 2256 Videtis,
1846 2188 1906 2246 lra-
1927 2205 1933 2216 ·

252 2275 334 2332 diam.
448 2263 459 2278 '
1103 2285 1168 2341 tres,
1185 2291 1239 2332 non
1253 2276 1313 2333 sine
1332 2276 1423 2333 divino
1452 2275 1563 2334 consilio
1582 2276 1680 2333 lactum
1696 2293 1768 2345 ease,
1790 2285 1819 2335 ut
1833 2279 1904 2335 hauc

286 2367 313 2420 6.
337 2365 403 2434 Qais
425 2377 463 2427 es.
479 2363 615 2420 Domine?
629 2366 662 2420 El
678 2366 816 2423 Dominus
834 2364 870 2421 od
889 2381 971 2422 enm:
990 2366 1047 2438 Epo
1102 2364 1235 2421 civitatem
1258 2365 1366 2421 Domini
1389 2366 1518 2422 virtutum
1541 2365 1765 2441 ingrederemini,
1784 2367 1904 2424 divinam

249 2469 312 2512 attm
321 2454 400 2511 lesos
410 2453 674 2524 Nnaarenes,qeem
684 2461 715 2508 tat
723 2457 907 2528 persequeris.
919 2455 1047 2525 Egoaum
1101 2455 1207 2511 discere
1227 2453 1404 2512 voluntatem.
1423 2453 1505 2510 Plane
1521 2455 1567 2526 qui
1587 2463 1614 2511 te
1634 2455 1778 2513 salubriter
1794 2457 1903 2524 termit,

248 2541 381 2612 Salvator,
401 2555 484 2613 quem
499 2547 527 2595 tu
546 2542 738 2613 persequendo
757 2542 837 2613 petis.
852 2543 912 2617 Ego
925 2558 996 2611 sum,
1011 2544 1046 2598 de
1101 2550 1128 2600 et
1147 2543 1283 2602 convertit
1296 2559 1344 2601 cor
1363 2550 1437 2598 tunm
1456 2543 1490 2597 ad
1509 2543 1718 2602 desiderandam
1736 2545 1903 2602 voluntatem

248 2648 301 2704 quo
315 2639 344 2687 tn
359 2631 384 2686 in
399 2631 460 2700 lege
479 2635 525 2684 tua
538 2629 608 2702 legis
624 2631 783 2702 praedictum
798 2632 871 2704 qnod
886 2632 978 2688 nescis
991 2631 1045 2686 im-
1100 2647 1188 2700 snam,
1202 2633 1260 2704 ipse
1274 2631 1323 2690 tibi
1336 2631 1408 2688 dixi:
1424 2633 1522 2705 Serpa,
1541 2637 1568 2690 et
1581 2633 1725 2706 inpredere
1743 2636 1901 2692 civilatem.

248 2723 364 2796 pletum:
383 2721 454 2788 Quin
467 2719 631 2786 Nonoraeata,
649 2720 795 2779 vocabitur
809 2720 922 2790 (llotth.
938 2736 971 2791 xx,
986 2721 1044 2792 aa).
1100 2721 1154 2778 Sed
1169 2721 1231 2777 audi
1258 2736 1340 2792 quam
1353 2720 1496 2776 manifeste
1517 2721 1546 2776 in
1560 2720 1602 2777 his
1616 2730 1836 2794 qnaesequuntur
1849 2740 1902 2781 vo·

245 2813 280 2867 Et
292 2809 353 2865 ille:
370 2808 495 2873 Domine,
510 2807 577 2879 quid
586 2822 632 2864 me
645 2811 686 2865 vis
699 2808 812 2878 facere?
821 2809 886 2864 llaec
895 2809 985 2880 plane,
994 2809 1047 2865 lra-
1099 2810 1216 2867 luntaria
1234 2809 1381 2884 sinplicitaa
1394 2817 1421 2867 et
1434 2810 1584 2867 Christiana
1599 2810 1805 2867 commendatur
1821 2827 1903 2868 man·

243 2907 310 2966 tres,
324 2895 446 2970 perlecta
460 2893 644 2950 conversionis
660 2901 702 2951 est
718 2895 816 2953 torma.
834 2900 985 2966 Pnrntnm,
1005 2897 1047 2954 in·
1101 2899 1226 2956 suetudo.
1242 2899 1448 2972 Apertisoeelis
1457 2899 1531 2955 ninii
1541 2898 1665 2956 uidebat.-
1681 2900 1717 2956 ed
1729 2917 1835 2958 munus
1850 2919 1903 2960 au·

246 2993 316 3065 quit,
329 3007 377 3049 cot·
390 3003 493 3057 meum,
509 2987 601 3056 Deum
620 2995 754 3062 pereiram
777 3006 825 3047 cor
842 3007 938 3048 nterim
958 2991 1045 3063 (Psoi.
1102 2988 1379 3047 lemtroitebninrob
1396 2989 1498 3068 bisqui
1514 2986 1725 3045 comitabantur
1736 2989 1900 3048 enm.Felix

245 3080 608 3150 evrr,tl).Porotnssnmet
618 3095 676 3136 non
686 3081 899 3144 canteriatas,
913 3083 1048 3138 etcnsto-
1062 3118 1084 3197 c
1100 3079 1226 3148 caecitas,
1240 3092 1294 3148 qua
1314 3075 1383 3133 male
1408 3077 1544 3148 quondam
1558 3076 1699 3133 illuminati
1722 3078 1749 3134 in
1771 3078 1901 3151 pravari-

244 3171 323 3228 diom
332 3166 469 3226 mendcio
483 3165 630 3236 tuomet.
646 3183 744 3237 cxvrrr,
761 3168 819 3240 60).
834 3169 960 3236 Domine,
977 3170 1045 3241 qnid
1099 3167 1215 3234 catione,
1245 3165 1354 3223 taudem
1382 3165 1410 3220 iu
1425 3165 1618 3222 conversione
1643 3167 1714 3222 oculi
1751 3168 1902 3224 salubriter

244 3277 292 3317 nte
305 3261 347 3316 vis
360 3258 477 3331 faeere?
501 3256 652 3313 Overbum
675 3257 769 3324 breve,
785 3259 834 3313 scd
848 3257 968 3328 plenum,
995 3260 1044 3316 sed
1099 3261 1279 3314 excaecantur.
1295 3255 1367 3310 Sane
1388 3254 1459 3325 quod
1475 3255 1562 3311 triduo
1579 3255 1675 3312 Paulus
1689 3256 1748 3314 siue
1761 3255 1825 3320 cibo
1838 3273 1900 3330 pra·

236 3347 334 3406 'vivum
348 3347 550 3423 eteliicax,sed
565 3347 678 3420 dignum
688 3345 763 3402 omni
773 3343 945 3417 acceptione!
956 3345 1043 3416 Quam
1097 3354 1144 3402 net
1159 3343 1307 3416 persistens
1321 3342 1349 3398 in
1364 3342 1499 3411 oratione,
1515 3343 1549 3398 ad
1565 3360 1613 3401 eos
1632 3345 1748 3401 maxime
1767 3346 1899 3417 pertinet,

243 3437 324 3510 pauci
337 3436 511 3496 inveniuntur
525 3437 553 3493 in
567 3437 618 3492 hac
633 3435 759 3505 perfectae
768 3434 931 3492 obedientiae
946 3433 1041 3507 forma,
1085 3427 1143 3507 'qui
1153 3434 1259 3490 noviter
1273 3431 1373 3488 saeculo
1383 3432 1614 3503 abrenuntiantes,
1622 3435 1738 3490 necdum
1752 3435 1780 3490 in
1794 3433 1901 3491 coelesti

244 3525 291 3598 qui
314 3541 390 3582 suam
414 3526 451 3580 ita
474 3525 625 3598 abjecerint
650 3522 811 3596 volutatem,
833 3531 863 3578 ut
890 3539 925 3580 ne
952 3523 1042 3596 ipsum
1096 3522 1283 3581 consolatione
1308 3520 1451 3593 respirant.
1476 3520 1634 3579 Sustineant
1649 3539 1714 3598 ergo
1728 3529 1755 3579 et
1777 3523 1830 3595 ipsi
1845 3524 1901 3580 Do·

242 3613 354 3687 quidem
367 3629 417 3671 cor
429 3615 568 3687 proprium
578 3613 708 3680 habeant,
722 3620 753 3668 ut
767 3628 823 3668 non
837 3612 903 3685 qnid
917 3613 980 3685 ipsi,
992 3612 1041 3670 sed
1095 3614 1198 3669 minum
1212 3612 1243 3666 in
1257 3610 1330 3667 omui
1345 3609 1490 3682 patientia;
1508 3619 1587 3666 orent
1605 3611 1663 3667 sine
1682 3611 1899 3680 intermissione,

242 3702 307 3774 quid
324 3702 453 3758 Dominus
474 3703 548 3767 velit,
573 3700 648 3756 omni
663 3702 729 3756 hora
744 3700 894 3774 requirant,
919 3700 1042 3758 dicentes
1097 3707 1263 3772 quaerentes,
1283 3706 1421 3771 petentes,
1446 3699 1597 3770 pulsantes,
1622 3700 1684 3772 quia
1708 3701 1836 3758 exaudiet
1851 3717 1900 3758 eos

242 3791 301 3847 aine
317 3791 528 3860 intermissione,
544 3793 672 3858 Domine,
688 3791 757 3863 qnid
769 3807 814 3848 me
837 3792 879 3847 eis
893 3791 1042 3863 focereiet
1096 3793 1177 3847 Pater
1191 3789 1312 3846 coelestis
1324 3788 1353 3844 in
1369 3797 1490 3859 tempore
1505 3797 1668 3860 opportuno.
1684 3789 1745 3846 Non
1754 3789 1901 3848 oblivisce·

243 3880 308 3936 illud
322 3880 464 3948 Samuelis,
479 3884 608 3955 Loquere,
625 3881 752 3946 Domine,
767 3882 835 3954 quin
849 3880 931 3937 ondit
946 3897 1041 3937 semna
1096 3889 1140 3935 tur
1153 3895 1246 3937 eorum
1271 3878 1298 3932 in
1313 3877 1410 3943 fincm;
1430 3878 1531 3946 veniet,
1547 3886 1574 3933 et
1589 3893 1643 3933 non
1654 3879 1779 3935 tardabit.
1803 3879 1833 3936 Si
1847 3879 1898 3934 tri-

244 3969 335 4028 tans?
350 3971 377 4040 (l
390 3973 452 4044 liep.
465 3985 506 4035 ιιι,
520 3970 575 4042 lb).
591 3969 663 4024 lieu!
679 3968 772 4041 plnres
787 3970 1044 4041 habemusevauge-
1092 3969 1151 4025 'duo
1173 3966 1333 4024 sustinueris
1355 3983 1417 4022 eum
1441 3983 1496 4023 non
1523 3966 1629 4023 habeus
1653 3969 1726 4041 qnod
1737 3969 1897 4036 manduces

244 4057 286 4114 lici
299 4056 370 4113 illins
383 4058 458 4124 ceci,
474 4072 555 4130 quam
570 4056 632 4114 novi
653 4057 768 4128 apostoli
786 4057 947 4114 imitatores.
972 4057 1043 4126 Quid
1097 4057 1203 4114 confide
1223 4056 1286 4129 quia
1301 4056 1444 4112 miserator
1458 4063 1486 4112 et
1507 4054 1662 4113 misericors
1678 4057 1808 4113 Dominus
1822 4059 1898 4129 jeju·

246 4149 296 4217 nis,
311 4147 348 4201 ait
361 4130 494 4202 Dominus
508 4147 542 4201 ad
560 4161 661 4202 caecum
683 4145 769 4215 illum,
793 4151 828 4202 et
843 4148 951 4218 sociem
970 4146 1043 4202 tibi?
1097 4163 1162 4202 num
1177 4154 1203 4202 te
1218 4161 1273 4201 nou
1284 4145 1408 4200 dimittet.

242 4239 320 4304 ther.
335 4251 417 4301 xvxix,
436 4235 491 4306 il).
507 4233 614 4303 Quanta
633 4241 675 4290 est
689 4234 828 4291 miseratio
844 4243 899 4308 tua,
916 4234 1040 4305 Domine,
1134 4241 1160 4290 8.
1176 4233 1282 4290 Exinde
1290 4234 1402 4305 jubetur
1411 4233 1532 4292 Ananias
1545 4250 1643 4292 manus
1652 4235 1792 4308 imponere
1801 4235 1899 4305 Saulo;

243 4330 344 4397 quanta
366 4324 488 4396 dignatio
512 4325 572 4380 tual
598 4323 704 4380 Siccine
728 4324 859 4380 Dominus
882 4324 989 4398 querit,
1015 4331 1045 4380 ut
1099 4325 1149 4382 sed
1159 4331 1286 4395 tanquam
1296 4322 1368 4380 bene
1379 4324 1512 4393 eruditus,
1526 4341 1580 4382 non
1596 4325 1725 4383 continuo
1737 4325 1897 4398 acquiescit.

243 4412 316 4468 servi
335 4412 417 4468 iaciat
434 4412 619 4470 voluntatem?
636 4413 706 4468 Vere
724 4429 813 4469 caecus
831 4413 887 4483 ille,
905 4413 970 4485 quia
988 4428 1043 4469 nou
1059 4421 1083 4498 ῃ
1099 4414 1166 4472 Vide
1181 4413 1252 4469 enim
1268 4411 1290 4468 si
1305 4428 1359 4469 nou
1379 4413 1461 4469 etiam
1474 4415 1572 4472 Paulus
1585 4415 1646 4488 ipse
1660 4414 1813 4472 doctrinam
1827 4416 1898 4470 hanc

244 4501 436 4572 consideravit,
462 4517 516 4558 non
537 4503 656 4574 expavit,
680 4519 735 4559 non
764 4503 937 4560 exclamavit:
966 4502 1045 4558 Absit
1100 4505 1199 4561 deinde
1228 4502 1338 4559 tradidit
1366 4503 1508 4576 discipulo,
1537 4506 1657 4572 Nemini,
1674 4505 1812 4579 inquiens,
1841 4507 1897 4562 cite

245 4591 306 4660 hoc,
321 4591 447 4662 Domine,
463 4599 493 4646 tu
508 4591 595 4667 magis
610 4594 652 4649 dic
668 4593 733 4665 quid
747 4610 791 4650 me
801 4593 893 4649 lacere
907 4592 988 4650 velisl
1000 4592 1045 4650 Sic
1100 4591 1545 4666 mcnnsimpcnas(llim.v,22).
1561 4593 1643 4663 Vidit,
1654 4592 1900 4664 aitDominus(b'll,

246 4681 318 4737 enim
341 4680 432 4748 decet,
455 4681 493 4737 sic
511 4681 622 4739 omnino
637 4683 749 4758 dignum
769 4691 820 4754 est,
844 4698 899 4739 uon
920 4698 1010 4738 meam
1029 4697 1045 4736 a
1099 4686 1194 4740 virum
1211 4686 1404 4756 imponentem
1419 4683 1599 4748 sibimenias,
1618 4685 1757 4740 etvisntn
1770 4685 1900 4754 reciptet.

246 4781 282 4837 te,
298 4770 348 4827 sed
363 4786 380 4824 a
393 4786 436 4827 me
451 4779 523 4826 tuam
534 4772 655 4844 qnaeriet
669 4772 729 4829 lieri
739 4773 916 4830 voluntatem.
932 4771 1045 4837 Videtis,
1101 4774 1218 4838 Fratres,
1235 4772 1331 4828 Paulus
1345 4772 1397 4827 hoc
1412 4787 1473 4828 cum
1487 4771 1610 4838 vidisset,
1625 4787 1680 4828 non
1695 4771 1826 4828 continuo
1841 4771 1900 4826 illn-

245 4859 355 4926 iratres‚
375 4859 516 4932 quievere
530 4861 682 4919 necessaria
707 4871 765 4920 erat
792 4865 844 4920 hoc
866 4863 962 4920 inloco
978 4875 1045 4918 con·
1099 4864 1216 4919 minatus
1237 4871 1288 4919 est.
1304 4860 1430 4933 Nunquid
1451 4877 1505 4917 non
1525 4861 1690 4933 exspectavit
1708 4859 1822 4916 Ananiae
1837 4875 1899 4915 ma·

247 4945 347 5002 versio
369 4947 414 5004 Sic
427 4947 559 5021 prolecto,
580 4951 619 5008 sic
638 4952 783 5009 multorum
802 4952 977 5025 usqrehodie
992 4969 1044 5025 pn·
1100 4969 1175 5022 num,
1199 4951 1246 5024 qui
1260 4959 1421 5006 eventurum
1443 4967 1506 5007 eum
1521 4949 1592 5008 sorte
1615 4951 1644 5006 in
1665 4949 1778 5006 somniis
1798 4949 1900 5022 previ·

246 5035 414 5092 sillanimitas
428 5047 456 5094 et
481 5041 645 5109 perversitas
669 5041 764 5114 exigit,
789 5049 818 5097 ut
839 5043 874 5096 ab
898 5042 938 5097 eis
960 5043 1044 5115 quaeri
1098 5041 1236 5113 diripiet.
1247 5042 1299 5113 rx).
1311 5039 1374 5096 liaec
1382 5039 1443 5097 dico
1451 5041 1537 5109 vobis,
1552 5039 1716 5105 charissimi,
1728 5041 1790 5113 qnia
1802 5053 1902 5102 verear

247 5133 381 5199 oporteat.
396 5125 519 5197 Quidvis
534 5137 562 5185 ut
576 5127 671 5186 faciam
691 5130 760 5185 tihit
773 5146 828 5187 non
843 5131 895 5201 ipsi
909 5141 1041 5202 quaerant,
1097 5149 1133 5190 nc
1148 5133 1209 5206 quis
1223 5131 1293 5188 forte
1321 5131 1356 5185 sit
1370 5131 1514 5197 intervos,
1530 5129 1643 5202 quisolo
1656 5146 1687 5185 se
1709 5129 1817 5186 somnio
1829 5143 1902 5202 proe·

247 5215 374 5280 Domine,
384 5215 502 5287 qnidme
512 5219 553 5273 oie
562 5217 867 5288 focereiconsiderare
877 5235 988 5278 necesse
999 5224 1045 5279 ha·
1096 5231 1184 5282 sumat
1206 5219 1383 5278 illuminatum
1405 5235 1479 5293 esae3
1496 5234 1548 5276 neo
1568 5221 1624 5289 jam
1638 5218 1827 5292 equanimiter
1850 5233 1899 5291 pa-

246 5304 314 5360 bent
328 5302 440 5359 ministri
463 5313 492 5360 et
510 5305 603 5362 vicarii
617 5307 727 5372 Christi,
743 5309 808 5380 quid
822 5309 1044 5386 sibipraecipivo-
1097 5317 1180 5371 tiatur
1193 5312 1345 5368 adalanum
1358 5309 1438 5380 trahi,
1454 5313 1502 5364 sed
1516 5309 1657 5366 ductorem
1667 5307 1900 5380 sese-profiteatur

243 5389 308 5449 lint:
324 5407 379 5450 non
389 5393 440 5465 ipsi
450 5395 623 5453 considerant
637 5413 698 5470 quae
707 5398 832 5456 voluntas
850 5404 885 5458 sit
894 5415 1043 5478 praecepto·
1097 5405 1222 5462 aliorum.
1250 5399 1300 5456 Cui
1329 5397 1402 5455 euim
1430 5398 1546 5455 necdum
1573 5397 1814 5456 administrationis
1835 5411 1899 5455 cura

245 5479 366 5540 riaNon
380 5483 690 5542 estnhedientieeomm
704 5487 861 5559 plena,ncn
874 5493 902 5548 iu
918 5495 1044 5552 omnihus
1098 5495 1220 5566 injuncta
1233 5497 1285 5557 eat,
1307 5488 1350 5546 cui
1377 5489 1494 5546 necdum
1517 5487 1620 5546 credita
1655 5487 1834 5562 dispensatio,
1855 5485 1899 5543 cui

286 5662 344 5736 (tt)
361 5661 426 5718 llaec
439 5661 535 5731 verbo,
549 5665 707 5735 parenthesi
721 5666 748 5727 in
762 5668 838 5726 hetia
852 5671 965 5742 inclusa,
984 5673 1065 5734 Luce
1079 5669 1200 5732 narranti
1216 5667 1373 5738 tribuenda,
1390 5683 1446 5725 non
1462 5666 1580 5726 Christo.
