3950 6350
44 465 101 522 aas
559 459 597 516 ru
614 457 712 518 asan.
744 457 805 528 our
819 455 970 516 ιιιιιιι
992 449 1109 512 annuo
1134 452 1187 512 xv
1647 459 1700 518 ,ω

42 591 81 645 sis
108 589 186 662 qnasi
199 587 326 662 vigilibru
347 585 511 642 secederent
523 583 595 656 apud
619 598 678 652 eos,
693 587 722 639 at
735 579 846 637 minime
864 593 888 670 st
903 591 965 635 assa
978 592 1030 650 pro
1044 575 1167 645 minuto,
1182 576 1216 632 ab
1226 576 1336 634 homine
1348 579 1462 647 jndieari
1473 595 1527 638 uon
1542 596 1635 654 posse,
1648 579 1706 638 nt·

43 677 254 749 pertransirent.
268 675 443 749 lipoqttidom
455 673 572 748 Gophoe5
582 687 629 746 ego
647 676 744 730 autem
750 670 846 737 Porcii,
903 683 955 723 nus
968 671 1059 724 autem
1073 663 1141 722 nihil
1154 663 1279 722 mosaica
1293 666 1450 724 essenobia.
1466 669 1600 728 osterum
1614 670 1638 727 si
1652 685 1700 728 oc-

43 767 121 822 aiuut
135 781 144 836 3
159 781 208 839 epo
221 780 287 825 vero
301 765 396 837 Apollo
411 762 438 836 (l
449 763 511 822 tlor.
523 777 541 832 t,
560 761 616 834 ta).
632 760 687 818 Sed
697 758 762 833 qnid
777 759 849 814 leca-
903 755 1079 812 cultissimum
1092 753 1214 810 iudicem
1229 753 1326 810 timent
1342 754 1424 812 etiam
1443 757 1552 828 magni3
1568 765 1699 830 quantum

46 863 111 910 runt
129 853 228 928 vigiles
245 851 338 917 sobrii,
359 851 455 924 vigiles
468 847 680 923 circumspecti?
695 850 755 906 Non
774 846 848 905 enim
902 858 953 900 nes
976 845 1010 900 ad
1033 842 1104 900 illitu
1125 840 1255 900 examinis
1282 842 1440 900 memoriam
1462 845 1590 902 mutauit
1613 848 1700 921 trepi-

46 950 177 1015 potaraut
190 943 239 998 sibi
249 941 388 1011 suscipere
401 955 539 1012 sponsam,
556 940 602 1012 qui
614 940 685 996 bene
694 952 755 994 eam
769 951 849 992 aemu·
900 932 992 990 dare?
1010 932 1034 991 0
1053 933 1077 988 si
1091 932 1158 988 mihi
1176 931 1348 1006 contingeret
1367 937 1472 988 certum
1491 947 1562 1002 case,
1582 933 1621 988 nil
1640 951 1701 992 esse

44 1032 185 1094 labantur,
200 1029 247 1103 qui
261 1028 458 1086 aemulabantur
472 1029 523 1084 Dei
538 1027 719 1093 aemulatione,
734 1025 782 1099 qui
799 1026 848 1080 de·
901 1019 930 1078 iu
944 1022 1070 1079 omnibus
1084 1021 1164 1078 nobis
1175 1020 1251 1077 illum
1265 1019 1410 1077 offendens
1423 1021 1542 1087 oculum,
1561 1023 1607 1095 qui
1628 1022 1702 1080 solus

44 1119 215 1190 sponderent
228 1119 276 1174 uni
289 1118 346 1177 viro
359 1117 493 1190 virginem
507 1125 609 1172 matam
624 1116 754 1173 exhibere
768 1113 848 1170 Chri·
903 1111 1023 1182 perlecta
1043 1109 1118 1168 novit
1137 1109 1201 1182 quid
1221 1110 1257 1166 sit
1275 1109 1303 1166 iu
1321 1109 1441 1182 homine,
1464 1109 1561 1166 videns
1572 1110 1603 1165 in
1622 1125 1655 1168 ec
1674 1119 1703 1166 et

40 1215 98 1266 sto.
114 1212 322 1266 Pcrcosaeroot
335 1223 381 1265 me
395 1211 423 1263 et
437 1209 660 1265 ouloeroocroat
670 1221 724 1270 me,
748 1203 794 1260 ait.
817 1201 850 1258 tlt
904 1199 977 1272 quod
991 1199 1019 1256 in
1032 1215 1062 1256 ae
1077 1198 1121 1256 ille
1137 1214 1192 1256 nou
1204 1198 1301 1256 videti
1312 1199 1370 1256 lloc
1383 1199 1427 1256 vel
1441 1197 1558 1255 maxime
1571 1198 1701 1269 judicium

41 1296 113 1370 quid
126 1295 186 1352 ita?
200 1297 235 1352 Ni
244 1296 332 1364 fallor,
344 1296 479 1367 urgebant
492 1303 522 1351 ut
536 1293 725 1368 pertransiret,
737 1290 850 1364 perinde
903 1289 1079 1360 vestigemus,
1099 1287 1207 1352 fratres,
1226 1297 1254 1345 et
1276 1303 1310 1345 eo
1323 1288 1438 1360 amplius
1456 1285 1660 1359 frequentemus
1674 1287 1704 1343 in

41 1388 194 1447 inventura
207 1385 346 1442 dilectum.
359 1385 483 1456 Denique
496 1382 576 1440 etiam
588 1384 720 1441 tulerunt
728 1381 850 1453 pallium
904 1376 1001 1434 timore
1020 1385 1048 1432 et
1065 1388 1183 1434 tremore
1198 1376 1283 1448 ipsius
1300 1376 1557 1446 considerationem,
1578 1390 1633 1448 que
1647 1375 1701 1432 nri-

41 1492 142 1534 meam
156 1475 280 1544 (daath.
295 1489 323 1539 v,
339 1475 379 1541 7),
401 1471 496 1543 iuquit,
515 1471 587 1528 baud
605 1470 717 1526 dubium
738 1468 803 1542 quin
820 1470 852 1524 ut
905 1481 957 1522 uns
971 1466 1205 1537 comprehendere
1225 1481 1369 1539 possumus
1386 1465 1604 1538 investigabilem
1618 1466 1702 1537 abys-

43 1571 172 1620 eurreret
190 1560 325 1632 expedita.
351 1559 576 1615 animadvertere
598 1566 641 1614 ast
659 1573 742 1630 qnam
761 1555 851 1612 valide
904 1570 964 1610 sum
977 1553 1141 1624 judiciorum
1152 1554 1211 1624 liei,
1224 1554 1474 1626 etirrelragabilena
1487 1553 1701 1627 dispositionem.

47 1651 193 1724 percutiat,
208 1649 307 1722 quibus
320 1646 428 1719 sagittis
442 1646 591 1717 Apostolus
604 1646 729 1702 vulneret
742 1659 792 1701 eos
805 1644 851 1716 qui
905 1642 973 1698 Cum
987 1641 1039 1698 hoc
1051 1642 1149 1698 timore
1162 1658 1226 1714 spes
1240 1643 1322 1702 babet
1339 1643 1474 1714 meritum,
1489 1659 1552 1700 cnm
1565 1645 1616 1700 hoe
1630 1649 1705 1700 metu

46 1738 191 1797 divertisse
206 1737 277 1811 apud
291 1733 387 1808 vigiles
400 1733 573 1792 videbantur.
593 1733 727 1807 Nonqnid
741 1733 852 1790 Poulua
904 1730 1042 1787 fructuose
1060 1736 1197 1802 speratur.

44 1843 96 1899 pro
106 1825 345 1895 ociiserucifirrur
358 1823 424 1881 eat?
437 1824 650 1881 octioaoma'rae
662 1823 747 1879 Poeta
758 1821 847 1894 lepti
941 1823 967 1876 5.
988 1819 1039 1874 Est
1057 1825 1147 1875 autam
1163 1818 1186 1875 is
1199 1818 1257 1890 ipsa
1277 1818 1357 1876 timor
1375 1819 1528 1876 firmissima
1543 1820 1667 1893 quaedam
1677 1826 1706 1876 et

44 1917 105 1972 soti
122 1914 246 1982 asiisttl
254 1912 315 1970 Gor.
332 1929 350 1976 ι,
369 1914 425 1984 ta).
441 1911 547 1969 etitem
565 1929 571 1965 :
595 1913 666 1969 Goon
683 1912 760 1968 enim
781 1911 853 1967 dicit
868 1895 891 1973 Β
906 1907 1002 1965 allieas
1017 1906 1129 1964 materia
1147 1906 1215 1979 spei,
1235 1907 1259 1962 si
1273 1906 1334 1980 quis
1348 1909 1498 1979 prudenter
1512 1909 1645 1966 advertat.
1665 1909 1707 1965 Si-

45 2004 121 2076 qrtis,
137 2003 264 2075 Egeram
277 2002 381 2071 Pouii,·
395 2002 590 2068 atterentem,
601 2003 728 2074 ligoram
739 1999 851 2071 Apollo;
906 1995 1016 2068 quidem
1034 1995 1182 2052 marimum
1201 1995 1337 2068 quoddam
1358 1997 1408 2053 Dei
1426 1997 1528 2054 donum
1545 1997 1625 2054 timor
1642 1997 1705 2068 iste,

45 2091 274 2149 nooaabomimoa
283 2089 375 2148 eatis?
387 2088 531 2163 Qeadmo
541 2089 852 2161 estlpottotqoidoero
907 2093 935 2142 et
948 2100 982 2142 ex
995 2083 1171 2156 perceptione
1190 2085 1365 2155 praesentium
1386 2085 1465 2142 firma
1483 2093 1527 2144 est
1539 2085 1707 2158 exspectatio

45 2179 379 2250 Pauloatllioistriajaa
389 2179 438 2236 coi
447 2177 663 2248 credidistirttl
671 2179 731 2236 cor.
743 2191 783 2243 ιιι,
795 2177 851 2244 ts).
907 2173 1070 2230 futurorum.
1090 2173 1231 2230 Postremo
1245 2173 1445 2246 beneplacitum
1466 2181 1509 2232 est
1522 2173 1639 2233 Dourino
1658 2189 1707 2232 su·

50 2269 191 2338 ριιοπίαιη
204 2269 290 2326 inme
303 2267 438 2340 sperauit,
455 2266 659 2324 tommosam
669 2266 730 2322 Nou
742 2264 771 2320 in
784 2263 853 2339 vigi·
908 2277 958 2334 per
977 2263 1104 2320 timentes
1122 2277 1184 2319 eum
1200 2263 1285 2330 (Ptol.
1305 2277 1397 2333 oxum,
1418 2265 1481 2335 tt);
1497 2271 1526 2322 et
1544 2262 1638 2337 utique
1651 2263 1708 2322 vita

46 2357 128 2426 libus,
146 2371 202 2413 nen
216 2356 245 2411 in
259 2354 379 2421 bomine,
396 2370 449 2411 non
464 2353 614 2426 iuungam,
635 2353 683 2410 sed
699 2352 727 2409 iu
742 2369 796 2421 me,
813 2353 853 2408 in·
908 2352 935 2406 iu
947 2349 1087 2410 voluntate
1101 2351 1173 2421 eius,
1188 2359 1217 2406 et
1230 2351 1258 2407 iu
1272 2351 1444 2425 beneplacito
1463 2351 1523 2426 ejus
1536 2353 1608 2410 salas
1622 2357 1705 2410 etar-

44 2444 116 2518 quit,
137 2443 268 2518 speravit,
289 2442 356 2499 nihil
374 2443 440 2499 boni
463 2442 514 2498 nisi
537 2458 572 2498 ax
591 2458 645 2508 me,
667 2459 702 2500 ne
715 2458 766 2513 per
779 2441 854 2513 ipsos
908 2454 953 2495 na.
971 2441 1108 2508 moniam
1123 2442 1155 2496 tra
1168 2441 1494 2512 aequanimiterne«)
1512 2459 1587 2500 eom.
1602 2441 1707 2498 Dulcis-

46 2539 224 2606 exspectans.
248 2533 338 2590 Onne
358 2531 430 2589 euim
456 2531 549 2586 datum
567 2531 711 2602 optimum,
726 2539 754 2586 et
772 2545 854 2586 omne
907 2527 977 2584 sima
994 2526 1151 2599 liberalitas,
1167 2527 1195 2582 in
1208 2543 1238 2584 se
1259 2528 1431 2600 sperantibus
1448 2543 1503 2586 neu
1522 2529 1631 2587 deesse.
1650 2529 1708 2588 lloc

46 2623 151 2679 donum
165 2619 316 2692 perlectum
336 2621 480 2676 desursum
499 2627 541 2675 est
558 2618 730 2675 descendens
743 2633 759 2673 a
774 2621 854 2675 Patre
908 2615 981 2672 euim
1000 2622 1085 2672 totum
1105 2614 1221 2672 hominis
1239 2615 1376 2685 meritum,
1396 2617 1420 2672 si
1435 2624 1519 2674 totam
1539 2635 1616 2691 spem
1631 2635 1709 2676 auam

45 2711 180 2767 luminum
204 2709 310 2782 (leuchi
332 2724 352 2778 ι,
378 2707 434 2775 tn).
462 2709 503 2764 tlx
527 2723 572 2764 me
595 2705 693 2780 vigiliae
714 2707 853 2764 hominum
907 2705 1033 2779 ponatin
1048 2719 1081 2761 eo
1094 2704 1141 2778 qui
1160 2711 1245 2761 totum
1268 2706 1407 2762 homiuem
1424 2707 1710 2765 salernitanensis

47 2799 140 2866 utiles,
163 2797 235 2854 circa
259 2811 343 2868 opera
363 2794 457 2868 utique
477 2795 643 2852 manifesta:
669 2796 709 2853 eis
727 2795 854 2852 nimirum
907 2797 1200 2867 aperooeruotpotros
1214 2797 1316 2863 nostri,
1332 2801 1527 2868 speraverunt,
1544 2798 1710 2856 etiileroata'

48 2885 179 2944 custodes
194 2883 321 2942 homines
339 2884 476 2955 deputavi.
494 2885 535 2939 lla
548 2899 592 2938 me
607 2883 728 2939 excubias
742 2885 855 2956 angelo-
907 2883 1006 2951 coeat
1016 2883 1260 2950 teciomooeruot,
1270 2887 1299 2940 et
1312 2885 1384 2940 solui
1396 2887 1552 2956 factitant,
1564 2887 1597 2941 ira
1612 2889 1710 2959 terpa-

47 2991 119 3042 rum,
148 2971 352 3032 observantium
380 2971 544 3028 secretiores
571 2979 670 3038 motus,
684 2970 688 2978 ’
701 2971 854 3044 specialiter
907 2978 1056 3042 roomot,
1072 2977 1100 3028 et
1111 2987 1167 3028 nota
1180 2977 1248 3029 aoht
1258 2975 1370 3046 confusi
1378 2973 1467 3042 (Paci.
1478 2987 1540 3045 ιιιιι,
1551 2976 1579 3046 b,
1588 2975 1627 3044 6).
1642 2974 1710 3046 Quis

49 3061 265 3130 sollicitantium,
288 3060 506 3134 propulsantium
529 3067 706 3133 suggestores
732 3060 851 3134 iniquos.
908 3059 981 3116 euim
995 3059 1115 3132 speravit
1127 3059 1156 3115 in
1171 3075 1215 3126 eo,
1232 3067 1261 3117 et
1278 3060 1408 3118 contusus
1422 3067 1487 3120 esti
1500 3063 1651 3135 Sparataiu
1666 3079 1708 3126 eo,

49 3153 183 3208 Caeterum
202 3149 298 3207 iutirua
316 3164 383 3206 sane
405 3147 527 3206 custodia
547 3149 735 3206 secretissimae
758 3149 852 3206 inten-
909 3149 998 3206 omnis
1011 3147 1188 3222 congregatio
1201 3149 1303 3221 populi.
1324 3149 1518 3224 Quemcunque
1533 3152 1605 3208 enim
1621 3152 1708 3209 locum

50 3241 141 3310 tionis,
157 3254 214 3298 non
227 3239 310 3296 modo
324 3254 359 3295 ex
378 3254 433 3306 me,
453 3253 548 3295 verum
569 3238 650 3294 etiam
673 3253 724 3310 per
741 3251 785 3295 me
804 3198 889 3295 liatc
908 3238 1053 3296 calcaverit
1067 3253 1116 3309 pes
1133 3243 1236 3311 vester,
1252 3243 1344 3296 vester
1357 3239 1419 3296 erit.
1442 3241 1493 3297 l‘es
1511 3249 1603 3298 vester
1615 3241 1709 3315 utique

47 3343 160 3387 necesse
175 3334 230 3396 est,
246 3329 319 3400 quod
333 3325 380 3385 illo
394 3327 504 3399 quidam
518 3329 653 3382 humanus
663 3335 792 3400 nequeat,
802 3327 852 3384 sed
906 3343 971 3399 spes
980 3335 1070 3384 vestra
1079 3335 1130 3383 est.
1141 3326 1394 3401 Quantumcumque
1404 3327 1448 3384 itta
1458 3329 1631 3402 pmeessem't,
1642 3331 1710 3386 ohti-

48 3435 84 3475 ne
98 3415 241 3490 angelicus
255 3431 363 3489 quoque
377 3415 471 3476 oculus
486 3421 641 3487 penetrare.
907 3415 994 3482 nabit,
1008 3416 1032 3470 si
1047 3425 1138 3472 emen
1154 3416 1183 3472 in
1197 3416 1284 3473 Deum
1297 3425 1353 3473 tota
1368 3417 1478 3492 ligatur,
1495 3428 1526 3474 ut
1541 3417 1618 3474 firma
1632 3419 1666 3473 sit
1680 3423 1709 3474 et

83 3511 109 3563 t.
128 3509 320 3580 Agnoscamus
330 3505 468 3577 ,triplicem
482 3506 553 3561 banc
565 3504 726 3572 custodiam,
742 3503 850 3577 iratres,
907 3519 961 3562 non
981 3505 1089 3561 titubet.
1115 3502 1186 3571 Quid
1207 3506 1301 3561 timeat
1320 3505 1443 3578 aspidem
1461 3513 1508 3562 aut
1531 3505 1708 3562 basiliscum?
1752 3553 1762 3570 ,.

48 3603 77 3654 et
95 3595 273 3653 exhibeamus
287 3608 339 3650 nos
350 3593 400 3660 eis,
415 3593 510 3666 quales
519 3592 616 3665 cuique
632 3593 760 3651 convenit
773 3594 851 3650 exhi·
907 3595 972 3669 quid
985 3593 1071 3651 leonis
1086 3589 1203 3666 mgltus,
1218 3601 1264 3650 aut
1278 3593 1404 3651 draconis
1418 3594 1511 3651 sibilos
1524 3595 1710 3667 expavescat?
1789 3625 1794 3646 .

50 3683 119 3742 beri.
142 3681 338 3741 Provideamus
361 3683 433 3737 bona
456 3697 546 3738 coram
568 3680 734 3749 hominibus,
761 3698 852 3738 coram
941 3688 970 3740 6.
988 3685 1127 3753 montom
1136 3685 1490 3756 rememorationem.)
1500 3685 1671 3743 eem.Porro
1681 3685 1713 3741 li·

48 3771 165 3848 angelis,
186 3785 278 3828 eoram
293 3772 362 3829 Deo.
378 3768 583 3827 contendamus
603 3771 712 3842 placare
727 3770 852 3827 omnibus
907 3773 1031 3829 berctum
1045 3772 1165 3845 quidem.
1182 3787 1217 3828 ue
1231 3771 1329 3829 iterum
1347 3773 1537 3846 impugnetur,
1557 3789 1592 3830 ne
1610 3771 1707 3830 iterum

51 3859 215 3934 peremnia,
235 3859 285 3916 sed
307 3859 424 3922 maxime
443 3858 468 3916 ei
488 3857 536 3932 qui
554 3858 686 3915 maximus
711 3867 853 3932 estsuper
908 3868 991 3935 egeat
1002 3857 1123 3927 liberari,
1134 3867 1276 3931 protegam
1286 3875 1347 3916 eum
1356 3868 1384 3917 et
1393 3861 1607 3920 conservabc:si
1617 3869 1708 3918 umen

52 3948 151 4006 omnia.
173 3948 205 4003 lu
220 3955 369 4020 conspectu
389 3946 547 4020 augelorum
566 3947 711 4018 psallamus
730 3947 765 4018 ei,
781 3956 811 4005 ut
824 3951 853 4004 iu
908 3949 1068 4025 cognoverit
1078 3963 1178 4006 nomeu
1187 3963 1289 4014 meum,
1299 3963 1351 4004 nec
1361 3949 1412 4006 sibi
1423 3949 1522 4006 tribuat
1530 3951 1605 4023 quod
1615 3951 1712 4007 libera·

53 4038 92 4095 eis
104 4037 250 4109 impleatur
267 4035 340 4109 qued
361 4035 490 4108 seriptum
510 4043 565 4094 est:
585 4039 637 4106 Qui
648 4037 750 4093 timent
762 4041 799 4105 tc,
814 4039 854 4094 oi·
909 4045 1010 4108 tuaest,
1021 4038 1071 4095 sed
1081 4036 1184 4093 nouuni
1198 4053 1260 4093 mee
1274 4037 1321 4094 det
1331 4037 1455 4109 gloriam.
1471 4041 1621 4110 malopem
1630 4053 1708 4106 cam,

54 4125 155 4184 deberat
168 4141 212 4183 mc
222 4131 252 4185 ot
264 4123 447 4192 letabuntur,
463 4127 529 4198 quio
543 4127 576 4181 ira
589 4125 672 4182 verbo
686 4131 736 4182 too
754 4143 852 4200 soper·
908 4129 1044 4201 quoatiom
1053 4127 1184 4198 cognouit
1196 4141 1307 4184 amem
1321 4143 1429 4185 mecm.
1439 4126 1470 4182 ln
1480 4127 1625 4200 praesentia
1636 4128 1708 4184 enim

54 4217 162 4288 speravi
176 4215 266 4288 (Ptol.
282 4229 381 4282 cxvrn,
393 4214 450 4287 nt).
464 4213 630 4271 obediamus
639 4215 794 4285 prepositis
808 4229 855 4270 no
908 4217 998 4273 vultus
1006 4215 1176 4290 glorificatio,
1185 4217 1213 4271 in
1224 4215 1319 4272 notitia
1328 4216 1444 4271 nominis
1458 4215 1590 4287 protectio
1599 4215 1710 4272 exhibe-

53 4305 126 4375 stris,
150 4304 196 4375 qui
214 4301 389 4376 pervigilant,
413 4309 542 4376 tanquam
564 4300 697 4358 reddituri
721 4303 854 4358 rationem
908 4313 963 4362 tur.
978 4305 1048 4376 Spes
1056 4305 1084 4360 ln
1094 4303 1305 4370 nominaveris
1321 4303 1390 4360 lucie
1405 4311 1455 4360 eat.
1467 4303 1545 4373 Quod
1554 4306 1627 4361 anim
1636 4303 1712 4362 videt

54 4407 104 4465 pro
118 4391 260 4448 animabus
274 4391 385 4461 nostris,
408 4399 438 4448 ut
456 4405 510 4448 uon
531 4407 592 4448 eum
610 4391 718 4447 tristitia
739 4393 791 4448 hee
812 4392 853 4447 la·
910 4395 980 4467 quia,
992 4393 1052 4466 quis
1060 4395 1271 4465 speratliltom.
1284 4395 1407 4462 vrrr,2l).
1421 4393 1502 4450 l'itles
1511 4391 1604 4464 utique
1614 4411 1651 4451 oe
1661 4411 1710 4450 ort·

54 4483 127 4537 eiant
150 4481 241 4552 (hebr.
261 4495 327 4552 xm,
351 4483 407 4551 tn).
430 4479 463 4535 lit
478 4480 588 4552 quidem
601 4475 712 4552 (gratias
735 4481 803 4552 Deo,
819 4495 854 4537 er
869 4502 893 4583 n
909 4481 1710 4554 otmtttomm,tuqatroqutuem,1·urtaeomoemsposto-
1787 4473 1792 4480 ’

53 4571 133 4640 eujus
147 4569 205 4627 solo
226 4567 312 4628 819
334 4584 448 4626 monere
463 4569 549 4642 venit)
568 4585 623 4626 non
637 4570 766 4643 estquod
781 4570 853 4627 mul·
908 4569 1659 4642 lum‚o.rtrerumaobstmatiesperandorcmtllebrnr,
1671 4572 1710 4639 t).

57 4667 112 4714 tum
130 4674 178 4715 vos
201 4673 344 4725 moneam
366 4674 422 4714 uon
442 4659 575 4732 estquod
595 4658 708 4715 multum
730 4658 807 4717 vobis
822 4659 854 4715 ti·
910 4658 1711 4734 Proiegomeom,quoniomcogriooituomeemeomllon

57 4761 142 4802 meam
151 4747 180 4801 iu
192 4749 243 4804 hac
252 4755 340 4819 parte.
356 4745 434 4817 Quod
444 4747 516 4804 enim
528 4754 571 4803 est
583 4748 711 4820 gaudium
723 4763 812 4804 meum
828 4756 856 4804 et
909 4749 984 4806 novit
996 4763 1095 4805 nomen
1105 4750 1175 4820 ejus,
1183 4749 1229 4820 qui
1239 4747 1303 4802 illud
1314 4747 1427 4802 assumit
1434 4745 1462 4800 iu
1470 4761 1579 4813 vanum,
1587 4747 1634 4819 qui
1645 4746 1711 4802 dicit

57 4834 143 4906 gloria
163 4849 233 4898 mea,
253 4834 305 4892 uisi
323 4845 447 4910 prompta
461 4835 593 4906 obeditio,
611 4843 639 4893 et
653 4836 855 4908 irreprehensi·
910 4837 945 4902 ei,
960 4837 1085 4902 Domine,
1101 4836 1227 4898 Domine,
1239 4842 1266 4890 et
1277 4851 1331 4890 uon
1348 4834 1410 4890 lacit
1423 4849 1484 4907 quae
1493 4832 1560 4890 dicit
1569 4834 1637 4906 ipse.
1649 4835 1709 4891 Non

58 4923 119 4980 bilis
128 4925 299 4980 conversatio
313 4924 423 4980 vestra?
436 4923 506 4994 Quid
522 4925 543 4980 si
559 4935 634 4982 certo
649 4941 853 4999 cognoscerem,
910 4927 985 4983 uovit
995 4926 1169 4997 nomenejus,
1181 4924 1296 4997 quicum
1307 4939 1358 4980 uec
1369 4924 1482 4980 honorat
1492 4931 1521 4980 ut
1532 4925 1646 4990 Patrem,
1657 4940 1710 4981 uec

59 5027 92 5068 ue
109 5011 226 5088 angelos
244 5011 355 5086 quidem
369 5011 484 5083 amplius
501 5013 601 5086 aliquid
617 5016 644 5070 in
660 5015 736 5073 vobis
751 5031 855 5088 cogno·
910 5024 939 5070 ut
953 5015 1097 5071 Dominum
1112 5014 1197 5070 timet.
1215 5015 1277 5069 Non
1292 5013 1366 5070 novit
1379 5029 1479 5070 nomeu
1489 5015 1547 5084 ejus
1557 5012 1603 5084 qui
1617 5013 1652 5068 ad
1666 5029 1711 5069 va·

59 5116 135 5158 scere
145 5101 219 5173 quod
229 5100 373 5168 dedeceat,
384 5102 456 5172 apud
467 5104 602 5159 neminem
617 5112 737 5161 vestrum
748 5120 781 5160 ex
795 5119 857 5159 aaa·
908 5104 1008 5160 nitates
1020 5103 1174 5159 etlusanias
1184 5101 1263 5157 talsas
1272 5101 1447 5157 convertitur.
1455 5103 1556 5160 Bouttos
1564 5105 1617 5173 vir,
1629 5103 1710 5172 cojre

60 5190 177 5246 themate
190 5189 298 5246 lerichc
312 5189 449 5263 quidpiam
464 5191 602 5256 occultari,
618 5209 673 5249 non
688 5207 856 5248 murmurare
910 5199 953 5251 eat
967 5209 1069 5251 manea
1083 5194 1196 5250 Domini
1209 5207 1272 5263 spes
1285 5191 1353 5262 ejas,
1368 5194 1396 5247 at
1410 5207 1468 5247 non
1481 5191 1606 5262 respexit
1617 5192 1647 5246 iu
1660 5206 1710 5244 vc-

60 5277 187 5349 aliquem,
209 5294 265 5334 non
283 5279 430 5336 detrahere
445 5279 474 5334 in
489 5279 604 5346 occulto,
621 5297 675 5337 non
690 5281 856 5338 simulatorie
909 5282 1053 5339 aiiotoaet
1063 5283 1192 5338 insanias
1203 5281 1291 5352 {oleos
1302 5279 1489 5352 (Paalxxxrx,
1501 5277 1711 5350 5).llocncmeu

61 5381 142 5437 agere
156 5365 199 5422 vel
214 5367 335 5435 remisse,
357 5383 413 5424 non
432 5367 626 5441 ignominiosas
643 5367 753 5426 volvere
768 5369 857 5426 animo
911 5377 1078 5442 cognoverat
1090 5370 1137 5441 qui
1150 5369 1275 5426 dicebat:
1294 5371 1352 5425 Non
1365 5369 1443 5425 euim
1462 5373 1504 5424 ast
1518 5365 1597 5422 alind
1610 5382 1712 5424 omnen

61 5445 250 5526 cogitationes,
266 5457 363 5530 qulbus
377 5456 456 5523 solet,
472 5458 543 5513 heu!
565 5456 701 5514 interdum
715 5457 774 5530 ipsa
788 5474 856 5532 quo·
912 5461 1012 5517 dotum
1027 5459 1202 5526 homiuibus,
1217 5461 1249 5514 iu
1264 5473 1318 5531 qtto
1333 5460 1458 5531 oportent
1472 5471 1521 5511 nor
1540 5455 1630 5513 aolooa
1648 5456 1712 5525 fieri

64 5557 116 5613 que
137 5559 199 5610 para
221 5545 342 5616 corporis
368 5546 548 5619 perturbari?
568 5549 695 5622 llagnum
718 5549 770 5605 hoe
792 5548 855 5606 mihi
913 5551 983 5620 (Aet.
1003 5563 1043 5613 vv,
1060 5547 1115 5620 tl).
1130 5548 1310 5621 Nosquoque
1326 5545 1349 5602 si
1368 5543 1491 5601 novimus
1511 5560 1611 5600 nouren
1629 5560 1710 5600 sanc-

64 5631 153 5704 gaudii
175 5631 381 5707 incrementum,
400 5637 448 5693 sed
464 5637 583 5692 nondum
598 5637 691 5708 utique
707 5636 855 5707 plenitudo.
914 5645 967 5694 tum
988 5637 1059 5708 quod
1078 5638 1232 5694 invocatum
1250 5643 1393 5706 estsuper
1416 5649 1476 5703 nos,
1500 5633 1711 5692 desiderandum

65 5719 123 5776 Non
142 5722 214 5778 enim
235 5729 288 5780 ῑιιιιι
307 5725 398 5797 magni
418 5741 519 5792 sumus,
544 5732 574 5782 ut
593 5726 678 5798 possit
697 5727 774 5782 uobis
789 5728 858 5784 adeo
913 5726 1105 5800 utiqnenobis,
1122 5735 1151 5782 ut
1165 5741 1275 5800 semper
1289 5723 1473 5784 sanctificetur
1486 5723 1513 5780 in
1526 5723 1615 5791 nobis,
1629 5729 1711 5795 atque
