4150 6348
126 414 179 476 sol
602 407 637 472 tlt
653 407 780 472 uoluta
793 410 976 474 stabulau
998 412 1156 476 suessoni
1170 414 1285 476 sunto.
1726 418 1781 480 502

125 539 200 598 licet.
217 533 368 610 Diligenter
382 549 451 608 ergo
465 533 670 594 manderemus
681 551 744 609 quae
757 543 934 610 apponuntur
950 539 1055 633 filliam
1075 547 1104 598 et
1125 541 1250 600 Christus
1278 542 1410 615 triplicem
1439 545 1517 600 nobis
1544 545 1657 619 apponit
1674 561 1781 617 aquarn,

131 624 220 693 nobis,
236 623 367 698 qnoniam
380 623 561 696 taliaopcrtct
583 639 634 682 nos
647 640 811 698 praeparare.
836 625 935 684 Consi-
988 636 1016 687 et
1030 628 1163 702 perfectus
1181 631 1271 688 omnis
1285 631 1332 702 qui
1347 630 1467 688 loomin
1482 632 1561 694 nobis
1570 633 1640 691 siem
1652 633 1722 705 ipae,
1737 633 1784 708 qai

132 716 240 774 demrit
254 714 488 774 beatusGlemens
501 713 593 774 ninum
604 714 657 774 ribi
674 715 828 787 appositum
846 733 936 775 meet
989 717 1115 776 videlieet
1129 727 1185 776 tres
1201 727 1325 778 metretas
1338 720 1438 776 hahere
1452 720 1577 790 potuerit.
1603 723 1715 792 Propter
1733 725 1786 782 hoc

133 806 262 878 Domino,
278 813 307 863 et
321 803 644 878 ipsequcque,quoniam
657 804 735 862 dives
750 804 808 874 luit,
825 805 858 862 ad
870 822 938 878 nup·
989 807 1062 864 enim
1076 809 1127 866 sub
1155 808 1328 868 distinctione
1344 807 1452 878 dicitur,
1473 808 1550 866 binas
1575 811 1618 868 uel
1633 820 1734 883 ternas,
1757 824 1788 871 ut

135 897 189 956 tias
202 896 262 954 illas
277 895 371 952 riuum
390 891 567 950 nihilominus
592 893 696 967 proprii
712 893 854 968 sanguinis
868 895 937 952 eiiu-
989 896 1056 954 dues
1066 897 1099 952 ad
1115 897 1204 956 minus
1219 904 1325 955 consul
1338 897 1509 956 necessarias
1520 913 1581 956 esse
1592 917 1599 965 ;
1610 899 1716 958 tertiam
1730 917 1786 958 uon

136 986 215 1044 mone
231 983 355 1057 portarit.
374 981 428 1039 Sed
443 996 495 1038 nos
513 995 648 1055 pauperes
671 998 779 1050 sumus,
792 985 936 1052 et'rinum,
990 985 1025 1040 ab
1034 985 1162 1043 omnibus
1175 971 1345 1060 exigendam.

135 1073 264 1146 Domine,
283 1087 338 1129 nou
363 1070 506 1126 habemur.
532 1070 569 1125 Δι
593 1069 656 1129 ille:
687 1071 815 1144 implete,
839 1072 936 1144 inquit,
1027 1077 1054 1132 b.
1069 1075 1171 1149 Accipe
1187 1075 1275 1150 igitur
1289 1074 1421 1149 triplicem
1435 1091 1543 1148 aquam,
1559 1091 1639 1149 qnam
1660 1075 1709 1133 tibi
1725 1076 1789 1134 Sal-

137 1163 252 1238 lrpdrr'oa
261 1175 334 1233 aquo
348 1157 442 1231 (loco.
464 1173 494 1225 ιι,
514 1159 551 1222 7).
569 1159 680 1232 Ergone
694 1167 721 1216 et
732 1158 792 1230 ipsa
806 1161 939 1234 suscipie·
991 1169 1068 1220 vator
1082 1164 1205 1235 apponit.
1222 1163 1312 1221 Plorat
1333 1179 1417 1236 super
1432 1165 1666 1236 hermamonem,
1679 1180 1722 1234 ιι,
1742 1164 1789 1236 ab)

137 1261 182 1311 tur
194 1267 275 1325 aqua,
287 1250 310 1306 si
337 1249 510 1308 attulerimus
528 1250 613 1306 eun?
641 1249 738 1323 Utique
765 1252 936 1324 suscipietur.
992 1260 1019 1310 et
1033 1268 1115 1325 super
1128 1253 1261 1311 civitatem
1274 1253 1423 1312 lamuelem
1436 1253 1515 1326 (hcc.
1530 1268 1593 1324 ιιι,
1609 1253 1669 1326 ιι);
1687 1259 1713 1310 et
1732 1255 1791 1310 liaeo

136 1344 204 1402 Nam
217 1349 245 1398 et
258 1340 346 1413 ipsam
369 1353 430 1396 eum
446 1341 510 1394 rlnc
523 1339 604 1396 nobis
630 1343 782 1411 appositam
805 1340 937 1410 insaniet,
993 1351 1035 1398 est
1049 1357 1119 1414 aqua
1130 1341 1225 1412 prima.
1240 1343 1325 1401 Sudat
1337 1343 1502 1400 imminente
1520 1343 1579 1413 iam
1594 1342 1726 1412 passionis
1741 1344 1790 1400 bo·

137 1431 185 1504 qui
198 1429 348 1486 secundnm
363 1425 465 1484 monita
484 1427 633 1501 Sapientia,
645 1428 789 1500 diligenter
811 1430 938 1488 conside·
993 1446 1037 1497 ra;
1052 1437 1080 1486 et
1093 1431 1151 1487 lraec
1164 1439 1206 1488 est
1221 1447 1292 1504 aqua
1305 1432 1436 1500 secunda,
1456 1446 1511 1488 nou
1525 1432 1559 1488 ah
1573 1431 1660 1488 oculis
1675 1438 1789 1502 ιιιιιιιιιι,

137 1517 239 1576 raverit
252 1533 314 1590 qnae
334 1515 385 1574 sibi
398 1526 574 1590 apponuntur
589 1515 684 1589 (Pron.
710 1533 787 1586 xxrrr,
801 1519 840 1592 l),
855 1521 891 1576 ah
905 1535 940 1578 eo
993 1519 1042 1576 sed
1069 1526 1126 1577 toto
1154 1534 1270 1590 corpore
1299 1536 1421 1576 manans.
1451 1520 1516 1576 Haec
1531 1527 1621 1577 autem
1642 1521 1792 1590 rubescat,

138 1607 269 1666 nimirum
282 1605 330 1678 qui
350 1605 425 1662 venit
438 1621 492 1661 non
508 1605 534 1662 in
553 1620 623 1678 aqua
637 1607 737 1675 solum,
765 1605 813 1664 sed
828 1607 855 1664 in
869 1623 940 1679 equa
994 1607 1190 1682 sanguineique
1203 1607 1315 1677 coloris,
1336 1609 1406 1666 sieut
1420 1609 1550 1680 seriptum
1565 1618 1623 1667 est:
1640 1611 1677 1666 ut
1697 1610 1793 1681 scottos

138 1705 167 1754 et
181 1696 325 1770 sanguine.
341 1692 537 1752 Testimonium
553 1694 626 1752 emm
642 1695 780 1766 perhibuit
799 1695 846 1767 qui
861 1695 938 1768 vidit,
956 1730 978 1808 Β
993 1699 1035 1754 cst
1049 1696 1133 1752 sudor
1143 1698 1203 1768 cjrcr
1219 1699 1296 1753 sicut
1308 1701 1397 1768 gcttc
1412 1699 1563 1770 sangoinis
1578 1698 1754 1756 momentis
1764 1699 1796 1758 ic

136 1786 214 1859 qnod
239 1791 332 1856 aperto
356 1782 439 1840 latere
472 1783 580 1842 Domini
607 1783 767 1842 dormientis
802 1783 829 1840 in
859 1800 939 1844 cruce
995 1791 1104 1844 terrum
1117 1786 1192 1853 (hcc.
1208 1800 1275 1854 xxrr,
1301 1786 1360 1856 tl),
1385 1785 1442 1841 tam
1468 1801 1530 1844 vero
1546 1785 1624 1842 tertia
1646 1795 1688 1844 est
1710 1801 1792 1858 aqua,

138 1874 238 1931 exierit
251 1872 363 1947 sanguia
373 1881 401 1928 et
415 1872 581 1946 aqua(}ooc.
592 1889 648 1942 ιιι,
665 1875 708 1940 at,
724 1874 781 1945 35).
991 1890 1072 1946 quam
1089 1882 1116 1928 et
1125 1873 1302 1944 prediximus
1316 1873 1349 1930 de
1359 1872 1443 1930 latere
1453 1875 1514 1945 ejus
1522 1891 1576 1931 una
1587 1891 1649 1932 cum
1660 1875 1794 1948 acumine

175 1965 202 2018 b.
218 1961 253 2018 llt
265 1974 317 2017 nos
329 1975 406 2034 ergo,
425 1959 532 2027 iratres,
547 1969 576 2018 ut
591 1960 633 2016 vel
660 1959 751 2017 fideles
769 1975 821 2018 uos
834 1961 937 2031 probe·
992 1978 1141 2020 emanasse.
1156 1961 1190 2018 Et
1203 1970 1234 2017 ιιι
1249 1976 1317 2034 ergo
1340 1961 1455 2034 primam
1470 1961 1581 2034 quidem
1602 1963 1698 2032 habea,
1714 1963 1739 2018 si
1753 1963 1792 2017 ri·

139 2065 202 2108 mus
216 2051 274 2106 Deo
287 2059 391 2115 nmuo,
407 2048 602 2121 simartyrium
620 2049 761 2122 sanguinis
788 2065 838 2108 nos
852 2051 939 2106 bahe-
992 2067 1042 2124 gaa
1060 2048 1172 2109 1⁰58
1188 2050 1314 2123 lacrymis
1328 2050 1382 2106 tuis
1396 2050 1571 2108 conscientiae
1596 2059 1649 2107 tuae
1662 2057 1789 2123 sumum,

138 2156 200 2196 mus
224 2139 394 2210 (martyrium
409 2138 481 2196 enim
499 2139 684 2196 testimonium
705 2139 769 2212 est),
786 2153 940 2212 queramus
994 2142 1021 2195 et
1034 2137 1128 2196 dolore
1141 2139 1357 2212 compunctionis
1367 2139 1563 2210 preteritorum
1577 2139 1659 2196 diluis
1672 2140 1791 2196 maculas

138 2227 186 2284 vel
201 2229 388 2284 testimonium
410 2241 508 2299 aeqrrae,
523 2237 550 2282 et
571 2243 607 2282 ne
621 2227 712 2298 ipsum
725 2227 835 2301 quidem
850 2227 941 2300 despi·
995 2235 1177 2300 peccatorum.
1194 2227 1346 2283 Secundam
1375 2243 1473 2298 aquarn
1487 2229 1580 2298 babes,
1604 2227 1669 2283 siin
1691 2227 1791 2285 sudore

139 2317 194 2382 olet
206 2317 291 2375 Deus.
307 2316 376 2373 Tres
386 2325 448 2372 sunt
462 2317 535 2372 enim
549 2317 596 2387 qui
608 2316 806 2384 testimonium,
831 2317 896 2372 dant
913 2318 941 2373 in
995 2316 1083 2373 vidtus
1097 2316 1136 2372 tui
1151 2315 1270 2372 vesceris
1290 2331 1359 2389 pane
1385 2325 1442 2386 tuo,
1466 2323 1497 2372 et
1512 2317 1605 2372 labore
1627 2317 1791 2388 paenitentias

140 2417 231 2464 terra:
247 2407 375 2478 Spiritus,
387 2423 455 2479 aqua
483 2415 510 2464 et
523 2407 634 2480 sanguis
647 2407 740 2482 (loon.
767 2426 793 2479 v,
815 2409 854 2480 8).
870 2409 940 2466 Beati
996 2420 1097 2478 corpus
1111 2413 1186 2460 tuum
1199 2405 1325 2477 castigas,
1345 2420 1377 2461 ac
1397 2404 1542 2478 restringis
1566 2405 1792 2476 concupiscentiae

140 2497 241 2570 quibus
266 2496 366 2554 trinum
388 2497 509 2568 suppetit
529 2495 723 2570 testimonium,
748 2498 876 2570 quoniam
900 2497 942 2552 lu·
996 2495 1140 2550 flammam.
1155 2494 1203 2550 Est
1217 2499 1306 2550 autem
1329 2493 1471 2570 sanguinei
1485 2495 1597 2564 coloris,
1613 2494 1793 2566 sivepropter

140 2587 248 2644 niculns
257 2585 353 2658 triplex
362 2584 473 2642 difficile
492 2585 624 2654 rumpilur
637 2585 741 2657 (Eccle.
752 2601 792 2656 av,
808 2587 864 2659 la).
885 2587 944 2646 Noa
997 2583 1127 2650 laborem,
1147 2598 1195 2638 seu
1211 2581 1291 2638 etiam
1306 2592 1415 2654 propter
1429 2581 1521 2656 ipsum
1535 2597 1614 2655 quom
1644 2582 1795 2656 exstinguit

142 2676 166 2730 ai
190 2675 333 2749 sanguinis
361 2672 546 2730 testimonium
574 2675 781 2742 archabanus,
796 2676 944 2732 habeamus
997 2670 1224 2742 concupiscentiae
1237 2671 1340 2745 ignem.
1355 2670 1415 2726 lam
1442 2687 1511 2728 vero
1531 2671 1554 2726 si
1570 2669 1700 2743 prolicere
1714 2679 1794 2742 potes

141 2763 268 2834 spiritum
290 2769 317 2820 et
340 2762 595 2835 aquam:quoniam
612 2761 671 2819 sine
689 2763 785 2836 spiritu
805 2779 857 2821 nec
880 2780 947 2821 san·
997 2759 1130 2833 usquead
1154 2759 1308 2816 devotionis
1332 2758 1469 2831 gratiam,
1497 2759 1636 2832 potaberis
1657 2773 1726 2832 equa
1749 2775 1794 2814 sa·

142 2851 214 2926 guis,
226 2867 279 2907 nec
297 2866 368 2922 aqna
391 2849 524 2908 sufficiet:
540 2850 597 2907 imo
620 2868 683 2909 roro
707 2851 730 2908 si
756 2853 866 2926 spiritus
880 2854 940 2926 ipss
999 2849 1108 2920 pientiae
1123 2847 1264 2913 salutarim
1280 2855 1307 2903 et
1321 2848 1435 2919 spiritus
1453 2847 1564 2917 Christi,
1580 2847 1628 2920 qui
1646 2863 1727 2918 super
1742 2847 1795 2903 mel

140 2941 199 2998 aine
230 2953 302 3011 aqua
322 2947 368 2995 aut
384 2940 516 3011 sanguine
531 2939 676 3008 invenitur,
705 2940 805 2998 sufficit
820 2943 943 2998 estimo·
959 2916 981 2995 G
998 2937 1084 2994 dulcis
1098 2945 1149 3006 est,
1164 2935 1212 2992 fiet
1227 2935 1254 2990 iu
1271 2943 1296 2993 te
1311 2936 1372 2992 lons
1386 2951 1464 3009 aquoe
1484 2936 1606 2994 salientis
1621 2935 1648 2991 in
1662 2935 1744 2994 ritem
1758 2953 1795 2992 ae-

142 3029 218 3085 nium
234 3026 310 3098 ejus;
331 3025 461 3099 qnoniam
475 3025 586 3098 spiritns
600 3028 719 3086 veritatis
731 3036 782 3099 est,
798 3045 849 3086 nec
877 3045 943 3086 san·
997 3037 1112 3082 ternam.
1129 3026 1163 3081 Et
1181 3031 1315 3082 memento
1325 3025 1465 3082 bancesse
1478 3041 1597 3097 aquam,
1613 3039 1674 3097 quac
1697 3040 1796 3096 proee-

140 3115 215 3190 gnis,
231 3132 282 3173 nec
295 3130 365 3186 aqua
378 3113 525 3188 quidquam
539 3116 717 3186 proderuota
739 3133 769 3173 se
787 3117 865 3189 ipsis,
895 3119 943 3176 sed
999 3116 1039 3171 dit
1051 3117 1085 3172 de
1098 3116 1179 3172 latere
1198 3114 1366 3184 dormientis,
1381 3123 1409 3171 et
1423 3115 1481 3171 sine
1490 3113 1565 3172 omni
1577 3113 1703 3172 molestia
1719 3113 1795 3172 fluit.

142 3204 258 3279 spiritus
271 3202 372 3274 estqui
396 3201 553 3282 testificatur
574 3204 680 3260 inillis.
708 3205 779 3262 Sane
798 3213 884 3263 ιιιιιειι
900 3213 945 3262 aut
1000 3204 1113 3276 Oportet
1127 3203 1200 3260 euim
1211 3203 1268 3274 jam
1286 3209 1423 3258 mortuum
1435 3219 1494 3259 esse
1510 3203 1620 3273 mundo,
1635 3203 1724 3276 quiin
1749 3204 1798 3260 hac

142 3293 200 3364 vix,
213 3302 262 3350 aut
280 3305 422 3363 uunquam
436 3291 494 3346 sine
510 3306 581 3364 aqua
598 3301 645 3348 aut
668 3295 801 3366 sanguine
820 3295 945 3365 spiritum
999 3294 1117 3350 voluerit
1131 3292 1217 3366 gratia
1230 3290 1370 3348 delectari.
1386 3292 1470 3364 Ergo,
1487 3301 1516 3346 ιιι
1534 3291 1654 3348 breviter
1666 3298 1795 3362 repetam,

143 3381 263 3438 arbitror
270 3378 394 3437 inveniri.
406 3378 552 3452 Propterea
561 3381 725 3450 charissimi,
740 3383 945 3454 quaeramnsvel
1000 3381 1211 3455 primoquidem
1226 3396 1243 3436 a
1257 3380 1403 3452 praeteritis
1416 3381 1524 3438 delictis
1552 3379 1638 3436 abluit
1653 3380 1797 3438 conscien-

147 3485 258 3542 aqnam,
281 3469 328 3542 qui
349 3468 509 3542 sangninem
524 3485 578 3526 non
602 3469 743 3527 habemns.
758 3471 792 3528 Et
818 3471 947 3544 quoniam
1002 3472 1087 3538 tiam;
1105 3471 1278 3539 secundant
1300 3469 1389 3527 lutura
1403 3484 1508 3540 caveas,
1524 3467 1675 3543 exstinguit
1702 3485 1799 3526 concu-

147 3557 306 3631 bgdriarum
335 3573 418 3631 supra
443 3557 559 3616 femmas
585 3559 762 3630 mentionem,
791 3575 947 3634 queremus
1001 3560 1175 3635 piscentiam3
1191 3558 1277 3628 tertia,
1293 3560 1316 3616 ai
1344 3559 1380 3616 ad
1395 3574 1456 3616 eam
1482 3558 1625 3631 pervenire
1653 3559 1797 3626 merueris,

147 3662 291 3706 mensuras
316 3649 406 3719 binas,
421 3647 577 3719 saltemus,
592 3663 660 3720 quas
673 3648 777 3720 hydrioe
795 3649 945 3721 capiebant.
1003 3657 1079 3722 potat
1089 3649 1208 3705 animam
1223 3649 1370 3706 sitientem.

636 3820 677 3887 m
700 3821 847 3886 vrorum
869 3823 903 3887 s.
929 3778 1103 3888 mucan
1122 3820 1314 3887 crossum

512 3975 639 4040 Quomodo
652 3977 762 4040 jcjccttc
775 3907 929 4041 praescires
931 3908 1078 4032 Ειιξξεῖιηιω
1091 3978 1268 4032 solemnitates
1283 3980 1439 4029 coactorum.

183 4071 211 4124 l.
235 4067 395 4124 Sanctorum
413 4065 482 4122 testa
506 4049 643 4136 praecipua
669 4067 780 4124 Petrum
800 4067 888 4124 sanxit
901 4083 948 4124 au·
1002 4068 1135 4141 speciosa,
1165 4068 1257 4124 timeat
1272 4083 1380 4139 semper
1394 4081 1507 4123 necesse
1529 4073 1570 4122 est
1585 4081 1679 4122 vocem
1698 4064 1797 4124 illam:

148 4155 261 4214 conum
275 4154 372 4214 votivis
387 4152 576 4226 praevenienda
590 4154 721 4224 ieiuniis:
751 4154 850 4211 utiliter
868 4156 948 4229 plane
1005 4159 1145 4228 Querela
1155 4175 1272 4216 ecorrcs
1277 4158 1408 4230 jectitione
1419 4171 1502 4240 meus⁸
1509 4157 1671 4226 (Pacixutx,
1685 4154 1800 4228 teusi-

149 4253 242 4301 etnon
261 4244 295 4300 ad
309 4242 490 4314 insipientiam
505 4242 595 4313 nobis,
612 4243 769 4302 siadiuerit
790 4244 836 4318 qni
850 4243 948 4301 adver·
1002 4263 1035 4304 ve
1049 4247 1122 4304 illam
1136 4266 1145 4303 ι
1162 4248 1258 4304 Amice
1276 4245 1409 4320 quomodo
1420 4245 1474 4302 boc
1489 4246 1689 4312 tetrasticon
1699 4246 1800 4302 latens

146 4341 194 4391 tat.
214 4333 299 4388 linita
322 4331 455 4405 siquidem
485 4333 606 4404 quotidie
621 4340 732 4405 peccatu
755 4332 948 4400 contrahimus,
1002 4341 1108 4396 vestem
1118 4337 1279 4412 nuptialem
1290 4334 1399 4408 (uncto.
1414 4350 1488 4404 xxu,
1504 4335 1657 4404 laliheati
1667 4334 1798 4406 proinde,

144 4434 172 4480 et
187 4423 217 4480 in
231 4421 324 4480 multis
346 4422 511 4480 offendimus
531 4438 645 4480 ornnes:
669 4439 721 4480 nec
735 4429 825 4480 tutum
838 4423 949 4481 omnino
1002 4427 1049 4498 qui
1064 4427 1165 4483 stolam
1187 4443 1275 4496 suam,
1301 4425 1361 4482 dico
1385 4433 1478 4481 autem
1492 4423 1607 4496 gloriam
1622 4422 1799 4480 conscientie

146 4522 191 4570 est
212 4511 387 4574 celebrandas
402 4513 542 4584 suscipere
556 4511 718 4570 testivitates
732 4526 834 4582 sacras,
859 4511 948 4569 maxi·
966 4513 989 4591 n
1005 4530 1071 4583 suae,
1087 4513 1194 4572 solliciti
1209 4521 1273 4570 sant
1288 4514 1363 4570 omni
1379 4520 1504 4584 tempore
1519 4527 1683 4569 conservare
1699 4511 1800 4566 imma-

146 4615 306 4674 meqneeas
320 4617 382 4674 quar
392 4604 603 4672 maxlmaesunt,
623 4600 674 4656 nisi
689 4599 949 4672 priusabstinentiae
1004 4605 1132 4674 celatam,
1153 4618 1261 4676 semper
1295 4601 1465 4674 splendidam
1483 4601 1630 4658 exhibere.
1659 4599 1711 4657 Sed
1738 4600 1802 4671 quia

148 4688 338 4764 purificatione
361 4690 513 4761 praemissa,
532 4704 586 4762 quo
600 4697 628 4745 et
646 4689 796 4765 digniores,
822 4700 849 4746 et
864 4705 948 4762 capa·
1003 4693 1083 4766 pauci
1097 4699 1169 4762 sunt,
1184 4691 1230 4764 qni
1244 4690 1284 4747 sic
1298 4691 1372 4747 omni
1391 4689 1513 4747 custodia
1526 4699 1635 4746 servent
1649 4704 1697 4746 cor
1709 4705 1799 4758 suum,

147 4780 240 4837 olores
254 4779 423 4837 inveniamur
438 4777 617 4852 spiritualium
632 4780 803 4851 gaudiorum.
820 4779 865 4836 Sic
875 4779 948 4836 enim
1003 4777 1803 4856 paucioresautem,sitamenrclpaucioresquiinomnisan-

145 4871 241 4942 justus
258 4869 286 4926 in
309 4869 440 4941 principio
455 4869 591 4926 sennonis
611 4879 752 4926 accusator
773 4877 814 4924 eat
832 4868 885 4934 sui¹
899 4885 952 4926 nec
1006 4869 1133 4928 alimonia
1151 4878 1311 4926 conseruent
1321 4868 1406 4925 illud:
1427 4873 1588 4924 necessecst
1611 4865 1744 4940 frequenti
1759 4871 1803 4923 ah·

149 4959 230 5015 ninia
257 4957 368 5030 propria
395 4959 604 5030 reprehensione
622 4958 717 5014 laudes
731 4957 824 5030 incipit
837 4958 949 5014 alienas.
1005 4961 1131 5016 atinentia
1146 4957 1375 5014 maculasdiluere
1388 4959 1580 5026 subintrantes,
1591 4959 1727 5030 praecipue
1741 4973 1802 5014 cum

148 5047 230 5121 Quod
250 5045 274 5103 si
300 5046 382 5104 etiem
406 5047 498 5118 iustus
524 5047 640 5120 trepidat
654 5047 785 5104 sollicitus
800 5047 951 5118 prevenire
1006 5051 1142 5123 praecipua
1160 5049 1287 5122 quaelihet
1301 5047 1458 5103 solemnitas
1476 5047 1613 5104 advenerit
1631 5046 1802 5104 celebranda.

149 5153 225 5207 enm,
254 5137 303 5212 qui
326 5136 700 5210 ipsasquoqueparatusest
713 5137 951 5209 iustitian'udica·
1043 5142 1070 5194 2.
1084 5141 1141 5196 Nec
1156 5139 1235 5195 modo
1255 5145 1345 5194 tamen
1370 5136 1530 5209 praeparatio
1546 5146 1587 5192 est
1602 5133 1635 5192 ad
1651 5135 1803 5208 proximam
1838 5201 1842 5210 .

147 5241 194 5293 re3
225 5227 289 5300 qnid
309 5225 617 5300 agimusuos,quorum
639 5225 880 5297 interimjudicata
899 5241 954 5282 non
1008 5227 1190 5285 celebritatem
1224 5226 1376 5285 observatio
1403 5225 1543 5297 praemissa
1570 5223 1680 5297 jeiunii3
1711 5231 1751 5280 cst
1778 5233 1805 5280 et

148 5314 293 5372 luerintet
318 5315 536 5386 tectapeccata‘?
560 5314 722 5371 Timendurn
738 5315 814 5374 valde
841 5323 894 5384 est,
920 5330 953 5372 ne
1009 5315 1158 5373 admonitio
1172 5315 1307 5389 quaedam,
1323 5314 1497 5386 eruditioque
1520 5331 1576 5369 non
1603 5329 1697 5386 parva.
1722 5312 1805 5370 Disci-

148 5404 222 5461 iorte
248 5403 391 5461 manifesta
414 5403 588 5462 inveniantur
613 5403 795 5476 praecedentia
826 5403 860 5458 ad
882 5403 955 5474 judi·
1010 5425 1070 5464 mus
1088 5423 1119 5462 ex
1136 5407 1189 5462 hoc
1215 5407 1283 5477 ipso,
1304 5420 1431 5478 quoenam
1452 5420 1514 5462 vera
1542 5403 1577 5460 sit
1596 5397 1637 5457 ria
1653 5401 1804 5460 festivitatis

150 5504 236 5562 cium.
262 5501 292 5560 Si
322 5518 372 5560 nec
397 5504 489 5574 iustus
507 5503 565 5558 sine
589 5502 768 5562 modestiaet
795 5501 957 5560 verecundia
1010 5493 1218 5564 enarrationi
1237 5503 1279 5550 est
1293 5495 1364 5550 enim
1378 5493 1451 5567 quod
1464 5491 1575 5564 jejuniis
1590 5490 1722 5548 solemnia
1736 5507 1807 5564 prae-

151 5593 273 5666 quadam
292 5593 326 5651 ad
350 5600 507 5652 sanctorum
532 5593 671 5665 presumit
694 5591 824 5650 accedere
837 5589 955 5648 laudea:
1012 5586 1144 5656 venimus,
1160 5585 1213 5640 nisi
1226 5585 1300 5658 quod
1315 5601 1364 5658 per
1380 5585 1475 5640 multas
1494 5581 1678 5639 tribulationes
1701 5589 1807 5654 oportet

153 5689 260 5758 quanto
280 5681 366 5760 magis
391 5689 529 5758 peccator,
556 5681 581 5738 in
607 5682 687 5752 ouius
701 5696 749 5740 ore
768 5695 822 5740 uon
842 5687 884 5738 cst
900 5680 959 5739 laus
1013 5693 1064 5735 nos
1081 5674 1194 5735 introire
1223 5675 1251 5734 in
1278 5691 1392 5753 regnum
1415 5673 1485 5734 Dei?
1500 5672 1629 5749 lndignus
1642 5673 1743 5746 quippe
1759 5689 1809 5730 so-
