4116 6348
172 372 228 434 cst
637 380 640 390 '
787 372 957 434 stultotllts
975 369 1018 432 ult
1035 371 1196 434 illllllllSlS.
1770 371 1822 434 638

172 495 303 570 prodesse
316 494 464 563 desideret,
487 511 543 554 uon
559 511 677 568 preesse
692 513 699 554 ε
716 505 747 554 ut
774 499 878 558 seilicet
903 495 968 572 pro·
985 511 1009 592 Α
1025 497 1088 561 iecit
1105 501 1180 558 Deus
1193 497 1330 555 homiuem
1347 505 1500 568 rectumst
1518 511 1616 555 secure
1639 497 1822 569 respondeant

172 585 264 659 prium
278 584 462 653 commodum,
477 585 519 644 vel
543 585 673 643 bonorem
688 587 791 654 saeculi,
817 604 866 644 seu
893 587 968 643 aliud
1022 597 1055 656 ad
1078 590 1242 650 exhortantis
1269 601 1364 645 vocem
1393 585 1543 659 presbytcri
1575 587 1768 644 :nHabemus
1787 585 1821 642 ad

171 670 310 743 quidpiam
330 689 409 728 suurn
424 672 450 729 in
464 672 621 746 praelatione
648 689 703 731 uon
735 684 848 748 quaerat,
869 687 969 748 praeter
1022 687 1118 743 Deum.
1137 702 1149 734 r
1165 679 1233 735 Sunt
1247 685 1274 733 et
1296 674 1351 742 alii,
1366 674 1414 746 qui
1428 672 1529 728 similes
1543 674 1629 730 brutis
1657 674 1819 731 animalibus

171 759 261 817 ⁸⁰¹¹1fl¹
274 761 471 832 heremannum
486 761 545 828 Dei·
561 771 588 819 el
601 762 752 821 animarum
766 767 893 823 Salutem·
915 765 969 824 Sed
1023 769 1144 834 inclinati
1171 769 1309 833 deorsum,
1325 763 1427 820 derisui
1441 777 1502 818 sese
1512 762 1611 818 iaciant
1625 777 1686 820 esse
1702 763 1821 819 immun-

172 865 236 907 cum
250 849 399 908 intentione
417 865 495 922 pura,
522 851 769 920 irreprehensibilis
783 871 892 928 quoque
921 873 969 912 ne-
1024 865 1067 920 dis
1085 858 1233 934 spiritibus,
1250 854 1297 928 qui
1323 852 1448 925 prolecto
1482 849 1623 908 clamitant
1645 851 1818 912 illudentes:

172 937 293 995 cessaria
306 946 346 995 est
359 939 539 1008 conuersatio,
555 948 585 997 ut
609 941 694 999 lomna
710 941 796 1000 iactus
809 945 900 1017 gregis
926 945 971 1002 in·
1024 956 1176 1012 recursare
1189 949 1223 1004 ul
1239 951 1415 1002 transsumam
1428 941 1505 1014 (leui.
1516 955 1554 1009 ur,
1579 941 1636 1008 23).
1652 940 1733 997 Scitis
1747 941 1820 997 enim

174 1027 257 1096 cipiat
270 1027 362 1083 iacere
382 1027 516 1085 etdccerc
527 1045 534 1083 :
546 1037 573 1087 et
588 1033 737 1088 secundum
749 1033 869 1108 magistri
884 1036 969 1092 nostri
1024 1041 1097 1115 qued
1108 1039 1136 1095 in
1150 1034 1362 1109 congregatione
1384 1030 1559 1104 plurimorum
1588 1028 1755 1101 impossibile
1782 1039 1823 1087 est

173 1115 305 1186 Regulam
320 1115 360 1185 (S.
382 1117 490 1176 sauro.
507 1119 546 1174 ia
573 1121 649 1192 lien,
675 1137 735 1192 cap.
751 1120 789 1196 2),
806 1139 972 1197 quecunque
1023 1131 1105 1186 unius
1120 1141 1215 1184 omnes
1235 1121 1399 1180 tortitudinis
1426 1135 1496 1190 esse,
1518 1134 1566 1174 seu
1590 1131 1747 1187 corporum,
1774 1133 1822 1174 seu
1844 1142 1847 1150 ·

173 1203 294 1260 docuerit
308 1203 449 1276 discipulis
464 1221 524 1262 esse
534 1209 679 1277 contraria,
695 1209 753 1266 haec
781 1211 808 1266 iu
830 1211 885 1267 suis
901 1211 970 1268 acti·
1025 1235 1151 1276 morum:
1167 1231 1230 1271 nam
1245 1223 1382 1284 utramque
1397 1207 1578 1265 infirmitatem
1593 1207 1724 1280 patienter
1748 1205 1821 1263 terre

174 1292 341 1364 bus-iudicet
363 1309 418 1350 nou
442 1297 571 1368 agenda:
596 1313 631 1354 ne
655 1297 724 1356 icrte
751 1300 972 1359 submurmurare
1024 1309 1138 1381 Regulae
1165 1315 1264 1361 nostrae
1290 1308 1381 1356 monet
1401 1296 1545 1354 auctoritas
1570 1296 1646 1368 (llep.
1672 1295 1700 1352 S.
1719 1296 1821 1352 Bencd.

174 1383 261 1452 possit
273 1382 354 1440 irater
368 1399 450 1455 quem
466 1386 566 1458 arguit,
586 1397 613 1443 et
627 1387 719 1444 dicere
736 1407 743 1446 :
765 1389 878 1456 dedice,
902 1407 971 1448 curn
1025 1414 1088 1470 cap.
1104 1395 1162 1468 lb),
1174 1403 1201 1451 et
1215 1393 1322 1464 utrique
1330 1389 1500 1462 aliquatenus
1511 1383 1730 1442 condescendere
1748 1384 1824 1454 jubet

175 1477 204 1530 tc
216 1472 399 1546 ipsumam.
414 1489 454 1544 rr,
471 1477 525 1544 23).
542 1475 615 1531 Talis
626 1477 696 1532 enirr.
720 1480 838 1548 occasio,
854 1479 972 1551 plurima
1024 1485 1151 1544 charitas.
1167 1482 1247 1540 Videt
1274 1481 1325 1533 hoc
1336 1478 1402 1533 alter
1423 1475 1570 1547 quispiam,
1596 1479 1623 1528 et
1646 1471 1770 1528 fortassis
1779 1471 1824 1526 in-

172 1559 313 1616 damnatio
329 1561 446 1632 praelati,
465 1562 582 1634 plurima
596 1565 768 1622 subditorum
787 1567 905 1640 perditio
920 1578 969 1626 est.
1024 1573 1090 1644 cipit
1104 1571 1224 1627 invidere
1243 1567 1288 1623 cui
1303 1565 1448 1622 condolere
1475 1562 1617 1618 debuerat.
1634 1559 1703 1614 Hinc
1725 1558 1826 1615 accidit

172 1649 235 1705 Non
248 1651 319 1721 quod
338 1665 391 1724 ego
404 1653 471 1708 bene
485 1651 513 1706 id
527 1667 644 1724 caream,
664 1654 766 1711 idcireo
793 1654 904 1713 1158
933 1657 972 1713 sic
1025 1669 1055 1718 ut
1075 1676 1149 1732 saepn
1172 1655 1306 1714 beatificet
1320 1669 1381 1708 enm
1397 1652 1422 1705 in
1439 1650 1520 1706 corde
1536 1663 1587 1704 suo
1601 1664 1633 1704 ea
1651 1649 1685 1703 de
1700 1663 1739 1716 re,
1754 1647 1826 1702 unde

173 1735 292 1808 loquor:
317 1737 363 1794 sed
382 1749 408 1792 et
427 1738 503 1806 mihi,
532 1747 559 1795 et
581 1742 707 1799 omnibus
735 1743 837 1814 pariter
865 1745 971 1802 Veritas
1026 1751 1154 1806 miserum
1170 1761 1200 1802 se
1215 1744 1261 1800 ille
1275 1748 1390 1813 reputat,
1403 1739 1516 1795 moleste
1530 1737 1621 1794 serens
1636 1735 1823 1794 nenessitatem

171 1827 281 1893 clamat,
311 1827 439 1899 quoniam
479 1838 584 1897 oportet
611 1830 875 1901 irreprehensibilem
909 1850 970 1891 esse
988 1792 1009 1869 Β
1024 1829 1244 1895 s'uam.'0mnino
1264 1831 1345 1905 igitur
1364 1829 1535 1884 incursatum
1554 1841 1583 1881 se
1607 1839 1679 1894 osse,
1697 1832 1725 1880 et
1743 1825 1824 1881 basso

173 1912 296 1984 winili
312 1916 451 1986 llifflffliil
472 1917 528 1973 Tim
554 1919 651 1987 ΠΗ).
676 1919 712 1974 ita
740 1929 770 1975 ul
799 1937 894 1977 secuta
907 1937 972 1978 00¹1·
1026 1927 1110 1985 corde
1130 1938 1238 1982 earnrm
1262 1935 1357 1992 sapere
1391 1916 1494 1987 probat,
1512 1915 1582 1985 apud
1608 1930 1690 1987 quem
1718 1913 1826 1984 ueipsa

174 2000 291 2056 scientia
317 2017 379 2058 cum
412 2004 529 2062 Domino
557 2008 719 2076 respondeat
742 2011 970 2082 exprobrantibus
1025 2016 1133 2088 quidem
1154 2009 1263 2068 miseria
1285 2015 1357 2062 caret
1385 2003 1495 2062 invidia.
1521 2002 1573 2058 Sed
1591 2002 1631 2058 eis
1659 2018 1727 2075 quas
1749 2011 1825 2059 certe

173 2089 226 2146 sibi
240 2091 350 2146 uerbum
371 2108 378 2146 :
396 2093 460 2162 Qum
474 2110 510 2152 cu
532 2095 605 2152 nobb
619 2101 720 2169 crpuet
734 2115 779 2156 me
793 2099 827 2158 de
836 2101 971 2172 peccato?
1024 2103 1163 2160 charitatis
1191 2095 1405 2156 consideratione
1434 2093 1529 2147 alienus
1543 2089 1696 2146 necessitati
1716 2089 1826 2162 dispart-

174 2177 419 2250 (leandrum.)
439 2181 971 2258 Nonquodsinepecnatopcnitusesse
1024 2192 1142 2248 sationes
1172 2188 1299 2260 praelatus
1330 2181 1471 2254 impendit,
1500 2179 1600 2235 talibus
1628 2179 1744 2250 apponit
1776 2193 1827 2234 cot·

175 2265 261 2336 possit
274 2268 301 2321 in
313 2267 364 2322 lrac
378 2270 476 2324 misera
487 2269 557 2342 rita3
568 2271 615 2326 sed
630 2275 704 2343 quod
719 2291 751 2330 ea
765 2292 827 2347 quae
841 2276 933 2350 arguit
943 2277 970 2332 iu
1025 2297 1115 2345 suurn,
1132 2276 1228 2332 similia
1249 2273 1354 2348 quoeril,
1380 2275 1528 2326 murmurat
1547 2269 1678 2324 adversus
1691 2283 1753 2323 eum
1778 2267 1826 2338 qui

172 2352 323 2421 discipulis,
340 2363 463 2427 oporteat
488 2373 664 2432 summopere
692 2364 778 2418 uitare
798 2365 970 2438 magistrum.
1023 2369 1141 2440 denegat
1156 2360 1376 2421 irrationabiliter
1390 2355 1546 2431 postulanti.
1565 2355 1632 2412 ilinc
1646 2355 1823 2428 suspiciones,

210 2445 238 2498 7.
254 2442 296 2500 Ob
315 2445 377 2516 hoc,
392 2445 483 2517 qualis
506 2456 548 2502 est
571 2449 599 2503 iu
618 2451 838 2522 couversaticue3
854 2454 916 2509 talis
935 2455 971 2509 sit
1023 2455 1204 2514 detractiones
1219 2460 1247 2509 et
1259 2448 1383 2508 scandale
1395 2446 1568 2504 suscitantur.

172 2546 286 2588 necesse
300 2541 341 2590 est
355 2533 434 2590 etiam
455 2535 601 2592 inocculta
625 2538 807 2612 cogitatione;
823 2557 859 2600 ne
873 2541 970 2600 videli-
1060 2549 1087 2601 2.
1103 2545 1163 2601 Non
1190 2541 1291 2598 idcirco
1315 2538 1343 2593 id
1357 2539 1465 2610 loquor,
1481 2531 1643 2602 charissimi,
1661 2532 1741 2605 quasi
1767 2549 1825 2589 ma·

173 2633 218 2677 net
231 2620 297 2678 loris
310 2622 512 2693 humiliatatus
531 2626 617 2682 elatus
632 2628 706 2683 sitin
720 2631 802 2686 eorde
822 2645 882 2703 suo,
898 2647 970 2703 prae-
1023 2648 1146 2706 goopere
1160 2631 1194 2688 de
1212 2630 1291 2687 uobis
1314 2628 1428 2682 habeam
1443 2623 1571 2696 conqueri
1595 2637 1679 2692 super
1704 2623 1755 2679 hae
1768 2637 1818 2677 re:

172 2723 287 2765 sumens
302 2710 336 2767 de
352 2710 494 2782 sapientia,
506 2728 554 2770 seu
567 2713 665 2770 virtute
679 2725 728 2773 aut
741 2718 882 2776 sanctitate
900 2735 968 2774 sua:
1023 2723 1070 2780 sed
1089 2735 1257 2795 praemcnare
1269 2731 1318 2773 ros
1337 2721 1365 2770 et
1379 2713 1543 2785 praemunire
1559 2711 1742 2768 necessarium
1758 2711 1822 2768 duxi

172 2805 291 2868 quaeest
308 2800 366 2855 siue
380 2800 464 2857 dubio
481 2799 546 2857 iides
570 2801 640 2869 licta,
668 2805 778 2875 quando
805 2821 870 2874 non,
901 2807 971 2864 sicut
1023 2821 1135 2884 propter
1148 2809 1257 2872 multos,
1275 2803 1321 2878 qui
1337 2806 1466 2860 intervos
1477 2810 1540 2857 aunt
1556 2801 1650 2869 teneri,
1663 2807 1690 2856 et
1705 2799 1821 2866 delicati,

173 2886 293 2943 ostendit
313 2889 452 2943 hum'litas
480 2891 703 2960 conversationis,
728 2894 755 2949 in
781 2895 838 2950 sola
864 2897 970 2952 Domini
1023 2900 1182 2973 quibusnut
1209 2889 1504 2963 sansanctissimae
1531 2889 1650 2958 rigorem
1670 2889 1824 2944 communis

174 2975 273 3046 pietate
296 2976 417 3033 confidit.
437 2977 470 3032 Ει
485 2977 545 3034 ride
565 2993 645 3052 quam
665 2981 775 3054 proprie
802 2983 845 3039 his
871 2985 968 3054 tribus,
1025 2988 1126 3064 regulae
1147 2985 1231 3060 exigit
1254 2983 1424 3056 aliquatenus
1447 2977 1603 3052 temperari.
1628 2975 1776 3034 Gratiasei
1790 2977 1825 3032 de

173 3063 380 3120 cordisscilicet
393 3066 513 3134 puritati,
531 3069 705 3126 conscientie
735 3072 823 3139 bonae,
853 3082 879 3130 et
907 3074 969 3130 fidei
986 3063 1008 3142 c
1023 3079 1102 3148 quns
1113 3089 1225 3131 munere
1239 3071 1325 3138 renim
1343 3069 1407 3143 quia
1420 3069 1521 3124 multos
1535 3067 1580 3122 hin
1593 3065 1682 3136 video,
1706 3080 1821 3138 quomam

173 3168 231 3210 nou
245 3153 324 3224 lictae,
344 3157 490 3211 convenire
504 3157 646 3215 rideantur
667 3159 735 3216 alias
757 3177 864 3236 quoquc
883 3164 970 3236 ipsius
1023 3182 1100 3223 mens
1115 3164 1216 3220 intenta
1228 3163 1295 3233 Deo,
1312 3170 1367 3216 tam
1379 3160 1460 3232 longe
1473 3157 1543 3212 iacta
1558 3163 1599 3212 est
1612 3157 1646 3210 ah
1660 3154 1706 3209 illo
1729 3153 1822 3210 intimo

172 3241 297 3313 Apostoli
310 3243 390 3299 rerba
400 3241 534 3299 dicentis:
548 3243 613 3300 tlibi
626 3250 725 3302 uatem
734 3264 784 3319 pro
799 3251 918 3308 minimo
927 3257 970 3308 est
1025 3255 1153 3327 cogitatu,
1174 3260 1204 3308 ut
1218 3253 1292 3322 juxta
1304 3264 1332 3305 sc
1343 3248 1447 3322 positos
1456 3245 1603 3301 debiliores
1614 3258 1729 3316 prorsus
1742 3242 1820 3316 igno·
1837 3291 1840 3298 .

174 3331 238 3384 ctu
251 3327 324 3385 uobis
328 3329 452 3402 judicer,
463 3330 558 3386 cotuh
576 3331 701 3390 humano
715 3335 771 3402 dic,
787 3341 838 3391 etc.
853 3339 913 3396 Non
927 3356 972 3397 me
1026 3352 1096 3410 rent,
1116 3357 1144 3398 se
1158 3342 1251 3398 minus
1269 3337 1395 3394 omnibus
1411 3336 1499 3391 lacere
1513 3341 1720 3404 conquerantur.
1730 3331 1820 3387 Nimi-

174 3417 280 3486 indico,
300 3417 394 3490 inquit,
411 3419 476 3490 quio
490 3420 565 3476 nihil
580 3422 652 3478 milti
666 3425 796 3481 uouemus
809 3441 882 3492 sum,
899 3429 970 3498 quod
1026 3449 1086 3489 rum
1096 3431 1159 3503 quia
1171 3427 1326 3502 superiores
1336 3441 1444 3496 semper
1456 3423 1608 3492 attendunt,
1620 3435 1683 3477 oum
1692 3421 1838 3492 sperante

174 3521 264 3561 meum
276 3505 375 3578 aliquid
385 3521 515 3578 quaeram,
527 3509 573 3562 sed
588 3523 649 3580 quae
666 3510 731 3565 lesu
747 3512 856 3569 Christi.
875 3515 973 3571 Sedet
1025 3520 1105 3576 obliti
1118 3535 1179 3592 quae
1196 3512 1311 3575 1159
1329 3522 1400 3571 retro
1423 3519 1496 3580 sunt,
1514 3522 1541 3568 et
1562 3510 1664 3566 extenti
1694 3510 1720 3564 in
1745 3513 1823 3564 autc·

174 3610 226 3667 pro
245 3594 354 3651 minimo
381 3593 504 3651 mihiest
521 3605 551 3651 ut
578 3613 594 3651 a
620 3597 700 3653 vobis
716 3599 833 3669 judicer,
862 3611 973 3674 propter
1026 3609 1097 3666 riora
1110 3608 1244 3681 (Philipp.
1266 3621 1305 3672 nt,
1334 3604 1390 3678 13).
1414 3603 1562 3672 Quantam.
1588 3597 1824 3673 putas,illosego

174 3682 365 3740 conscientiam
388 3683 497 3753 bonam,
511 3693 536 3740 et
564 3684 826 3755 irreprebensibilem
854 3704 972 3748 couter—
1027 3689 1154 3756 admiror,
1165 3694 1293 3762 quantum
1308 3699 1427 3742 veneror
1437 3684 1465 3738 ia
1495 3682 1578 3740 corde
1598 3696 1670 3746 men,
1690 3685 1844 3751 quantum·

174 3771 308 3827 sationem
322 3769 416 3842 lelius,
432 3769 536 3844 vilarni.
555 3771 607 3840 Qut
620 3777 717 3832 nutem
727 3774 841 3848 judicat
855 3793 910 3850 me,
930 3780 974 3835 in·
1027 3774 1323 3848 atnplectnrcharitatls
1336 3772 1504 3844 affectuum
1518 3771 1593 3828 velut
1612 3770 1764 3826 nescientes
1773 3781 1820 3822 eos

173 3859 241 3931 quit,
258 3857 394 3916 Dominus
403 3862 445 3916 est
454 3857 482 3934 (l
494 3860 556 3917 Cor,
572 3875 611 3930 rr,
628 3864 643 3916 3
662 3861 709 3934 1);
732 3871 761 3919 ut
781 3866 862 3921 etiam
884 3865 912 3923 in
940 3883 973 3926 ec
1025 3884 1095 3940 quos
1110 3862 1202 3923 senum
1226 3863 1347 3937 quotidie
1360 3862 1452 3918 rident
1469 3875 1570 3916 :unum
1586 3858 1656 3916 iorte
1678 3866 1725 3914 aut
1741 3857 1820 3924 duos,

174 3947 232 4004 solo
250 3963 328 4018 spem
352 3962 428 4003 suam
451 3949 565 4018 positam
593 3964 654 4006 esse
675 3950 795 4020 doceret,
815 3954 972 4013 humiliatus
1027 3971 1074 4012 seu
1089 3955 1167 4011 etiam
1193 3955 1294 4027 plures,
1320 3966 1389 4024 quos
1408 3950 1435 4005 iu
1459 3950 1564 4021 majore
1593 3945 1822 4024 lertorespiritus

174 4034 226 4092 sub
239 4035 342 4108 potenti
355 4050 437 4092 mauu
449 4035 509 4094 Dei.
526 4035 580 4093 Sed
595 4047 623 4094 et
636 4037 703 4095 illud
718 4046 746 4096 tu
758 4040 861 4113 judica,
883 4053 973 4102 utrum
1026 4044 1151 4113 viderint,
1165 4043 1218 4100 sibi
1239 4059 1272 4099 ex
1286 4040 1411 4098 omnibus
1424 4039 1546 4112 eligunt3
1572 4043 1599 4092 et
1612 4051 1675 4092 cum
1688 4034 1740 4108 ipsi
1754 4033 1822 4091 torte

175 4124 264 4196 possit
276 4124 319 4179 bis
331 4125 520 4181 conuenienter
535 4126 621 4198 aptari
636 4129 705 4183 trina
729 4129 799 4185 Petri
818 4131 972 4208 iuterroga-
1027 4143 1151 4199 meliores
1162 4141 1225 4206 sint,
1243 4155 1350 4209 semper
1362 4149 1450 4195 tamen
1466 4136 1576 4192 illorum
1591 4134 1644 4191 sibi
1662 4142 1822 4206 praeponunt

174 4213 223 4278 ¹5⁰2
244 4220 273 4267 ¹¹¹
296 4214 349 4269 ¹¹⁰⁰
376 4213 411 4268 ⁸st
428 4211 520 4270 diffie
540 4216 625 4273 amai
639 4233 692 4286 mh
715 4234 796 4276 “mili
821 4236 877 4293 md,
893 4239 974 4280 amat
1026 4241 1054 4289 et
1063 4239 1217 4303 proponunt
1241 4238 1332 4284 sancta
1347 4227 1375 4282 in
1400 4226 1515 4282 Domino
1540 4223 1627 4280 studia
1645 4231 1672 4278 et
1695 4221 1822 4279 exercitia

175 4303 240 4360 mel
253 4301 336 4374 (donn
349 4315 412 4368 xxr,
430 4305 471 4366 15,
495 4301 551 4374 tt.)
564 4302 653 4358 Habes
666 4305 821 4363 charitatem
845 4309 878 4364 de
891 4312 972 4366 corde
1025 4319 1184 4390 corporatis,
1201 4335 1250 4375 seu
1267 4318 1346 4372 ctiam
1371 4314 1546 4388 spiritualia?

174 4405 255 4463 pllio,
270 4398 297 4445 θῑ
308 4389 472 4446 &Meldia
487 4392 566 4459 δῦθι,
579 4399 605 4448 θῑ
619 4391 673 4448 fide
691 4408 746 4450 ¹10ss
769 4395 851 4452 filit?
873 4397 971 4454 Merito
1062 4413 1088 4465 3.
1103 4409 1215 4466 hiemini
1228 4407 1363 4463 mealtcra
1374 4420 1486 4478 quoqne
1496 4405 1552 4474 jam
1567 4403 1625 4460 vicc
1636 4402 1752 4467 dixisse,
1775 4402 1825 4456 sed

175 4477 311 4551 siqnidem
330 4477 365 4534 de
379 4478 441 4534 ualli
464 4479 658 4554 interrogetur,
678 4499 712 4538 an
739 4485 896 4541 charitalem
924 4485 971 4542 hd·
1025 4500 1121 4555 iterum
1137 4502 1258 4568 repetere
1285 4511 1339 4551 non
1373 4495 1523 4570 gravabor,
1546 4507 1626 4562 quam
1653 4489 1760 4546 sublimi
1775 4490 1825 4545 ali.

174 4567 247 4635 usar,
261 4565 376 4638 pecator
389 4567 528 4624 homiuum
542 4569 756 4628 constituendus·
856 4567 868 4578 ‘
1026 4586 1135 4658 querno
1150 4584 1313 4640 metarunt
1328 4583 1478 4639 monachus
1492 4579 1586 4655 tutte,
1601 4579 1695 4653 ruer]
1713 4578 1823 4650 queam

397 4655 513 4714 SERMO
528 4657 647 4714 XXXVI
669 4660 741 4733 (9⁸)·
1025 4675 1108 4732 laicus
1123 4681 1178 4732 toto
1193 4672 1309 4728 intendit
1323 4671 1409 4743 spatio
1424 4669 1588 4744 vigiliarum.
1600 4668 1704 4724 Etenim
1716 4682 1823 4724 summo

294 4745 332 4802 De
346 4745 500 4805 altitudine
514 4747 728 4805 ctbnssitudine
743 4752 844 4810 cordit-
1021 4779 1100 4820 mane
1123 4763 1323 4834 apprehensum
1346 4775 1390 4815 me
1424 4758 1451 4814 in
1488 4758 1650 4814 auditorium
1677 4755 1771 4824 trabit,
1797 4763 1825 4814 et

211 4844 236 4898 l.
251 4839 292 4898 De
319 4844 443 4916 eoquod
472 4845 623 4918 nuperrime
645 4847 747 4906 dictum
774 4857 826 4917 est,
860 4867 966 4907 sursum
1021 4859 1171 4924 prostratus
1189 4849 1302 4923 pedibus
1318 4865 1355 4902 :r
1384 4848 1430 4903 Vae
1449 4845 1526 4902 mibi.
1559 4871 1569 4896 ι
1602 4845 1701 4918 inquit,
1722 4868 1734 4899 r
1759 4846 1824 4921 quia

170 4929 250 4998 alios,
265 4931 333 4988 alins
346 4932 475 4990 deorsum
490 4934 609 5005 aspicere
623 4936 725 5008 (Seruo.
747 4941 780 4995 tu
805 4938 838 4996 dc
857 4941 965 4999 [liuere.
1020 4942 1182 4998 monachum
1199 4940 1227 4996 in
1241 4938 1342 5011 uigiliis
1356 4953 1440 5006 unum
1455 4935 1634 5006 consideravi,
1646 4935 1674 4991 in
1699 4951 1755 5009 quc
1773 4937 1822 4993 tri-

170 5035 200 5076 tt.
217 5021 260 5092 1);
277 5021 364 5078 habeo
378 5021 467 5079 adhuc
480 5023 581 5096 aliquid
593 5026 667 5096 quod
680 5035 776 5084 vestrae
790 5044 844 5085 unu
872 5029 966 5086 sileam
1020 5030 1095 5104 ginta
1110 5032 1219 5086 uirtutes
1239 5026 1399 5096 numerari3
1422 5041 1536 5098 quarum
1553 5041 1589 5081 ne
1609 5041 1689 5081 unam
1710 5025 1822 5098 quidem

169 5108 304 5168 charitati.
331 5111 401 5167 Nam
435 5127 528 5168 earum
551 5113 658 5184 quidem
679 5117 883 5189 cogitationum,
899 5135 966 5189 quas
1020 5119 1048 5177 iu
1058 5135 1101 5175 nte
1116 5117 1222 5174 invenio
1232 5116 1313 5189 (Vide
1332 5117 1423 5174 Vitam
1432 5117 1459 5174 S.
1477 5118 1561 5172 Rern.
1573 5114 1620 5171 lib.
1638 5130 1684 5180 mr,
1698 5128 1748 5185 cap
1764 5115 1820 5176 13).

167 5197 352 5269 expressimus
369 5206 443 5270 tuuc,
455 5199 478 5255 si
496 5199 566 5258 beur
587 5203 754 5276 meministis,
776 5205 840 5262 licet
865 5221 919 5263 uua
932 5208 966 5264 sit
1019 5209 1055 5263 Et
1069 5207 1183 5264 tortasse
1207 5206 1308 5262 nullam
1322 5205 1367 5262 ille
1384 5213 1482 5260 tantam
1496 5203 1621 5268 habebat,
1646 5213 1747 5273 quanta
1766 5203 1824 5258 lraec

167 5286 315 5360 perfectior
327 5287 422 5356 altera,
437 5299 551 5362 unaque
566 5299 655 5348 tamen
671 5293 745 5350 utilis
763 5304 813 5351 est.
838 5295 905 5351 Sunt
920 5313 967 5353 au·
1019 5299 1080 5367 ipse
1099 5305 1156 5352 erat
1166 5295 1298 5369 religiose
1309 5293 1488 5350 emulationis
1501 5292 1651 5350 humilitas.
1668 5291 1715 5346 llic
1730 5289 1826 5362 itaque

166 5384 224 5433 tem
243 5377 290 5452 qui
305 5377 358 5435 alic
382 5379 463 5437 modo
482 5389 529 5436 aut
555 5397 661 5438 sursum
685 5399 731 5440 nor
754 5385 878 5454 habeant,
895 5386 966 5444 sicut
1020 5383 1122 5442 tructus
1147 5387 1182 5442 sit
1195 5384 1277 5441 nostri
1292 5383 1371 5455 hujus
1384 5381 1527 5449 sermonis,
1553 5389 1581 5436 ut
1596 5380 1712 5436 aliorum
1726 5378 1823 5436 altiora

166 5570 172 5582 .
203 5499 262 5572 (98)
275 5501 325 5582 ¹llic
340 5515 439 5569 sermo,
459 5503 529 5562 siout
543 5515 569 5562 et
580 5513 635 5564 tres
650 5517 805 5582 sequentes,
815 5509 964 5568 collocatur
1020 5508 1047 5563 iu
1063 5499 1231 5564 cisterciensi
1257 5506 1351 5562 codice
1384 5513 1503 5570 notatur,
1533 5517 1579 5559 eos
1618 5502 1824 5559 transferendos

164 5589 192 5626 ru
208 5576 336 5627 omuibus
348 5575 535 5646 manuscriptis
543 5576 614 5634 inter
628 5581 806 5635 sermonesdc
817 5580 961 5651 Tempore,
1021 5596 1081 5636 esse
1103 5586 1164 5650 post
1178 5591 1332 5634 sermonem
1345 5579 1380 5633 39
1394 5577 1429 5635 de
1451 5575 1581 5643 Diversis
1596 5574 1701 5632 tametsi
1720 5576 1748 5632 in
1763 5576 1822 5633 edi*-

160 5651 228 5714 pcst
243 5657 383 5700 sermones
397 5645 425 5700 in
441 5647 583 5706 [lominica
596 5667 624 5707 rt
638 5659 700 5722 post
722 5655 895 5709 Pentecosten
911 5670 918 5708 :
937 5661 964 5709 at
1018 5651 1055 5708 tis
1065 5650 1196 5711 omuibus
1210 5661 1275 5721 post
1288 5663 1442 5708 sermonem
1457 5650 1491 5704 dt
1506 5646 1684 5705 collocantur.
1753 5679 1759 5688 -
