4150 6348
219 317 270 380 tlt
680 316 708 376 S.
728 314 896 380 stallati
914 317 1057 380 astitit
1070 315 1388 382 teiln-vltisllffls
1808 315 1890 380 5722

219 441 472 514 magnesiam
481 440 576 516 religio
588 440 689 498 munda
700 449 728 500 et
737 442 911 502 immaculata
920 459 1010 503 coram
1027 479 1051 559 Α
1066 443 1157 502 locum
1170 445 1264 518 adque
1279 444 1433 504 afflictionis
1449 460 1458 501 s
1477 441 1614 518 siquidem
1625 443 1681 502 vita
1694 451 1741 502 tna
1755 443 1863 502 inierno

218 533 277 590 Dec
290 533 348 588 bec
361 528 518 601 estllscn,
535 532 592 601 st).
603 531 752 588 Careamus
769 540 860 590 antem
875 533 1012 606 eprnpris
1067 534 1305 606 appropinquavit.
1320 533 1390 604 Quid
1404 534 1477 591 enim
1491 533 1545 602 bic,
1563 533 1615 589 nist
1639 532 1760 590 laboret
1772 533 1863 603 dolor,

219 619 365 690 voluntate,
380 627 505 692 unquam
518 635 535 676 e
548 619 640 691 vipera
655 620 773 691 pessime
793 633 822 680 et
836 622 1010 696 nequissime,
1066 622 1214 680 etelllictio
1227 622 1362 694 spiritual
1377 623 1429 680 Sed
1452 637 1527 680 nunc
1551 620 1588 678 itt
1601 620 1716 693 contigit
1729 621 1779 678 tibi
1794 637 1827 678 ac
1840 622 1864 678 si

217 719 247 766 et
258 723 319 780 quae
332 708 390 765 sola
404 707 531 779 deinceps
544 708 673 765 damnare
684 711 768 778 possit
780 710 884 768 animes
893 719 1010 768 nostras.
1063 727 1130 785 puer
1139 711 1168 768 in
1177 727 1284 769 carcere
1300 719 1381 768 natus
1406 709 1441 766 sit
1454 718 1481 767 et
1504 710 1533 766 in
1546 723 1656 767 carcere
1679 710 1715 764 sit
1728 711 1863 780 nutritus;
1888 743 1893 750 ·

516 814 631 873 sppppo
653 815 717 872 xpp,
1064 805 1101 867 et,
1117 800 1183 870 quie
1196 815 1336 872 nunquam
1360 799 1458 856 viderit
1472 799 1570 866 lucem,
1587 797 1698 854 miretur
1712 814 1794 871 super
1817 799 1866 855 tri·

220 904 1013 976 ppprimordiggmppggg,gpgovgsgpmg‚gngppudgccpgm.
1064 887 1137 944 stitia
1151 896 1178 944 et
1191 888 1325 944 anxietate
1353 887 1530 944 matrissuae.
1557 887 1603 942 llla
1628 886 1701 944 enim
1728 887 1780 944 scit
1793 888 1866 944 unde

253 977 320 1035 atiot'
332 991 383 1044 ττι,
394 978 440 1046 tt,
457 997 469 1028 ι
487 976 640 1035 Memorare
650 977 805 1033 noobstmo
819 982 879 1047 tun,
897 995 909 1028 a
924 987 975 1036 ete.
1064 975 1173 1048 doleat3
1190 983 1225 1042 et,
1242 977 1305 1049 quia
1319 979 1393 1034 novit
1417 977 1498 1044 bona,
1514 975 1642 1052 graviore
1656 983 1720 1032 sunt
1737 976 1763 1031 ei
1781 976 1862 1044 male,

255 1068 281 1120 l.
297 1066 365 1136 liti,
377 1065 694 1125 ntemororertooisst'mo
707 1069 767 1132 tuo,
782 1069 811 1124 et
825 1067 857 1122 ist
872 1069 1012 1124 oetmoum
1064 1071 1093 1121 et
1119 1064 1307 1122 recordatione
1335 1065 1411 1136 pacis
1434 1065 1585 1121 amaritudo
1613 1066 1673 1135 eius
1694 1065 1865 1121 amarissima

218 1169 277 1212 cort
299 1155 435 1227 peccabis.
458 1153 556 1210 liecole
588 1153 745 1224 primordia,
777 1155 884 1211 attende
911 1155 1010 1227 media,
1064 1161 1116 1209 est.
1132 1153 1190 1210 Tibi
1200 1169 1298 1228 magna
1312 1154 1386 1210 bona
1397 1155 1520 1210 videntur
1533 1153 1639 1210 minora
1657 1153 1750 1222 malm
1765 1162 1793 1210 et
1805 1167 1863 1224 prae

219 1257 371 1299 memorare
384 1241 531 1298 novissime
553 1249 609 1297 tue.
626 1240 689 1297 linc
703 1243 836 1312 pudorem
860 1244 1010 1310 adducunt,
1064 1242 1217 1312 majoribus
1234 1242 1420 1315 compedibus,
1434 1243 1532 1314 quibus
1550 1249 1673 1298 assumus
1688 1257 1726 1310 es,
1741 1241 1862 1298 minores

218 1329 268 1387 ista
281 1330 404 1388 dolorem
422 1329 559 1402 ingerant,
577 1330 623 1385 ille
637 1340 739 1386 metum
758 1329 903 1389 incutiunt.
918 1331 1013 1407 Cogita
1065 1332 1179 1387 annulos
1207 1331 1328 1402 requiem
1356 1339 1444 1403 putas.
1474 1330 1623 1387 comedere
1654 1330 1773 1402 appetis·
1797 1329 1862 1402 qnia

219 1419 290 1476 unde
303 1417 418 1486 veneris,
443 1426 470 1476 et
489 1419 629 1490 erubesce3
660 1417 705 1474 ubi
717 1419 764 1486 sis,
782 1429 809 1476 et
832 1419 980 1493 ingemisce
1003 1437 1010 1476 τ
1065 1418 1150 1474 lantes
1172 1427 1198 1475 ts
1222 1420 1336 1478 cruciat.
1365 1420 1515 1492 Utmmqne
1531 1419 1623 1475 -labor
1643 1427 1702 1486 est,·
1727 1419 1773 1475 sed
1797 1420 1862 1492 quit

219 1522 272 1581 quo
297 1507 379 1564 vadas
393 1515 419 1565 et
441 1507 628 1564 contremisce.
646 1506 713 1565 Vide
735 1523 771 1564 ne
793 1509 905 1579 adjicies
924 1509 1014 1566 mbae
1065 1505 1377 1582 lamesgresiormsgis,
1395 1505 1637 1564 comederenesc‘n
1652 1521 1714 1564 esse
1728 1506 1860 1564 laborem.

219 1595 352 1668 ignorate,
369 1612 403 1652 ne
420 1593 533 1652 ΙΙθθ
547 1595 615 1652 torta
628 1611 711 1667 snper
724 1604 752 1654 te
770 1597 860 1654 veniat
885 1597 1014 1655 terribilis
1066 1596 1191 1668 Denique
1207 1597 1445 1669 postqusmlames
1454 1596 1571 1668 depulsa
1582 1594 1672 1662 inerit,
1688 1594 1750 1650 vide
1770 1595 1794 1652 si
1807 1610 1863 1652 non

219 1683 266 1740 illa
293 1684 466 1740 comminatio
485 1699 538 1757 qua
561 1699 682 1757 sponsus
708 1685 821 1757 intonet,
847 1686 941 1744 dicens
959 1707 965 1745 :
984 1688 1015 1745 Si
1067 1684 1174 1754 gravius
1187 1684 1263 1740 ducis
1278 1684 1421 1742 comedere
1433 1700 1514 1756 qnam
1528 1683 1641 1741 esurire.
1658 1683 1704 1740 Sic
1718 1699 1749 1739 se
1763 1684 1866 1740 babent
1893 1717 1898 1724 ·

220 1775 332 1844 georas
340 1774 527 1846 cassantra
536 1775 614 1830 inter
626 1776 773 1841 mutieres,
780 1775 918 1848 egredere,
926 1779 955 1833 et
968 1776 1015 1832 oti
1032 1771 1054 1849 Β
1069 1772 1194 1830 universe
1209 1774 1260 1829 sub
1275 1774 1332 1828 sole
1346 1791 1354 1844 3
1370 1780 1400 1828 ut
1413 1773 1479 1828 nibil
1492 1773 1526 1828 sit
1535 1773 1563 1828 in
1575 1773 1616 1829 eis
1628 1787 1692 1828 vere
1704 1773 1864 1844 jucundum,

217 1866 283 1935 post
296 1878 389 1936 propes
403 1863 543 1922 sedaliam
554 1866 782 1936 tcoromlllottt.
796 1881 816 1931 1,
826 1865 866 1934 l).
875 1865 964 1920 Primo
974 1865 1015 1919 si·
1069 1860 1116 1916 sed
1133 1862 1168 1917 ab
1183 1876 1237 1918 nno
1267 1877 1374 1933 semper
1406 1862 1521 1917 transire
1533 1861 1598 1918 velit
1624 1861 1706 1918 bomo
1733 1861 1767 1917 ad
1781 1861 1864 1930 eliud,

219 1950 329 2021 quidem
343 1966 406 2006 cum
419 1951 447 2006 in
470 1951 574 2007 bonore
588 1967 672 2021 esses,
699 1953 823 2021 choma,
846 1969 902 2009 non
930 1953 1015 2008 intel·
1069 1952 1179 2023 solaque
1199 1949 1386 2007 vicissitudine
1410 1950 1543 2007 relevetur
1559 1959 1704 2022 utcunque,
1719 1965 1750 2007 ec
1764 1950 1787 2006 si
1803 1965 1868 2020 pro·

220 2038 309 2095 lexisti
325 2038 416 2096 :unde
439 2046 466 2095 et
489 2046 664 2110 comparatus
678 2056 707 2096 es
720 2040 851 2110 iumentis
865 2041 1017 2114 insipienti·
1068 2038 1141 2094 siliat
1156 2039 1190 2094 ab
1207 2039 1316 2112 aquain
1339 2039 1431 2111 ignens
1461 2049 1487 2094 et
1505 2039 1569 2094 inte
1601 2055 1695 2094 rursus
1718 2038 1746 2094 in
1768 2053 1867 2111 aquam

221 2127 283 2196 bus,
302 2134 329 2182 et
344 2126 440 2184 emilis
450 2126 536 2184 lactus
550 2144 580 2184 es
599 2129 653 2184 illis
668 2129 754 2201 (Ptol.
775 2145 873 2196 xnvtu,
886 2133 941 2198 lt„
956 2130 1013 2202 tl).
1069 2127 1179 2196 resiliet,
1200 2135 1295 2196 utpote
1310 2127 1357 2198 qui
1385 2138 1510 2183 nentrum
1524 2127 1595 2183 terre
1608 2128 1705 2198 possit.
1721 2126 1819 2183 Omma
1829 2127 1868 2182 si·

220 2214 280 2271 lem
293 2214 316 2270 si
328 2231 379 2272 nee
390 2217 496 2273 vexatio
510 2216 679 2273 intellectum
693 2217 799 2272 dederit
813 2217 925 2282 auditui,
934 2219 1014 2274 etiarn
1069 2215 1179 2284 quidem
1203 2214 1305 2272 laboris
1319 2215 1479 2284 remedium,
1495 2215 1606 2271 nterim
1631 2214 1732 2272 laboris
1760 2215 1867 2270 initium

221 2311 282 2374 post
299 2319 400 2376 greges
413 2305 509 2373 abibis,
530 2303 584 2360 illis
597 2305 663 2360 nibil
677 2305 740 2360 mali
755 2306 941 2376 sentientibus,
958 2323 1016 2362 ma·
1069 2314 1119 2360 est.
1148 2304 1235 2360 Nemo
1245 2303 1273 2360 in
1284 2305 1337 2361 boc
1355 2304 1455 2361 seculo
1470 2319 1586 2376 nequam
1600 2304 1673 2374 quod
1691 2304 1747 2361 vult
1765 2302 1867 2359 babere

220 2390 255 2446 lis
269 2392 405 2462 expositus
417 2391 563 2449 universis.
586 2393 712 2465 Agnosce
726 2409 794 2468 ergo
811 2395 959 2466 primordia
970 2405 1017 2452 tus
1068 2400 1177 2465 potest;
1193 2392 1417 2464 quandoquidem
1440 2407 1491 2449 nec
1507 2396 1597 2462 justus
1618 2392 1723 2463 institis
1744 2393 1866 2449 satiatur.

219 2486 248 2536 et
261 2480 389 2537 erubesce
398 2487 584 2553 comparatum
597 2489 623 2537 ta
633 2496 692 2538 esse
705 2483 852 2552 iumentis:
863 2498 1017 2540 memorare
1048 2525 1051 2532 .
1069 2496 1121 2537 nec
1133 2483 1312 2553 voluptuosus
1335 2481 1483 2552 voltrptate,
1498 2497 1548 2538 nec
1559 2480 1715 2539 curiositate
1731 2481 1865 2546 annosus,

220 2565 369 2624 novissima
381 2576 438 2638 tna,
449 2576 477 2624 et
490 2568 553 2623 time
566 2584 604 2624 ne
617 2569 699 2626 abeas
714 2570 795 2626 etism
808 2579 869 2641 post
881 2571 1014 2641 jumenta.
1069 2585 1121 2626 nec
1149 2569 1308 2627 ambitiosus
1338 2569 1411 2625 inani
1434 2570 1534 2643 glorie.
1561 2569 1630 2627 licea
1669 2572 1739 2626 unde
1762 2569 1864 2636 doleas,

221 2655 367 2728 Erubesce,
383 2655 506 2729 inquam,
521 2657 595 2730 quod
618 2673 670 2730 pro
687 2661 825 2716 consortio
844 2659 1015 2733 angelorum,
1071 2657 1229 2714 sinendum
1246 2658 1413 2714 insensibilis
1427 2657 1555 2714 lectuses
1566 2675 1575 2726 3
1588 2673 1652 2716 ecce
1665 2659 1739 2714 unde
1761 2659 1865 2724 doleas,

221 2746 387 2803 consortium
405 2746 519 2804 sortitus
547 2761 577 2802 es
605 2762 733 2817 pecorum
756 2762 811 2804 non
824 2749 907 2804 modo
921 2748 949 2804 in
968 2765 1016 2806 ne-
1071 2745 1180 2818 qucdin
1193 2745 1288 2802 exsilio
1306 2748 1411 2819 positus
1425 2762 1464 2814 es,
1492 2746 1521 2802 in
1535 2749 1645 2804 deserto
1662 2746 1787 2817 moraris,
1803 2746 1867 2800 etin
1897 2777 1902 2784 ·

222 2832 393 2887 cessitatibus
407 2833 528 2904 corporis
543 2833 590 2890 sed
605 2833 687 2888 etiam
700 2833 729 2888 in
751 2833 895 2890 attactibus
913 2834 1015 2892 cordis.
1071 2835 1191 2890 tenebris
1201 2834 1325 2891 ambulas
1340 2845 1366 2892 et
1379 2836 1407 2891 in
1434 2835 1551 2902 lubrico,
1567 2843 1594 2891 et
1608 2835 1636 2890 in
1657 2836 1756 2891 sudore
1778 2834 1868 2890 vultus

135 2948 137 2956 ·
222 2920 289 2976 Cum
301 2920 433 2990 jumentis
461 2921 566 2988 partiris
593 2921 682 2976 cibum
710 2927 801 2990 terrae,
830 2924 893 2990 quis
921 2939 1017 2994 panem
1071 2922 1110 2978 tui
1124 2923 1239 2979 vesceris
1251 2939 1323 2995 pane
1336 2931 1393 2979 tuo.
1409 2923 1452 2979 An
1467 2939 1521 2979 non
1545 2924 1571 2978 in
1586 2923 1767 2980 amaritudine
1780 2923 1868 2979 mori-

222 3007 384 3080 angelicum,
413 3024 509 3081 panem
524 3007 649 3065 fastidisti
663 3010 813 3067 calestem.
835 3010 897 3066 Non
927 3012 1016 3066 solum
1032 3041 1054 3121 ὓ
1072 3020 1114 3066 tur
1126 3011 1223 3068 oculus
1237 3023 1308 3080 tuns,
1321 3012 1428 3084 quoties
1442 3013 1497 3068 ista
1513 3012 1677 3080 considerat,
1694 3021 1721 3069 et
1744 3011 1869 3084 deploret

223 3103 324 3165 entem,
339 3097 386 3152 sed
398 3095 488 3165 etiam,
509 3098 581 3170 qnod
599 3098 676 3169 pejus
691 3106 743 3165 ast,
757 3098 786 3155 in
814 3107 888 3156 recto
899 3114 1016 3171 corpore
1069 3099 1173 3171 pariter
1186 3115 1247 3155 cum
1276 3099 1430 3170 Propheta:
1447 3103 1505 3158 licat
1532 3101 1622 3157 milti!
1635 3103 1703 3174 quio
1725 3101 1868 3159 incolatus

222 3201 306 3243 curte
319 3192 360 3240 est
373 3185 461 3242 anima
484 3193 511 3243 et
524 3185 552 3242 in
566 3202 682 3258 corpore
704 3195 793 3244 manet
816 3187 1014 3244 bumanaeani-
1069 3201 1150 3244 meus
1161 3187 1349 3259 prolongatos
1363 3187 1522 3256 estlffscl.
1537 3189 1662 3261 exani).

223 3289 274 3330 mae
287 3273 446 3341 similitudn;
470 3275 499 3330 in
526 3276 692 3333 animavero
706 3276 813 3334 bestiali
837 3277 1015 3334 similitudine
1107 3276 1134 3330 i.
1149 3275 1237 3330 Habes
1249 3275 1308 3344 jam
1322 3276 1479 3346 primordia,
1497 3277 1579 3331 babes
1597 3276 1678 3333 etiam
1693 3275 1780 3333 medie
1796 3295 1803 3335 :
1820 3277 1867 3332 sed
1899 3305 1903 3310 ·

225 3370 327 3421 mutata
339 3370 381 3422 est
396 3363 543 3422 similitudo
558 3364 618 3423 liei.
1071 3362 1222 3420 novissima
1234 3378 1297 3435 que
1313 3364 1398 3420 snntl
1425 3365 1494 3420 Nem
1509 3364 1543 3420 de
1564 3365 1605 3420 eis
1621 3364 1719 3421 dicitnr
1732 3366 1806 3434 qnod
1820 3379 1869 3422 eo-

259 3457 285 3510 ὶ.
300 3451 343 3508 dn
361 3467 416 3508 non
429 3451 604 3510 conlauderis
615 3469 724 3509 sursum
747 3464 829 3523 caput
846 3453 956 3521 habere,
971 3453 1019 3524 qui
1046 3487 1050 3494 ·
1071 3467 1133 3507 rum
1142 3467 1247 3507 memor
1262 3467 1315 3508 non
1328 3435 1466 3524 peccabis.
1481 3453 1544 3521 ipsa
1557 3460 1619 3508 sunt
1633 3468 1717 3522 mors,
1730 3453 1866 3524 judicium

224 3556 392 3598 snrsnmcor
406 3541 572 3598 nonhabesl
606 3557 724 3614 corpore
744 3549 835 3599 rectus
862 3547 946 3610 stare,
971 3540 1020 3613 qui
1071 3539 1333 3612 gebennassw
1343 3539 1869 3614 Quidborribiliusmcrtelquidjudicio

223 3630 307 3686 corde
320 3629 396 3702 repis
409 3629 437 3685 in
457 3631 549 3686 marai
579 3633 620 3686 An
643 3646 698 3686 non
717 3645 817 3703 repere
840 3641 881 3687 est
895 3630 923 3686 in
950 3637 1020 3686 terre
1072 3627 1241 3684 terribilius?
1256 3643 1319 3684 nam
1333 3633 1459 3702 gebenna
1473 3629 1539 3684 nibil
1556 3637 1644 3701 potest
1668 3629 1869 3685 intolerabilius

224 3731 334 3774 carnem
356 3731 462 3789 aspera,
478 3719 598 3798 manalis
619 3717 786 3784 desiderare,
801 3717 918 3776 carnalia
944 3732 1021 3791 quae·
1075 3717 1201 3792 cogitari.
1218 3717 1289 3788 Quid
1303 3725 1414 3786 metuet,
1431 3718 1455 3774 si
1474 3719 1534 3788 quis
1546 3718 1582 3775 ad
1606 3719 1658 3774 isle
1670 3733 1724 3773 non
1737 3718 1868 3790 trepidat,

225 3804 309 3862 reret
331 3805 521 3864 Verumtamen
534 3807 597 3881 quis
619 3807 654 3863 ad
667 3808 812 3883 imaginem
827 3816 854 3864 et
868 3806 1021 3864 similitudi·
1073 3823 1130 3864 non
1144 3796 1310 3878 expavescit,
1327 3820 1383 3862 non
1398 3805 1493 3864 timere
1505 3808 1678 3865 concutitur?
1692 3807 1716 3863 0
1737 3808 1830 3875 homo,
1846 3808 1868 3863 si

225 3909 289 3949 nem
302 3893 471 3951 Deicreatus
488 3911 527 3961 es,
543 3896 566 3952 si
580 3896 722 3968 perdidisti
735 3896 952 3966 similitudinem,
979 3895 1021 3950 si-
1073 3896 1217 3969 pudorem,
1235 3895 1870 3966 perdideresadnobilemcreaturampsrtinen·
1903 3919 1908 3928 ·

225 3981 297 4038 milis
310 3981 396 4040 lectus
409 3984 555 4054 jumentis3
570 3986 619 4042 aeti
638 3985 665 4042 in
697 3985 816 4058 imagine
844 3985 1020 4056 pertransisti.
1074 3994 1143 4054 tem;
1159 3983 1183 4040 si
1197 3983 1318 4039 dolorem
1332 3999 1387 4039 non
1402 3983 1537 4040 sentiebas
1549 3983 1718 4053 sillictionis,
1734 3984 1808 4056 quod
1827 3991 1871 4040 est

226 4070 296 4143 Ergo
310 4071 335 4128 si
348 4073 375 4129 in
388 4071 496 4129 sublimi
511 4074 617 4144 positus
642 4090 696 4130 non
720 4074 871 4130 intellexisti
892 4073 1021 4146 quoniam
1074 4076 1156 4130 etlam
1167 4075 1331 4143 cernellnm3
1344 4072 1386 4128 vel
1398 4071 1522 4128 timorem
1537 4087 1590 4128 non
1604 4072 1722 4140 omittas,
1740 4071 1869 4144 quoniam

226 4156 307 4216 limus
318 4173 409 4226 essem
424 4160 479 4216 noli
498 4161 598 4218 infixus
614 4163 643 4218 in
656 4162 720 4219 liam
748 4161 873 4232 proinndi
897 4163 1023 4232 ignorare
1074 4159 1120 4216 ille
1134 4169 1176 4216 est
1197 4161 1279 4216 etiem
1306 4163 1504 4231 jumentorum.
1520 4161 1669 4217 Oneramm
1697 4161 1814 4229 asinum,
1843 4169 1870 4216 et

225 4247 290 4320 quin
303 4246 396 4320 imago
416 4248 465 4304 liei
478 4265 517 4315 es,
529 4258 558 4306 et
572 4251 703 4307 erubesce
718 4253 790 4322 quod
811 4249 982 4322 peregrinam
996 4249 1021 4306 ei
1075 4248 1223 4321 fatigemus
1237 4249 1264 4304 in
1281 4249 1418 4305 laboribus
1434 4249 1557 4320 plurimis
1573 4267 1580 4322 3
1595 4254 1623 4306 et
1637 4264 1691 4304 non
1705 4255 1795 4320 caret,
1808 4247 1871 4319 qnia

226 4335 424 4408 superduxeris
443 4337 653 4395 similitudinem.
669 4339 772 4396 liemor
798 4347 856 4395 esto
874 4338 1020 4394 nobilitatis
1036 4314 1060 4393 il
1076 4337 1169 4392 asinus
1183 4344 1235 4393 est.
1250 4337 1286 4392 bt
1300 4337 1323 4393 si
1347 4338 1375 4393 in
1399 4337 1493 4410 ignem
1505 4337 1656 4410 impellere,
1672 4337 1697 4394 ei
1720 4336 1747 4392 in
1764 4337 1871 4394 ioveam

228 4434 291 4494 tue,
306 4433 333 4482 et
351 4426 451 4497 pudeat
467 4434 494 4483 te
512 4434 592 4484 tante
606 4425 776 4498 dmeedonis.
792 4425 832 4482 Ne
850 4425 960 4500 ignmes
974 4443 1021 4497 pu·
1076 4424 1245 4499 praecipitere
1261 4423 1337 4495 velis,
1363 4434 1440 4482 cavet
1453 4434 1586 4498 quantum
1602 4433 1698 4496 potest,
1710 4425 1775 4499 quie
1789 4425 1872 4481 vitam

227 4515 410 4574 cbriludinem
424 4515 725 4588 tuem,ntdeioeoitate
738 4515 1020 4586 ampliusconlunda-
1073 4513 1162 4588 diligit
1175 4524 1201 4572 et
1218 4521 1333 4570 mortem
1350 4515 1437 4573 timet.
1472 4515 1515 4570 bn
1534 4529 1589 4571 non
1615 4513 1742 4585 tibiergo
1767 4513 1871 4584 justum

227 4604 275 4662 ris.
287 4604 352 4661 litae
364 4612 416 4672 est,
432 4607 509 4675 juxte
522 4604 707 4670 Salomonem,
726 4605 855 4676 mosetto
877 4605 1020 4663 adduceres
1074 4603 1189 4672 videtur,
1204 4613 1234 4659 ut
1249 4603 1296 4675 qui
1322 4605 1406 4661 modo
1431 4603 1562 4674 jumentis
1586 4601 1767 4659 insensibilior
1791 4602 1874 4658 t'uerit

227 4691 348 4765 gloriam
361 4692 459 4764 (dccli.
474 4709 514 4750 tv.
537 4693 594 4766 ab),
610 4693 718 4766 qnando
731 4707 747 4748 a
761 4699 836 4748 mnu
849 4692 936 4766 gloria
949 4692 1019 4749 ceci·
1073 4694 1136 4765 post
1155 4692 1281 4762 jumenta
1294 4706 1404 4764 quoque
1424 4691 1485 4764 ipsa
1503 4691 1680 4763 compeliatur
1696 4689 1783 4758 abire,
1803 4697 1831 4746 et
1844 4690 1873 4746 in

228 4780 302 4836 disse
322 4780 502 4839 contunderis.
530 4782 598 4839 iiras
624 4781 695 4838 enim
715 4782 862 4855 aliqnando
890 4781 979 4856 gloria
993 4789 1021 4839 et
1073 4781 1216 4837 tormentis
1231 4781 1338 4853 positus
1364 4780 1455 4838 locum
1478 4787 1568 4836 teneat
1583 4779 1782 4851 posteriorem?
1797 4778 1874 4834 Time

228 4869 334 4925 bonore
347 4877 492 4928 coronatus
508 4871 669 4928 constitutus
683 4887 764 4943 super
785 4885 870 4944 opere
891 4887 1021 4928 manuum
1074 4883 1152 4940 ergo,
1168 4883 1185 4926 o
1200 4873 1292 4936 bomo,
1304 4871 1377 4942 quod
1391 4870 1419 4925 in
1432 4878 1522 4926 morte
1536 4868 1703 4940 separandus
1717 4884 1778 4924 ese
1794 4867 1874 4924 bouis

228 4954 352 5025 Domini,
377 4957 465 5016 incole
493 4960 621 5029 paradisi,
653 4961 812 5034 angelornm
837 4960 967 5028 concivis,
995 4967 1022 5018 et
1075 4957 1297 5028 omnibnsbuius
1311 4958 1443 5029 corporis,
1461 4966 1489 5014 et
1503 4965 1558 5014 tam
1580 4957 1658 5014 dulce
1672 4955 1874 5013 camisetenl-

227 5045 392 5104 domettiots
405 5046 515 5104 Domini
527 5049 650 5107 sabaotb.
667 5049 733 5106 ilinc
754 5047 876 5119 dejecisti
890 5055 918 5106 te
932 5049 1022 5118 ipsum
1075 5061 1128 5102 me
1154 5045 1293 5102 vinculum
1321 5045 1492 5104 amarissimo
1510 5047 1661 5102 secandum
1676 5053 1720 5102 est
1744 5043 1872 5102 divortio.

229 5137 258 5193 in
271 5137 320 5192 bes
333 5134 475 5194 interiores
489 5139 629 5206 tenebras,
644 5137 717 5194 unde
730 5137 765 5194 ad
783 5136 930 5194 exteriores
949 5155 1021 5212 quo·
1074 5134 1160 5204 Time,
1175 5135 1250 5208 quod
1271 5133 1298 5190 in
1314 5135 1427 5191 terribili
1458 5133 1604 5206 jndicioei
1623 5134 1874 5206 praesentanduses

229 5231 324 5296 quaet
337 5224 488 5298 palpabiles
502 5224 783 5296 tenebrasejiciendns
803 5225 859 5280 eris
879 5223 1024 5298 &mendo
1074 5223 1102 5278 in
1113 5224 1190 5293 cujus
1203 5237 1303 5278 merrus
1329 5223 1495 5279 horrendum
1510 5233 1551 5280 est
1568 5223 1699 5291 incidere,
1721 5229 1749 5278 et
1762 5236 1796 5278 eo
1806 5236 1874 5278 exe·

230 5311 254 5367 si
268 5327 323 5370 non
349 5329 441 5372 caves.
464 5313 508 5370 Ab
522 5312 573 5370 iste
593 5313 703 5388 inquam
730 5311 819 5386 glotis
831 5311 948 5370 liliorum
975 5313 1025 5371 Dei
1076 5319 1197 5368 minente
1211 5325 1295 5385 quem
1309 5311 1376 5368 nihil
1399 5312 1474 5381 latet,
1490 5311 1514 5368 si
1528 5311 1638 5384 quidem
1663 5313 1774 5366 intente
1791 5308 1875 5366 luerit

229 5399 377 5474 demeruisti
403 5403 592 5474 temetipsum
616 5419 634 5460 e
661 5401 734 5460 lelici
755 5401 804 5460 illa
820 5410 847 5459 et
869 5401 1025 5460 dulcissima
1077 5400 1105 5456 in
1120 5408 1146 5457 te
1171 5399 1309 5472 iniquitas,
1337 5399 1495 5457 alienandus
1517 5399 1552 5455 ab
1575 5398 1752 5457 universitate
1778 5397 1877 5472 quiens

229 5488 326 5560 patria,
340 5490 375 5546 eb
388 5492 469 5549 barto
480 5491 628 5566 voluptatis
635 5493 761 5550 exsulem
774 5498 801 5548 te
814 5489 911 5548 iecisti.
1077 5495 1104 5545 et
1117 5487 1212 5560 gloriae
1227 5499 1255 5545 et
1264 5491 1477 5564 segregandusa
1490 5503 1608 5547 numero
1616 5489 1772 5547 beatorum.
1786 5487 1875 5554 Time,

266 5579 294 5633 3.
309 5576 379 5638 lites
397 5579 468 5638 nude
482 5580 599 5640 vanni:
616 5580 748 5640 vbnosse
762 5594 818 5653 quo
833 5575 1026 5640 devemstilln
1078 5577 1149 5648 quod
1164 5577 1193 5636 in
1205 5579 1332 5651 gebenna
1359 5577 1663 5640 crucietibut.eternit
1690 5583 1720 5638 et
1733 5573 1877 5637 immensis
