4064 6344
262 398 329 460 iiiiii
745 387 772 446 S.
794 385 962 450 BERNARN
981 381 1120 450 ABBleS
1136 384 1450 454 ClaltRAE.qu,1,fl[qspg
1841 397 1912 460 ΗΜ

263 522 385 592 peream
400 515 440 586 (ll
450 514 510 570 dor.
524 526 563 576 tr,
579 510 618 580 3).
634 509 728 568 Videte
742 524 777 566 ne
795 525 845 568 uos
860 508 972 579 diceret,
987 505 1059 578 apud
1077 521 1100 600 g
1116 514 1159 564 cat
1172 507 1313 568 adfuisse:
1338 512 1384 566 sed
1411 512 1506 571 nescio
1531 529 1583 586 qna
1598 523 1655 572 arte
1674 513 1795 594 tingendi
1810 519 1846 578 ita
1859 538 1913 580 sua

261 623 333 682 quos
356 599 531 676 Euangetium
549 597 684 658 invenitur
703 607 837 670 opertum.
854 598 925 670 Quid
941 597 1060 666 apertius
1114 598 1257 654 contundit
1271 600 1385 674 vertigie
1400 601 1603 660 callidissimum
1626 603 1734 672 animat,
1750 617 1780 664 ut
1794 625 1850 680 qua
1865 613 1911 665 vet

263 697 336 769 quod
362 688 499 768 pereatis?
513 691 556 744 Aa
569 685 639 744 forte
663 702 712 742 nec
727 687 838 742 Paulum
858 683 970 742 11θὲ
985 683 1058 742 reci·
1114 684 1205 754 intret,
1218 690 1262 742 vel
1279 695 1369 758 exeat,
1390 691 1460 746 haud
1477 689 1554 750 lacile
1568 701 1651 762 queat
1665 694 1699 747 ab
1724 695 1836 754 bomine
1860 701 1912 754 de-

260 782 345 857 prust
359 781 400 836 De
414 778 573 850 quibusdam
600 775 636 832 ita
650 776 751 834 audiar.
766 776 826 832 Non
838 775 910 831 enirn
926 775 997 830 inter
1012 789 1060 826 ros
1114 775 1257 842 prehendi.
1273 779 1394 849 Cumque
1411 788 1501 850 pateat
1511 795 1589 852 opus,
1606 797 1659 837 non
1670 793 1783 852 apparet
1797 797 1913 852 auetor;

258 887 354 930 omnes
369 886 418 940 per
440 868 529 924 omnia
553 865 735 932 concordatis,
749 865 798 922 etsi
818 881 834 920 a
860 864 940 920 uobis
964 879 1060 918 omnes
1114 871 1150 916 tta
1164 882 1214 935 prr
1231 881 1264 922 ea
1276 883 1337 937 quae
1354 867 1380 923 iu
1394 865 1461 924 lacie
1475 877 1548 934 sunt,
1564 879 1661 926 cuneta
1680 871 1843 930 dissimulat.
1859 877 1916 932 De·

258 958 438 1018 dissentiatis.
1115 951 1195 1024 nique
1222 955 1245 1008 si
1279 956 1358 1010 b'dem
1375 957 1538 1028 interroges,
1568 958 1635 1014 nibil
1668 961 1859 1031 christianius,
1891 967 1912 1020 si

298 1052 373 1104 bdt
391 1062 454 1104 rere
483 1043 684 1108 rerumrerba,
704 1052 731 1099 et
764 1043 872 1112 scripta,
897 1053 924 1098 et
938 1037 1059 1096 traditio·
1114 1043 1359 1114 conversationem,
1377 1045 1443 1102 nibil
1471 1048 1759 1116 irreprehensibilius:
1793 1065 1819 1108 et
1850 1072 1916 1125 qua·

265 1153 324 1204 nes,
343 1135 391 1207 qui
415 1133 591 1205 corporaliter
620 1147 682 1188 cum
710 1130 847 1188 Saltatnre
871 1132 986 1194 luerunt,
1004 1127 1062 1202 pari
1115 1132 1243 1204 loquitur,
1264 1133 1455 1207 iactisprobat.
1472 1133 1570 1192 Videas
1584 1137 1721 1193 bominem
1743 1137 1916 1198 intestimo-

259 1226 417 1286 auctoritate
443 1221 583 1294 Evangelii
606 1221 705 1290 cuneti,
718 1222 745 1276 ni
770 1217 1060 1284 fallor,iudillerenter
1116 1220 1192 1276 nium
1221 1238 1277 1276 suae
1305 1222 1366 1278 lidei
1397 1223 1566 1296 frequentare
1599 1226 1750 1295 eeclesiam,
1777 1231 1917 1289 bonorare

259 1313 388 1388 recipitis.
403 1311 532 1382 Nunquid
548 1309 585 1366 illi
604 1318 729 1380 opertum
749 1317 858 1366 tenuere
883 1305 1061 1378 Erartgrlium
1116 1310 1298 1381 presbyteres,
1333 1312 1433 1367 ofierre
1461 1327 1560 1369 munus
1592 1331 1684 1380 suurn,
1715 1317 1916 1378 contessionem

258 1400 505 1474 suumrttouquid
532 1397 863 1462 iuDeocarnisiniirma,
887 1395 1061 1452 urortiabor-
1118 1399 1216 1465 lacere,
1245 1399 1419 1456 sacrementis
1445 1402 1653 1460 communicare
1681 1403 1751 1474 Quid
1774 1406 1916 1466 fidelius?

259 1492 333 1560 ride,
356 1491 447 1548 crucis
478 1488 653 1564 ignominiam
693 1487 824 1544 tacuere?
853 1489 883 1542 Et
906 1486 1012 1558 quidem
1036 1485 1062 1538 in
1116 1486 1174 1540 iam
1199 1487 1273 1559 quod
1298 1488 1331 1542 ad
1364 1488 1444 1546 vitam
1468 1505 1610 1563 moresque
1633 1501 1746 1566 spectat,
1775 1499 1915 1554 neminem

260 1597 366 1638 omnem
383 1577 578 1636 terrameairit
601 1577 899 1647 aaauseorumtt’mt.
923 1575 1062 1642 artaud).
1117 1575 1300 1641 circumuenit,
1343 1578 1479 1634 nemiuem
1523 1583 1742 1653 supergreditur,
1778 1586 1916 1642 neminem

259 1669 311 1728 Ubi
334 1667 483 1742 apostolica
511 1666 639 1721 lormaet
665 1665 731 1730 trita,
758 1681 840 1736 quam
870 1662 1000 1734 iactatis?
1025 1659 1063 1714 lili
1117 1666 1244 1720 concutit.
1264 1665 1365 1722 Palleat
1388 1665 1501 1739 iusuper
1521 1684 1569 1725 ora
1594 1669 1713 1740 JeJ'uuiis,
1735 1688 1831 1742 pacem
1860 1693 1915 1732 ιω,

257 1766 446 1830 clamant,t·os
474 1759 636 1828 susurratis;
666 1761 748 1816 illiin
770 1760 890 1833 publico,
917 1759 1062 1816 rosiuan-
1079 1799 1101 1878 Β
1118 1753 1234 1810 comedit
1268 1753 1382 1820 otiosus,
1412 1763 1538 1826 operatur
1566 1758 1691 1814 manibus
1729 1763 1800 1818 unde
1833 1762 1915 1820 mutu

258 1857 341 1926 gulo,
358 1852 398 1908 itti
414 1859 442 1908 ut
466 1850 552 1906 nubes
566 1848 656 1906 uolent
681 1851 757 1920 (lsai.
782 1864 830 1916 aa,
856 1847 894 1918 8),
920 1861 967 1904 tos
982 1847 1010 1899 in
1023 1853 1062 1899 te·
1121 1849 1263 1898 sustentat.
1280 1841 1331 1897 Ubi
1346 1843 1403 1912 jam
1418 1843 1513 1916 suipra
1527 1845 1542 1898 ‘i
1555 1847 1726 1906 Tenebarnus
1737 1865 1797 1906 eam
1813 1870 1820 1907 :
1847 1869 1914 1924 qno-

258 1942 389 2000 uebrisac
418 1937 616 2006 subterraneis,
646 1937 771 1994 domibus
791 1935 961 1994 delitescitis.
992 1932 1064 2002 Quid
1118 1931 1198 1986 modo
1214 1932 1304 2004 elapsa
1326 1941 1366 1986 est
1389 1947 1404 1986 e
1431 1932 1584 1990 manibus-i
1610 1935 1753 2005 Quomodo
1782 1949 1835 1996 tam
1868 1958 1915 1996 rr-

262 2031 351 2088 simile
381 2027 436 2084 iliis
457 2027 484 2084 in
504 2027 582 2083 robis
601 2025 761 2084 ostenditis?
776 2025 818 2084 bn
833 2023 904 2096 quod
924 2021 1063 2078 vobiscum
1119 2029 1197 2089 pente
1210 2019 1370 2092 disparuit?
1386 2021 1532 2091 instemus,
1548 2021 1766 2098 investigemus:
1782 2045 1800 2084 a
1818 2027 1915 2086 [ructi-

260 2119 431 2177 mnliercnlaa
450 2132 506 2174 non
525 2116 617 2189 utique
637 2115 849 2184 circumducitis,
874 2113 922 2168 sed
948 2110 1064 2166 includi·
1117 2109 1167 2164 bns
1180 2111 1239 2176 eius
1254 2125 1450 2182 cognoscemus
1466 2125 1535 2169 eam.
1549 2111 1586 2167 Et
1608 2121 1681 2172 certe
1696 2115 1834 2172 uinearum
1862 2119 1914 2174 de-

259 2211 312 2266 tis?
326 2211 385 2266 Non
401 2222 477 2278 seque
502 2205 648 2265 comitatio.
664 2213 694 2261 ut
716 2203 888 2276 cohabitatio,
914 2200 1063 2274 suspicioni
1117 2196 1220 2253 molitio
1248 2205 1363 2254 testatur
1395 2197 1514 2271 uulpem.
1543 2200 1680 2268 llnlieras,
1711 2204 1811 2262 relictis
1838 2207 1914 2268 siris.

259 2304 341 2370 patet.
359 2297 457 2354 Verum
481 2294 605 2366 quisnam
627 2292 660 2350 de
676 2293 729 2348 illis
757 2293 895 2348 sinistrum
923 2289 1062 2362 quidpiam
1117 2285 1217 2342 etitem
1230 2286 1290 2354 viri,
1305 2287 1425 2344 dimissis
1438 2287 1622 2360 uxoribus,ad
1638 2289 1705 2350 istos
1718 2309 1747 2348 se
1760 2293 1916 2352 confierent.

257 2386 453 2457 suspicaretur,
467 2381 515 2455 qni
530 2392 653 2438 mortuos
667 2381 853 2438 suseimbant‘l
876 2380 928 2438 Fac
942 2391 968 2434 tu
983 2375 1062 2434 mmi-
1117 2374 1213 2431 Clerici
1227 2381 1254 2430 et
1277 2375 1441 2444 sacerdotes,
1470 2377 1577 2450 populis
1602 2379 1775 2455 ecelesiisqpe
1803 2385 1916 2450 relictis,

260 2476 331 2546 liter,
355 2485 383 2530 et
409 2488 462 2529 una
489 2471 661 2528 recubantem
690 2471 791 2542 putabo
812 2469 939 2526 laminam
964 2467 1063 2524 ubam.
1117 2462 1217 2520 intonsi
1237 2470 1264 2519 et
1279 2463 1384 2520 barbati
1399 2465 1531 2537 apddeos
1546 2469 1617 2524 inter
1638 2477 1754 2527 textores
1767 2479 1794 2527 et
1815 2474 1916 2529 textri-

204 2579 211 2600 ·
257 2562 387 2636 Alioquin
403 2568 504 2617 temere
521 2559 690 2629 tibiusurpas
705 2556 812 2614 illorum
824 2555 1063 2630 dispensationem,
1117 2549 1665 2626 cesssQssplerumqueinventisnut.
1682 2561 1794 2618 lunen
1823 2563 1918 2634 gratis

258 2667 374 2726 quorum
393 2649 564 2706 sanctitatem
579 2661 634 2704 non
648 2645 744 2702 babes.
760 2645 828 2702 Cum
845 2643 943 2702 lemica
957 2660 1065 2714 semper
1115 2639 1260 2696 demolitio
1274 2641 1355 2697 istst
1370 2658 1404 2698 en
1416 2657 1471 2698 uon
1487 2658 1572 2716 opera
1584 2645 1708 2718 vulpium
1723 2649 1810 2706 baeei

257 2755 327 2810 esse,
341 2748 369 2797 et
387 2753 441 2796 aon
470 2751 636 2810 cognoscere
668 2735 807 2803 feminam,
828 2749 918 2790 nonne
947 2733 1008 2804 plns
1023 2739 1066 2790 est
1153 2731 1181 2786 b.
1196 2729 1298 2786 Verum
1314 2747 1366 2788 nou
1380 2731 1453 2802 apttd
1468 2747 1564 2790 omues
1579 2734 1647 2792 lorte
1670 2737 1721 2792 ista
1748 2745 1802 2794 tam
1826 2742 1917 2796 mani-

257 2845 338 2902 qttam
354 2835 490 2888 mortuam
509 2822 862 2896 suscitarelQuodminus
885 2831 926 2878 est
949 2837 1064 2894 nonpo—
1118 2817 1186 2874 lesta
1214 2819 1475 2889 deprehenduntur:
1500 2830 1527 2880 et
1554 2823 1575 2878 si
1601 2823 1664 2893 mut,
1686 2840 1740 2882 non
1774 2835 1816 2884 est
1845 2829 1917 2884 unde

258 2927 316 2989 tes3
333 2930 360 2976 et
373 2917 447 2990 qnod
477 2915 565 2985 majus
590 2923 633 2970 est
653 2913 815 2970 risoredam
844 2910 918 2966 duit
940 2909 1066 2984 Quotidie
1120 2909 1277 2980 probentur.
1293 2908 1416 2978 Quonam
1433 2911 1514 2966 modo
1529 2911 1653 2984 capimus
1676 2912 1767 2970 illesi
1789 2916 1916 2974 Reverta-

258 3007 329 3063 latus
344 3013 420 3062 tuum
434 3005 469 3060 ad
483 3005 553 3060 latus
564 3003 724 3075 juvenalae
746 3009 787 3058 est
806 3001 832 3056 in
857 3015 968 3068 mensa;
984 2999 1067 3056 lectus
1119 3012 1181 3052 mur
1195 2998 1229 3054 ad
1244 2999 1409 3056 consortium
1424 3006 1452 3054 ct
1465 3000 1670 3057 contubernium
1685 3001 1844 3060 feminarum
1865 3006 1917 3064 boc

259 3097 368 3153 tnusad
391 3094 490 3150 lactum
509 3093 611 3164 ejusin
637 3106 754 3158 camera,
784 3089 855 3146 oculi
882 3088 920 3146 tui
938 3090 970 3143 ad
995 3082 1103 3160 illiusss
1120 3085 1193 3141 enirn
1208 3086 1432 3144 intereosnemn
1461 3087 1508 3159 qui
1536 3097 1638 3146 eareat.
1667 3091 1808 3166 lnterrogo
1831 3111 1915 3150 unum

257 3183 352 3256 oculos
365 3183 393 3238 in
407 3181 556 3254 colloquio,
577 3195 674 3238 manns
688 3190 741 3236 tuae
763 3178 798 3234 ad
812 3193 909 3234 manus
930 3176 1015 3250 ipsius
1037 3176 1066 3232 in
1120 3175 1272 3246 quempiam
1288 3176 1395 3231 borum.
1411 3177 1486 3234 Heus
1497 3185 1535 3247 tu,
1552 3178 1622 3234 bone
1636 3181 1677 3235 vir
1693 3179 1700 3234 l
1716 3197 1842 3252 quaenam
1859 3185 1916 3240 bec

257 3288 339 3345 opere
354 3289 361 3326 :
377 3279 404 3328 et
417 3270 562 3331 contineam
581 3269 622 3328 vis
637 3269 822 3340 putariilisto
832 3275 861 3325 ut
874 3266 934 3322 sis:
951 3267 999 3322 sed
1014 3281 1066 3340 ego
1119 3262 1227 3330 mulier,
1241 3271 1269 3318 et
1282 3263 1353 3319 uode
1367 3264 1425 3320 haec
1445 3265 1494 3320 tibi
1510 3266 1524 3320 l
1539 3266 1650 3322 Uaorna
1675 3275 1718 3324 tua
1738 3271 1843 3342 iNcn,
1871 3271 1913 3327 in·

258 3343 577 3435 {uspieioneuonearec
599 3357 734 3416 Scanddo
747 3356 814 3414 mibi
839 3373 869 3414 es
886 3375 893 3411 ι
910 3354 972 3412 tolle
990 3372 1067 3411 sean-
1119 3351 1186 3422 quit,
1201 3367 1263 3406 nam
1277 3361 1342 3406 uoto
1357 3368 1419 3408 meo
1430 3353 1501 3410 istud
1512 3370 1568 3411 non
1581 3357 1716 3414 conuenit.
1737 3359 1809 3414 Filia
1824 3361 1916 3434 ergo!

255 3451 311 3506 dati
336 3465 457 3518 eausam,
494 3463 549 3522 qno
573 3455 600 3504 te
632 3449 733 3520 probes
758 3461 863 3513 rerum,
892 3453 922 3499 ut
946 3443 1063 3510 lectitas,
1118 3440 1187 3496 Non.
1203 3439 1274 3510 Quid
1287 3439 1473 3514 igituriNon
1486 3458 1574 3510 soror,
1600 3461 1654 3502 non
1670 3445 1770 3517 neptis,
1794 3464 1848 3504 non
1863 3449 1913 3504 ali-

255 3540 394 3614 Eraugelii
408 3538 610 3596 aemulatorem.
630 3534 1018 3606 Qnisscandaliaareritunnm
1033 3533 1066 3589 de
1118 3545 1172 3600 qun
1187 3527 1281 3584 sallem
1298 3530 1508 3603 propinquitatis
1524 3533 1565 3588 trel
1588 3533 1727 3590 affinitatis
1741 3539 1828 3608 gradu
1850 3539 1915 3592 atti·

255 3629 387 3696 Ecclesia,
417 3639 509 3681 nonne
522 3621 704 3696 Etangelium
726 3623 893 3677 condemnat
915 3621 1065 3678 illum‘d'lu
1119 3633 1187 3672 nens
1202 3615 1272 3672 duit
1286 3617 1366 3674 Nullo
1382 3635 1505 3688 prorsus.
1518 3622 1551 3678 Et
1564 3624 1700 3692 quomodo
1716 3633 1772 3681 tnta
1787 3625 1837 3680 tibi
1852 3641 1914 3680 curn

257 3714 401 3786 Ecdesiam
418 3711 597 3768 eraadatiaas.
613 3709 716 3782 Vulpes
731 3727 760 3766 es
780 3709 933 3766 demoliens
947 3708 1063 3766 tineam.
1117 3707 1170 3762 ista
1189 3706 1351 3762 continentia
1366 3708 1435 3762 tua?
1456 3707 1527 3765 Sane
1547 3727 1596 3767 nec
1613 3712 1677 3770 licet
1690 3712 1740 3768 tibi
1753 3713 1836 3769 istud.
1856 3715 1912 3770 Co-

191 3787 193 3790 ’
255 3807 352 3859 tuaate
380 3815 434 3868 me,
463 3798 544 3866 socii,
572 3805 603 3854 ut
621 3797 761 3870 capiatur;
791 3798 832 3855 rel
856 3797 946 3868 potius
975 3798 1064 3869 capita
1118 3794 1323 3868 habitationem,
1338 3795 1362 3851 si
1385 3797 1487 3869 nescia,
1502 3799 1621 3856 uirorum
1648 3809 1677 3858 et
1704 3801 1862 3860 femmarum
1887 3804 1913 3858 in

255 3905 307 3949 ros
321 3889 481 3960 nobiseam,
500 3903 517 3944 o
533 3886 625 3959 angeli
652 3888 748 3942 sancti.
779 3886 892 3943 versuta
911 3894 952 3942 est
973 3887 1062 3957 ualde,
1117 3882 1151 3938 iis
1168 3885 1214 3956 qui
1228 3899 1327 3941 vorare
1346 3885 1554 3956 continentiam,
1582 3887 1702 3948 Ecclesia
1725 3899 1798 3947 uetat
1825 3893 1912 3962 (ffli-

254 3987 349 4053 operta
376 3985 418 4033 est
446 3977 590 4050 iniquitate
605 3985 632 4032 et
659 3977 797 4050 impietate
816 3991 875 4034 sua.
903 3975 984 4030 Plane
1009 3985 1063 4032 tarn
1117 3971 1146 4028 Si
1161 3987 1216 4028 non
1232 3972 1274 4028 vis
1290 3973 1470 4031 scandalizare
1490 3976 1648 4044 Ecclesiam,
1676 3979 1745 4050 ejice
1771 3977 1911 4036 seminam.

254 4067 352 4142 pusilla
375 4078 459 4140 atque
481 4065 600 4134 subtilis,
632 4075 662 4122 nt
683 4064 762 4121 laeite
794 4064 905 4137 quidem
930 4065 1063 4120 bomanos
1116 4060 1245 4132 Alioquin
1258 4078 1291 4118 ex
1307 4062 1358 4118 boc
1377 4078 1431 4120 uno
1452 4073 1559 4134 cetera,
1574 4082 1636 4138 quae
1649 4083 1703 4125 nnn
1728 4067 1797 4125 adeo
1822 4071 1911 4124 muri·

253 4157 398 4216 frustretur
413 4155 533 4214 obortus.
563 4153 692 4226 Numquid
719 4161 746 4210 et
760 4153 890 4208 uestros?
918 4153 1063 4224 Propterea
1116 4147 1184 4206 leste
1197 4159 1270 4222 sunt,
1285 4151 1382 4222 procul
1394 4151 1477 4210 dnbio
1491 4154 1629 4212 credibilis
1643 4154 1720 4212 bunt.

253 4260 307 4302 roa
317 4246 363 4306 itta
376 4245 411 4300 ad
426 4258 485 4312 uos,
502 4250 598 4312 utpote
621 4240 732 4299 sodales
745 4239 838 4312 sponsi
853 4257 860 4296 ι
875 4241 973 4314 Capite
983 4240 1063 4298 cobis
1078 4253 1101 4331 n
1152 4240 1180 4292 7.
1198 4238 1251 4294 Sed
1269 4255 1324 4310 quo
1338 4239 1415 4310 mibi,
1436 4243 1538 4313 inquit,
1553 4243 1692 4318 Evangelii
1706 4245 1766 4302 loco
1778 4257 1911 4304 monebas

251 4335 352 4407 uulpes
369 4331 509 4406 parantur
529 4331 628 4402 (duat.
643 4344 674 4400 tr,
688 4334 743 4400 lb).
753 4330 828 4402 Ergo
838 4327 914 4386 [amre
928 4329 1002 4401 quod
1013 4330 1062 4398 ju·
1116 4325 1281 4398 prohibitum
1301 4327 1374 4385 istud
1389 4329 1403 4386 i
1417 4330 1593 4404 Evangelium
1604 4333 1766 4406 appellasti;
1780 4336 1815 4390 ad
1826 4337 1911 4392 Erae

253 4421 371 4498 bemini3
386 4420 473 4496 capite
486 4419 566 4477 nobis
591 4420 661 4478 banc
685 4415 915 4488 tamrersipellem
929 4419 1061 4490 vulpecu-
1116 4415 1289 4488 geliumibis.
1306 4415 1457 4478 Siobedias
1470 4419 1627 4495 Evangelio,
1642 4438 1698 4479 non
1722 4424 1807 4480 iacies
1829 4440 1909 4482 scao-

253 4513 316 4578 lant,
338 4526 419 4584 qnam
444 4524 506 4570 ecoe
529 4507 632 4582 iamdiu
646 4505 747 4564 frustra
763 4505 941 4580 insequimur.
960 4506 1062 4564 Docete
1116 4504 1206 4559 datum
1221 4545 1229 4571 ,
1245 4506 1372 4576 probibet
1385 4508 1457 4564 enim
1472 4509 1550 4580 plane
1568 4510 1744 4586 Evangelinm
1755 4511 1909 4569 seanddnm

252 4609 279 4658 et
308 4597 466 4675 suggerite,
498 4597 616 4670 qualiter
649 4595 721 4654 brus
747 4594 973 4668 deprehendatur.
1003 4595 1062 4652 lloc
1117 4593 1188 4651 lieri.
1204 4593 1281 4650 Facis
1295 4603 1384 4651 autem
1413 4605 1453 4664 tn,
1469 4597 1547 4654 istam
1575 4615 1629 4656 uon
1655 4602 1807 4658 amovendo
1832 4602 1909 4672 insta

252 4687 322 4748 enim
337 4693 380 4744 est
392 4685 498 4760 cepisse
511 4685 640 4756 anlpenr3
656 4684 720 4758 qnia
746 4684 826 4758 longa
840 4685 903 4757 plus
917 4682 1057 4740 nocerial-
1116 4683 1296 4748 eonstitutum
1310 4685 1452 4742 Ecclesiae.
1466 4687 1614 4760 Suspectus
1628 4705 1699 4756 eras,
1713 4699 1742 4746 at
1754 4706 1826 4748 nnnc
1850 4709 1908 4746 ura-

253 4776 471 4846 suscatbolicus,
487 4789 568 4844 quam
596 4773 621 4828 si
640 4789 723 4830 verns
748 4780 892 4845 appareret
913 4772 1056 4829 hereticus
1111 4771 1207 4829 nileste
1221 4775 1367 4829 censebere
1381 4783 1408 4830 et
1433 4785 1604 4849 contemptor
1626 4778 1778 4850 Evangelii,
1806 4787 1834 4835 et
1852 4780 1905 4836 Ec·

256 4865 342 4936 (m).
358 4863 418 4919 liae
433 4871 475 4918 est
493 4871 582 4918 autern
614 4859 817 4917 bominisscire
835 4859 898 4933 quid
913 4860 947 4916 sit
966 4861 1057 4916 inbo-
1111 4861 1202 4917 ciesiae
1216 4864 1381 4918 adversator.
1397 4862 1468 4934 Quid
1480 4865 1619 4934 jndieatts,
1636 4867 1806 4924 fratreslSi
1825 4869 1907 4938 perti·

257 4951 344 5018 mine,
371 4950 424 5006 nisi
448 4951 509 5022 quis
524 4951 594 5006 inrte
605 4949 637 5004 ad
654 4953 706 5006 boc
719 4951 809 5022 ipsum
833 4949 913 5005 inerit
929 4950 969 5006 rel
992 4950 1056 5005 illu·
1110 4965 1161 5004 nax
1176 4949 1257 5007 luerit
1272 4958 1302 5006 ut
1325 4967 1376 5008 nec
1391 4952 1499 5008 obediat
1522 4955 1680 5028 Evangelio,
1703 4971 1753 5012 nee
1780 4955 1906 5012 Ecclesia

254 5039 490 5111 ndmmsSpiritu
510 5037 769 5112 Debuelangelica
788 5037 950 5094 informatus
973 5038 1055 5096 indu·
1110 5038 1275 5110 acquiescat,
1291 5040 1356 5112 quin
1381 5041 1440 5112 jam
1472 5043 1643 5115 tergiversari
1671 5045 1783 5116 potest?
1811 5045 1905 5100 Nonne

254 5130 332 5190 nris.
346 5129 423 5197 Quos
445 5129 555 5201 siguum
578 5126 689 5200 dabitis,
703 5134 734 5184 ut
757 5125 846 5197 palam
869 5125 915 5184 fiat
937 5127 1055 5197 pessima
1109 5135 1200 5198 aperte
1215 5129 1293 5184 robis
1306 5129 1413 5186 ridetur
1426 5129 1593 5202 deprebensa
1619 5133 1703 5202 bans,
1726 5143 1755 5190 et
1780 5149 1906 5204 compra-

251 5220 364 5278 boeresis
387 5219 455 5277 bac.
471 5219 549 5273 docta
572 5216 681 5273 mentiri
701 5231 754 5272 nen
771 5217 863 5289 lingna
877 5217 1054 5286 natumsed
1108 5216 1192 5272 beusa
1205 5217 1300 5288 vulpes
1316 5219 1331 5272 ἢ
1345 5219 1373 5274 St
1390 5235 1444 5276 non
1460 5231 1568 5277 amovet
1582 5221 1717 5287 feminam,
1738 5233 1906 5278 nonamorrt

251 5307 328 5366 rita?
1109 5305 1280 5376 scandalum,
1295 5306 1317 5361 si
1334 5325 1386 5362 nou
1401 5317 1509 5364 amovet
1523 5311 1682 5366 scandalum
1697 5327 1759 5368 ctam
1781 5327 1905 5366 amovere

287 5403 316 5456 5.
330 5399 363 5454 Et
377 5396 592 5470 quidemr-eoem
609 5394 723 5452 racadu
737 5392 823 5452 tieem
848 5393 956 5469 uulpem
984 5395 1055 5451 indi·
1108 5395 1204 5465 possit,
1220 5403 1390 5467 trangressor
1405 5407 1508 5454 tenebar
1526 5399 1681 5474 Erangelii.
1702 5397 1775 5468 Quid
1805 5399 1904 5456 lacttua

289 5525 365 5597 (Μ)
380 5523 498 5596 Quidam
518 5521 627 5580 codices
641 5519 835 5593 simpliciorem
851 5521 993 5578 lectionem
1004 5521 1055 5576 ba-
1143 5521 1221 5595 (228)
1234 5521 1332 5596 Capl
1350 5523 1430 5583 uobis
1449 5527 1483 5582 de
1495 5525 1620 5586 Cobabit.
1636 5525 1699 5584 cler.
1728 5525 1832 5598 Synod.
1859 5525 1903 5580 lii-

253 5596 330 5660 bent,
349 5613 435 5668 quem
463 5609 546 5652 cerua
569 5595 731 5650 hereticus.
747 5591 821 5651 Editi
834 5593 914 5664 primi
933 5601 1053 5650 nostram
1106 5609 1190 5658 caena,
1206 5609 1265 5652 cau.
1282 5598 1298 5650 3
1318 5593 1367 5650 rel.
1383 5613 1442 5668 cap.
1459 5598 1623 5665 intermisit,
1638 5597 1700 5654 dist
1720 5600 1766 5657 tt.
1782 5609 1835 5652 etc.

252 5666 401 5739 prelorunt
414 5682 476 5722 cum
486 5666 546 5721 aliis
558 5666 674 5734 seriptis.
