3950 6350
67 447 116 502 tal
624 441 662 499 ut
680 437 952 513 Qelnaaeestttt
971 441 1086 501 suello
1106 441 1151 502 tt.
1266 487 1272 500 .
1660 451 1713 506 lat

66 570 118 644 git:
135 569 269 644 querenti
283 566 430 635 cultellum,
444 579 525 639 quem
540 573 596 623 nort
610 565 794 623 nemssarinm
812 581 865 637 pu-
878 580 901 661 Α
916 565 1085 638 cupiscentia
1098 575 1127 626 at
1149 568 1303 644 ignorantis
1322 578 1425 632 amun.
1441 573 1515 630 lnaat
1534 575 1610 632 enim
1631 572 1713 634 nous

68 667 115 729 tat,
131 675 187 716 non
201 659 344 726 consentit,
359 658 408 713 sad
422 654 509 728 magis
522 667 623 728 panem
638 653 664 712 ei
682 669 764 728 quem
780 652 865 712 deda-
918 655 995 728 qnasi
1007 672 1024 713 a
1037 665 1143 726 natura,
1164 658 1251 734 magis
1269 667 1360 716 autem
1373 663 1408 714 ab
1424 663 1588 720 antemninio
1603 673 1708 721 naturae

67 757 109 805 rat
133 748 248 823 frangit,
278 749 321 804 val
345 761 394 818 per
420 744 539 816 ιιὶευειιι
566 741 653 800 m
681 741 864 800 ministrorum
917 745 1027 805 affectio
1041 745 1166 820 quedam
1180 747 1301 821 pessima
1314 755 1343 806 et
1356 748 1439 805 libido
1453 749 1579 817 nocendi,
1595 759 1624 807 ut
1638 751 1713 809 inex·

65 838 157 910 frangi
188 836 317 909 praecipit,
338 841 368 891 ut
382 833 448 890 nihil
461 831 508 890 ille
531 831 631 890 babeat
653 831 775 904 periculi,
798 831 865 891 nihil
917 834 1081 908 stiugtubilis
1098 836 1252 894 inveniatur
1269 837 1298 893 in
1315 837 1423 894 niseus
1446 837 1588 894 animabus
1611 838 1713 896 uostris

4 917 7 964 ι
66 927 176 982 laboris.
685 955 689 962 «
751 970 754 978 1
919 924 1027 982 malitiae
1048 925 1203 982 delectatio.
1228 925 1299 995 Quid
1312 941 1378 983 vero
1400 921 1510 998 lougius
1532 942 1548 981 a
1574 926 1713 983 voluntate

104 1021 131 1071 8.
147 1015 230 1070 Porro
246 1010 393 1085 petitiones
414 1010 505 1067 cordis
527 1010 557 1066 iu
582 1011 669 1066 tribus
693 1010 776 1068 orado
795 1025 864 1068 con·
917 1011 1029 1069 divina?
1044 1013 1126 1070 Plane
1145 1015 1229 1071 cbaos
1243 1029 1373 1088 magnum
1386 1013 1458 1070 iuter
1472 1027 1523 1068 nos
1537 1019 1565 1068 et
1578 1011 1651 1068 illam
1664 1011 1714 1066 fir·

4 1107 5 1112 ’
67 1111 150 1166 stare,
167 1117 218 1158 nec
231 1102 311 1160 video
326 1101 391 1173 qnid
406 1099 561 1172 praterille
576 1098 864 1173 electusquisquasibi
915 1089 1019 1158 matum
1033 1103 1117 1158 estin
1132 1103 1182 1158 bac
1199 1109 1296 1175 parte:
1311 1118 1371 1158 cum
1387 1115 1496 1171 nomnen
1515 1116 1578 1156 enm
1596 1100 1715 1156 delectet

4 1185 5 1218 l
68 1193 168 1250 debeat
181 1191 330 1264 postulare.
346 1191 406 1246 lieo
416 1189 529 1261 quidem
539 1189 621 1258 bujns
639 1189 771 1261 temporis
789 1199 862 1258 sunt,
917 1198 1041 1262 prestare
1055 1190 1196 1258 beneficia,
1214 1190 1457 1266 etinqratisnobis
1471 1199 1597 1246 econtra
1611 1203 1714 1260 sugge-

66 1283 95 1339 id
109 1291 151 1338 est
164 1283 237 1338 bona
252 1278 374 1350 eorporis
388 1287 416 1335 et
435 1277 541 1344 animae,
564 1277 672 1333 tertium
695 1293 760 1334 vero
775 1279 863 1335 beati·
917 1271 966 1336 rat‘
983 1279 1090 1338 aileetin
1113 1279 1300 1346 crudelissima
1321 1287 1350 1336 et
1366 1277 1484 1336 innoxiis
1505 1277 1576 1336 velle
1597 1291 1708 1333 nocere.

66 1370 133 1428 tudo
147 1373 259 1426 aetem
272 1367 344 1424 vitae.
368 1369 425 1422 Nec
440 1366 546 1422 mireris
560 1367 633 1438 qnod
647 1366 719 1421 bona
742 1367 864 1436 eorporis
916 1368 986 1425 lline
1014 1369 1104 1425 omnis
1136 1366 1214 1423 radix
1244 1367 1428 1424 amaritudinis
1456 1365 1614 1439 germinat,
1648 1363 1712 1422 binc

66 1473 83 1512 a
100 1457 161 1512 Deo
172 1455 286 1512 dixerim
300 1469 362 1509 esse
383 1453 549 1524 quercuum
570 1453 698 1526 qnoniam
717 1455 778 1524 eins
800 1461 864 1510 sunt
915 1457 1034 1526 invidie,
1056 1458 1119 1514 niun
1139 1456 1333 1524 damnationes,
1357 1456 1421 1512 hine
1443 1455 1633 1536 dissentiones
1648 1452 1711 1526 pnl-

64 1544 216 1616 corporalia
236 1543 338 1609 omnia,
354 1541 425 1597 siam
440 1547 468 1596 at
493 1540 643 1612 spiritualia
667 1542 757 1597 omnia
778 1541 860 1597 bona.
916 1548 1010 1613 luunt,
1035 1547 1098 1602 hine
1120 1547 1265 1603 silveseunt
1285 1546 1443 1602 inimicitiae.
1466 1546 1501 1600 At
1522 1546 1581 1602 bec
1603 1533 1711 1616 quidem

63 1634 105 1690 ,lb
120 1647 153 1688 ee
168 1645 236 1704 ergo
251 1629 399 1702 petendum
414 1637 442 1685 et
455 1628 621 1701 sperandum
631 1629 709 1686 nobis
723 1637 774 1696 est,
788 1630 862 1686 unde
916 1634 1039 1710 germina
1051 1634 1185 1692 virulenta
1199 1633 1311 1707 prasidi
1326 1649 1436 1705 semper
1449 1649 1565 1690 necessa
1580 1641 1623 1688 est
1642 1631 1713 1688 falce

64 1721 200 1794 possimus
220 1720 248 1774 in
268 1719 328 1788 ejus
351 1716 462 1775 servitio
487 1717 644 1774 sustentari.
668 1717 863 1773 Verumtamen
916 1722 1036 1794 Justitiae,
1068 1737 1123 1794 qua
1145 1721 1272 1778 videlicet
1293 1727 1488 1795 extorquemus
1515 1737 1532 1776 a
1558 1721 1648 1788 nobis,
1678 1737 1714 1778 ne

64 1826 114 1882 pro
128 1806 335 1866 necessitatibus
350 1807 448 1864 animae
461 1807 594 1863 orandum
608 1805 689 1862 nobis
703 1812 756 1870 est,
770 1804 863 1862 atlre·
917 1810 960 1868 cui
973 1810 1104 1866 iaciamus
1125 1811 1199 1882 quod
1223 1811 1348 1866 nolumus
1374 1809 1452 1868 nobis
1475 1809 1554 1877 lieri;
1579 1809 1628 1866 sed
1653 1825 1715 1882 qua

65 1898 203 1972 quantine,
220 1903 249 1953 et
271 1895 431 1965 ferventius,
447 1896 475 1951 id
493 1901 536 1952 est
557 1911 607 1966 pro
620 1894 767 1952 obtinenda
776 1893 863 1966 gratie
879 1877 902 1956 Β
917 1900 1042 1958 nolumus
1055 1905 1085 1956 nt
1098 1899 1199 1958 faciam
1212 1898 1291 1957 nobis
1305 1899 1437 1966 homines,
1454 1907 1481 1956 et
1492 1914 1543 1958 uos
1559 1898 1599 1957 ais
1617 1899 1714 1956 eadem

64 1987 126 2052 Dei,
147 1986 299 2060 animeque
321 1984 474 2042 nuribus.
501 1983 545 2041 Sic
564 1990 592 2040 θῑ
612 1997 663 2055 pro
683 1982 738 2038 vitu
762 1987 864 2038 aettrnt
917 1989 1059 2047 laniamus.
1075 1988 1214 2046 limdicari
1228 1995 1386 2046 tamemaut
1399 1987 1542 2060 ensurperi
1556 2005 1572 2044 a
1585 1987 1715 2046 cordibus

65 2082 122 2134 tote
136 2077 238 2148 pietate
253 2080 281 2130 et
295 2079 351 2132 toto
365 2072 445 2132 nobis
454 2073 588 2130 orandum
598 2080 641 2129 est
654 2071 801 2140 desiderio,
817 2070 864 2126 nbi
917 2079 1017 2136 nostris
1030 2076 1141 2135 omnino
1154 2092 1210 2134 nnn
1223 2076 1324 2150 poterit
1337 2075 1449 2142 malitia,
1464 2076 1554 2136 donec
1565 2076 1594 2133 in
1612 2077 1715 2136 mundo

65 2165 193 2222 ninnirnm
209 2165 340 2240 ¹‹torporis
361 2169 391 2220 et
412 2161 509 2220 animae
531 2159 614 2233 plena
637 2167 667 2218 at
686 2159 808 2234 perlecta
830 2159 865 2216 sit
917 2164 1058 2232 fuerimus,
1075 2166 1120 2238 qni
1135 2172 1206 2224 totus
1220 2163 1324 2235 ponitus
1338 2169 1380 2222 est
1392 2165 1422 2220 in
1436 2164 1568 2237 maligno.
1588 2164 1714 2222 Conteri-

64 2253 217 2311 beatitudo.
530 2291 531 2294 κ
918 2263 962 2312 tur
976 2255 1086 2329 quidem
1105 2253 1192 2314 825
1210 2256 1347 2329 serpentis
1369 2261 1460 2328 capnt,
1484 2255 1534 2313 sed
1556 2253 1715 2328 frequenter

100 2347 129 2399 9.
149 2344 180 2398 ln
194 2342 237 2398 bis
258 2355 326 2414 ergo
348 2339 445 2407 tribus,
470 2347 502 2397 ut
518 2336 610 2396 cordis
631 2336 776 2410 petitiones
798 2337 862 2402 sint,
918 2343 1037 2415 experiri
1051 2343 1234 2400 eutaricum
1248 2343 1434 2402 insidiantem.

65 2431 120 2488 tria
134 2431 285 2489 nobissunt
298 2430 480 2487 observanda.
492 2430 562 2485 Nam
577 2435 606 2484 et
619 2425 862 2500 inprimaqnidem
953 2437 980 2491 a.
997 2431 1121 2490 Secundo
1139 2432 1199 2490 loco
1213 2432 1274 2504 ipss
1292 2449 1401 2504 qunque
1428 2432 1612 2505 corruptibilis
1633 2433 1716 2502 buius

64 2519 248 2592 superfluitas,
260 2526 287 2575 et
300 2518 329 2574 in
344 2517 463 2574 secunda
476 2516 631 2589 impuritas,
641 2523 668 2570 et
681 2513 765 2569 elatio
780 2513 864 2570 iuter·
915 2519 1074 2580 infirmitate
1089 2519 1212 2592 eorporis
1227 2519 1422 2592 praepedimur,
1433 2536 1468 2581 ua
1482 2520 1607 2578 volsum
1621 2527 1716 2577 nostra

63 2609 131 2664 dum
151 2610 300 2679 subrepere
321 2608 392 2664 selei
404 2606 431 2662 ill
455 2606 545 2662 teriia.
568 2604 768 2674 Nonnunquam
791 2601 864 2657 enim
917 2608 1018 2666 divinae
1034 2608 1384 2666 valesneohaerm,1t0bis
1406 2609 1541 2681 dqvfflem
1554 2607 1628 2680 quod
1642 2608 1714 2666 mole

65 2696 227 2769 temporalia
242 2695 326 2768 quaeri
344 2695 434 2752 solent
452 2694 486 2750 ad
508 2693 685 2765 voluptatem,
701 2689 816 2746 virtutes
829 2689 864 2744 ad
917 2705 989 2753 stum
1005 2695 1149 2763 sentientis,
1168 2711 1224 2753 non
1239 2702 1330 2767 potest
1351 2712 1406 2754 non
1425 2684 1589 2768 displiceret
1613 2703 1641 2753 et
1655 2695 1714 2754 lra-

63 2785 292 2851 ostentationem
307 2785 356 2841 sen
374 2791 403 2841 er
416 2784 499 2840 viem
518 2789 647 2838 eternam
669 2777 792 2835 nonusis
811 2778 860 2834 ali·
917 2784 1080 2858 quesieris
1092 2783 1134 2839 nis
1148 2783 1273 2841 voluntas
1287 2791 1381 2841 noers
1398 2784 1520 2842 sensns
1537 2783 1652 2841 nemeen
1665 2799 1715 2844 vn-

63 2873 113 2945 qni
126 2885 181 2930 non
196 2872 385 2928 inhumilitate
399 2877 534 2944 quaerunt,
550 2870 599 2926 sed
611 2875 740 2942 tanquam
755 2867 783 2924 in
796 2866 864 2924 lidu-
917 2871 1041 2930 lentate:
1066 2871 1108 2930 cui
1131 2888 1167 2929 ne
1195 2872 1303 2945 penitus
1322 2873 1492 2942 adversetur,
1525 2871 1655 2930 fortitudo
1673 2881 1717 2930 ast

63 2963 106 3018 cia
118 2975 231 3018 suorum
244 2961 411 3016 meritorum.
430 2961 489 3016 Nec
507 2959 559 3014 boo
573 2957 646 3025 dico,
662 2956 728 3029 quin
752 2963 864 3028 accepta
917 2961 997 3019 nobis
1011 2961 1176 3028 nemeaea,
1191 2977 1253 3033 quae
1270 2961 1392 3019 secunda
1410 2961 1517 3033 species
1534 2967 1578 3018 ast
1597 2960 1714 3020 vinetis.

63 3050 154 3126 gratia
166 3049 292 3106 fiduciam
307 3049 391 3105 donat
406 3047 519 3112 orandi;
535 3046 584 3102 sed
598 3059 654 3102 nnn
668 3052 779 3116 oportet
791 3053 821 3102 nt
835 3045 864 3100 in
954 3054 981 3109 a,
997 3051 1054 3106 Nec
1067 3049 1125 3106 selu
1135 3048 1251 3121 impedit
1264 3048 1374 3108 ululatio
1392 3047 1534 3122 corporis:
1550 3047 1666 3120 impedit
1686 3056 1717 3107 at

63 3155 97 3196 aa
120 3137 266 3195 constituat
291 3137 435 3209 quisquam
456 3134 583 3192 fiduciam
606 3133 780 3206 impetrandi.
808 3135 864 3192 lloc
918 3139 1219 3213 concupiscentiaque
1241 3138 1434 3212 multiplicibus
1456 3147 1485 3196 et
1507 3138 1717 3210 inexplebilibus

62 3227 153 3286 solmn
162 3225 307 3286 coulernnt
320 3227 378 3282 haee
393 3225 479 3298 prima
493 3224 588 3298 [atina
607 3224 761 3300 praemissa]
780 3224 862 3294 dona,
879 3183 902 3267 Β
917 3228 1091 3286 distrahimur
1105 3227 1259 3286 desideriis.
1274 3228 1390 3299 Quando
1403 3235 1493 3285 eutem
1507 3227 1608 3299 poterit
1621 3225 1714 3284 antra-

62 3325 93 3374 ut
114 3318 150 3372 ab
173 3331 208 3372 aa
230 3313 423 3372 misericordia
438 3331 499 3386 quae
515 3311 606 3370 tribuit
621 3315 690 3386 baec,
714 3321 862 3387 sperantur
918 3325 1011 3376 emese
1026 3325 1053 3374 et
1066 3317 1173 3390 angulis
1187 3316 1267 3387 plena
1281 3315 1405 3374 voluntas
1418 3315 1444 3372 ai
1457 3315 1528 3372 uniri
1541 3331 1601 3388 qaae
1615 3315 1715 3374 τεειίε-

62 3405 149 3463 etiam
164 3405 304 3478 annpliora.
320 3404 360 3461 Sit
375 3417 443 3477 ergo
456 3403 543 3461 oratio
557 3419 619 3476 quae
633 3418 684 3476 pro
700 3402 862 3476 temporali·
917 3405 985 3461 sima
998 3413 1051 3471 est,
1065 3410 1094 3460 et
1107 3402 1271 3460 omnimodis
1284 3403 1446 3460 indistorta?
1459 3404 1519 3460 llau
1532 3402 1590 3458 mal
1601 3401 1715 3460 Domina

62 3495 115 3550 bns
128 3501 183 3558 est,
197 3493 270 3550 circa
284 3494 355 3550 solas
373 3493 553 3551 necessitates
567 3493 709 3561 restricta;
728 3494 764 3549 sit
777 3494 864 3551 oratio
917 3494 998 3560 Deus,
1015 3491 1078 3565 quia
1092 3491 1212 3563 undique
1227 3490 1291 3547 mibi
1305 3491 1386 3560 bella,
1403 3491 1523 3562 undique
1539 3488 1592 3546 tela
1611 3489 1714 3555 volent,

62 3599 126 3655 qnoe
141 3597 194 3653 pro
207 3579 350 3639 virtutibus
364 3589 407 3638 est
419 3581 527 3650 animae,
543 3581 626 3639 etiam
640 3581 675 3637 ab
693 3584 767 3638 omni
780 3583 865 3654 impu·
917 3582 1037 3654 undique
1047 3579 1176 3652 pericula,
1188 3578 1308 3653 undique
1319 3577 1530 3650 impedimenta!
1542 3578 1713 3649 moneoque

62 3671 147 3728 ritate
170 3671 266 3737 libera,
285 3678 314 3726 et
336 3671 407 3727 circa
430 3670 517 3727 solum
540 3669 740 3742 beneplacitum
762 3671 812 3727 liei
826 3673 866 3729 in·
917 3683 961 3727 me
983 3679 1099 3736 vertam,
1123 3667 1333 3742 nullumquam
1357 3667 1490 3725 securitas
1520 3673 1573 3725 est.
1597 3663 1715 3739 litque

63 3769 158 3832 tenta;
175 3759 256 3817 sites
271 3758 371 3832 quatit
385 3771 434 3832 pro
449 3764 552 3815 aeterm
566 3759 629 3826 vita,
646 3759 760 3815 inomni
777 3761 864 3817 bumi-
917 3757 1046 3824 mulcent,
1062 3759 1090 3814 et
1109 3769 1169 3827 qua
1193 3754 1347 3822 molestent,
1373 3755 1475 3811 timeo:
1499 3761 1527 3812 et
1555 3753 1659 3811 annues
1687 3759 1715 3810 et

62 3849 152 3919 litate,
172 3861 341 3921 presumens
354 3848 389 3903 de
408 3846 466 3903 sola
484 3846 528 3920 (nt
544 3846 659 3921 dignum
677 3848 731 3921 est)
749 3849 864 3906 minera-
918 3843 1041 3911 relectio,
1057 3848 1085 3900 et
1108 3857 1219 3898 somnus
1237 3849 1265 3898 et
1278 3842 1390 3914 vigilia,
1410 3849 1438 3898 et
1451 3841 1530 3899 labor
1554 3852 1583 3898 et
1604 3841 1715 3914 requies

64 3939 141 3995 tione
157 3937 258 3994 divina.
918 3933 1033 3992 nebant
1042 3940 1136 3990 contra
1146 3944 1201 3988 me.
1213 3929 1336 3988 Diuitias
1344 3935 1374 3987 et
1380 3935 1583 4004 paupertatem
1592 3929 1716 3987 nedde-
1830 4007 1833 4012 Δ

371 4022 488 4081 suello
511 4023 558 4082 tt.
918 4025 959 4082 ris
972 4023 1054 4085 mibi,
1069 4025 1129 4077 orat
1143 4018 1253 4090 sapiens
1262 4019 1356 4090 (Pron
1365 4033 1439 4085 xxx,
1454 4022 1495 4086 8):
1508 4017 1637 4074 nimirum
1651 4018 1715 4090 quia

150 4119 188 4174 lta
201 4115 332 4174 otauniae
342 4115 490 4171 Domininn
510 4113 620 4183 (llottla
635 4122 674 4180 ιι,
690 4115 781 4182 u-le.)
917 4110 1062 4182 utrobique
1085 4109 1208 4180 laqueus,
1232 4106 1377 4180 utrobique
1400 4105 1561 4179 pericnlum.
1589 4105 1667 4176 Quod
1692 4105 1715 4162 εἰ

99 4212 127 4266 ι.
152 4203 284 4262 Voluntas
307 4202 429 4267 Domini,
445 4201 551 4267 iratres,
569 4201 719 4274 quaeprius
744 4200 859 4275 angelos
918 4199 1040 4272 reprimit
1059 4195 1239 4268 temperantia
1259 4195 1506 4268 concupiscentiam
1530 4196 1593 4267 (lton
1615 4195 1715 4268 qnippe

61 4294 168 4354 creavit
191 4292 295 4350 uniens
321 4291 444 4359 eosdem,
473 4289 646 4362 postmodum
675 4291 703 4347 in
731 4292 772 4347 eis
793 4290 864 4347 laeta
917 4289 1024 4346 unicum
1043 4286 1072 4342 in
1092 4284 1247 4356 hujusmodi
1272 4285 1422 4342 remedium
1445 4284 1510 4357 est),
1530 4285 1582 4340 erit
1605 4283 1716 4356 quidem

58 4383 166 4441 beavit.
186 4380 261 4437 Sicut
275 4378 349 4436 anim
359 4379 480 4436 Verbum
504 4379 650 4450 quoderat
668 4377 695 4432 in
720 4377 861 4450 principio,
916 4376 980 4434 unio
994 4378 1051 4448 jam
1063 4373 1203 4441 nonnulla,
1215 4373 1265 4430 sed
1275 4374 1355 4444 plena
1369 4373 1496 4430 nouerit.
1513 4370 1620 4430 uincet
1630 4372 1716 4444 epos·

59 4485 177 4529 carnem
196 4467 347 4540 suspiciens
370 4467 477 4536 dicitnr,
501 4473 530 4521 et
544 4481 610 4523 vere
633 4465 742 4531 dieitur,
763 4467 862 4523 lantum
879 4491 902 4574 n
918 4464 989 4522 tolus
1002 4464 1036 4520 de
1051 4477 1081 4519 se
1100 4462 1217 4518 latetur:
1242 4461 1300 4534 Epo
1320 4463 1389 4534 ipse.
1405 4459 1550 4526 alternante
1571 4459 1715 4518 consentio

61 4573 130 4617 caro
143 4557 236 4626 (loom
253 4556 274 4625 1,
292 4559 319 4620 l,
333 4554 399 4627 ll):
414 4555 455 4612 sic
467 4554 593 4612 voluntas
603 4553 647 4609 ille
661 4562 764 4610 aemma
773 4554 801 4609 in
816 4569 864 4611 au·
920 4555 975 4626 lapi
986 4554 1046 4618 oet,
1061 4555 1254 4608 remeantem
1266 4549 1520 4622 euincuntque
1534 4552 1576 4608 ast
1585 4549 1618 4605 in
1628 4563 1717 4606 mnu·

62 4648 128 4722 gelo
143 4644 214 4702 laeta
228 4649 281 4710 est,
296 4658 357 4699 cum
376 4643 527 4715 angelicam
551 4641 663 4699 omnino
676 4642 705 4698 in
724 4655 754 4699 se
768 4643 864 4700 absor-
918 4641 975 4700 bris
989 4643 1057 4698 meis
1072 4641 1161 4710 (Rom.
1172 4639 1273 4704 ustae,
1289 4639 1346 4707 23).
1358 4635 1397 4692 lix
1411 4643 1490 4709 parte
1503 4651 1571 4712 ergo
1585 4635 1714 4701 cobaerat,

63 4735 123 4793 buit
139 4733 317 4792 voluntatem.
334 4731 434 4801 Quidni
446 4732 552 4790 dicatur
566 4732 636 4788 laeta
649 4732 677 4789 in
692 4733 789 4808 angelo
804 4747 865 4789 cum
920 4739 948 4787 et
965 4743 998 4786 er
1018 4735 1097 4800 parte
1111 4727 1235 4794 dissidet,
1250 4726 1340 4782 donec
1362 4725 1455 4781 veniet
1476 4723 1549 4797 quod
1563 4723 1715 4795 perlectum

63 4822 194 4899 angelica
208 4819 352 4876 innuenti
366 4821 430 4876 llaec
445 4821 517 4878 euim
531 4837 636 4878 summa
649 4822 720 4880 illiue
731 4821 866 4878 felicitatis
919 4825 971 4885 est,
986 4823 1014 4873 et
1026 4815 1099 4888 quod
1113 4829 1145 4871 an
1161 4821 1238 4884 parte
1254 4821 1295 4870 est
1309 4819 1466 4872 evacuetur.

63 4920 115 4976 εει,
131 4910 179 4967 hic
192 4907 342 4981 voluptatis
353 4908 473 4966 coelosus
487 4917 605 4984 torrens,
624 4913 697 4984 qnod
715 4912 865 4970 divinave-
954 4907 981 4963 i·
1006 4903 1109 4973 Qutlla
1127 4908 1169 4960 θιῑ
1191 4901 1355 4976 iessufflssfitl.
1375 4917 1457 4976 mam
1478 4909 1505 4959 et
1527 4901 1615 4975 ipsum
1637 4898 1716 4958 nobit

61 5002 156 5059 luntas
172 4998 234 5070 ipsa
247 4997 320 5053 iacta
339 5003 383 5053 est
397 4997 478 5053 etiam
491 5001 671 5076 angelornm:
687 5009 715 5058 ut
735 5001 865 5073 menrad-
918 4994 1063 5070 plurimum
1087 4993 1184 5050 obesse
1208 5006 1264 5047 non
1288 4990 1429 5064 ignoratis.
1454 4989 1515 5061 Quo
1540 4991 1615 5048 enirn
1636 4996 1718 5063 pacto

63 5089 177 5148 modum
193 5085 282 5159 placet
296 5087 357 5142 Deo
371 5085 533 5143 universitas
555 5088 799 5146 administrationis
810 5090 864 5145 bn-
918 5085 1085 5142 voluntatem
1099 5080 1148 5139 Dei
1166 5080 1294 5153 praeviam
1318 5095 1428 5153 sequar,
1445 5079 1492 5137 ubi
1516 5081 1613 5154 ignoro
1632 5075 1717 5135 euml

59 5181 115 5251 jus,
133 5176 174 5232 sie
188 5183 215 5232 et
229 5175 282 5248 ipsi
296 5174 325 5230 in
343 5174 449 5230 nunctis
462 5176 608 5246 gaudeant,
624 5177 653 5234 in
672 5177 797 5234 omnibns
811 5177 863 5234 de·
917 5174 1060 5247 cognosco
1078 5176 1169 5226 antem
1184 5175 1287 5224 tautum
1306 5184 1340 5225 ex
1359 5176 1448 5242 parte,
1468 5175 1497 5226 et
1516 5168 1633 5225 necdum
1648 5166 1718 5221 sient

59 5267 211 5323 lactentur.
229 5265 286 5320 lloc
299 5263 382 5336 igitur
390 5277 509 5336 oramus,
525 5273 556 5322 ut
569 5267 627 5323 baec
641 5265 777 5331 voluntas,
792 5265 861 5322 sicut
918 5261 1044 5334 cognitus
1058 5273 1127 5315 sum.
1142 5259 1290 5328 Propterea
1303 5257 1468 5330 inquirenda
1482 5263 1545 5313 sunt
1560 5255 1639 5311 uobis
1656 5267 1717 5310 cum

59 5354 89 5410 iu
104 5349 264 5409 caelestibus
276 5350 348 5408 lacta
362 5357 405 5408 est
417 5353 560 5420 creaturis,
576 5352 623 5410 liet
637 5353 718 5410 etiam
734 5354 762 5409 in
778 5360 864 5410 terre·
919 5354 992 5411 omni
1010 5351 1144 5411 desiderio
1165 5352 1334 5408 incramenta
1352 5348 1515 5424 prudentie,
1534 5355 1564 5405 ut
1578 5346 1666 5419 magis
1686 5361 1718 5402 ac

61 5443 120 5510 uis3
143 5445 176 5494 nt
197 5437 268 5496 sicut
291 5439 415 5512 angelus,
430 5440 471 5498 sie
484 5448 513 5498 at
535 5443 616 5499 bomo
630 5441 773 5498 adherens
795 5442 864 5511 beo,
918 5440 1004 5515 magis
1020 5445 1112 5497 notam
1125 5438 1205 5495 iaciat
1218 5438 1298 5495 nobis
1312 5433 1568 5496 lienevoluutatem
1583 5451 1672 5504 auem,
1688 5443 1717 5492 ut

63 5543 137 5587 unua
150 5539 213 5582 oum
226 5541 260 5584 ao
279 5527 388 5599 spiritus
398 5529 443 5585 sit
462 5529 521 5586 Sed
534 5531 589 5587 hen
604 5528 662 5586 mel
687 5536 753 5602 quot
771 5529 864 5586 obsta-
918 5533 1034 5588 sciamus
1047 5527 1113 5602 quid
1127 5534 1268 5600 acceptum
1281 5526 1304 5582 si
1318 5527 1356 5583 eit
1365 5525 1439 5583 omni
1455 5523 1650 5600 temperasse
1665 5526 1715 5583 vir·

63 5619 128 5676 culn
139 5624 281 5687 separant,
299 5619 525 5690 qnntprohibent
538 5619 748 5692 impedimental
765 5617 867 5690 obiicit
919 5627 1005 5676 tntum
1028 5615 1235 5684 consummatio,
1264 5615 1386 5690 justitia,
1408 5614 1588 5686 fortitudinis,¹
1604 5622 1714 5688 tempe·

4 5779 5 5786 ἵ
65 5701 495 5779 neminemneminer
511 5707 664 5776 ieiunitas,
686 5707 868 5780 antiocenus
919 5708 1014 5766 raetiae
1033 5711 1065 5767 εἰ
1078 5695 1246 5782 prudentias,
1275 5705 1404 5764 unionem
1427 5698 1502 5763 illam
1525 5714 1580 5763 tam
1607 5703 1714 5764 felicem
