4086 6344
224 417 279 482 ιιι
703 405 1076 478 settumnraeetms
1088 407 1397 476 mtuvttmusrs
1817 417 1872 482 ata

224 547 301 607 stab
314 546 367 602 boc
383 541 509 611 tntejam
526 536 776 595 administreturad
792 537 898 595 laudem
916 544 944 593 et
958 536 1021 610 glo-
1037 549 1060 628 g
1076 535 1228 611 nudasque
1258 537 1287 595 io
1318 554 1402 598 mann
1435 543 1556 616 ipsorum
1591 542 1673 617 dirigi
1702 543 1875 613 ιιιᾱιιιιη,

225 635 292 694 dam
305 629 413 690 Domini
435 626 521 686 nostri
544 625 609 682 iesu
629 623 741 693 christi,
760 625 807 698 qui
826 641 888 682 cum
902 627 980 682 Patre
993 632 1022 680 et
1111 627 1137 680 3.
1153 625 1205 682 Sed
1220 638 1247 685 et
1260 627 1297 686 illi
1310 628 1432 701 spiritus,
1455 633 1502 703 qni
1524 639 1669 705 mannate·
1684 635 1871 701 comantur,

225 719 329 794 Spiritu
342 725 436 776 sanun
450 715 515 774 risit
530 723 557 774 et
569 722 663 790 regnat
685 717 758 773 Dens
771 715 799 772 in
818 715 918 772 secula
933 729 1020 770 saecu-
1074 710 1140 768 dnm
1163 713 1287 772 Crucifixi
1312 719 1397 776 nostri
1420 721 1539 778 diuinam
1557 722 1780 794 omnipotentiam
1807 724 1873 782 nbi·

225 812 324 869 ¹⁰ffim·
337 807 436 866 3¹⁰0ss-
1074 817 1127 874 quc
1154 803 1258 862 lortiter
1290 808 1468 882 attingentem
1500 809 1598 868 intueri
1630 827 1662 870 ac
1693 813 1872 888 magntfims

518 910 635 969 stulto
661 910 727 967 Xlll
1074 889 1252 961 delectantur,
1268 897 1411 954 exturbare
1424 899 1560 956 debellare
1574 902 1772 958 ctdaemcuum
1784 903 1874 960 bonai·

226 1026 388 1088 Dominam
400 1019 490 1088 metio,
505 1035 539 1076 cc
551 1015 772 1100 proprietatibus
784 1020 889 1075 umores
899 1017 1022 1100 angelici
1074 994 1196 1082 ¹¹quoe
1223 985 1372 1086 ⁰⁰¹J¹f⁸fi³⁸
1400 995 1560 1090 miii,
1580 1003 1629 1060 9‘0
1652 991 1695 1046 Μ’
1716 991 1764 1064 (ΨῙ
1783 993 1873 1048 ¹¹¹⁹*

261 1110 327 1165 erpo
346 1097 445 1158 Deum,
461 1092 553 1164 jueta
574 1089 701 1162 angulos
724 1088 889 1160 nupciarum
907 1088 1020 1146 orcanae
1075 1068 1184 1126 dnm
1211 1079 1320 1143 ⁰⁸P¹¹¹¹¹²
1344 1073 1448 1141 θώων
1476 1084 1611 1151 accrptunt
1639 1085 1809 1150 imiimi·
1838 1080 1875 1138 ssi

261 1164 388 1222 distem.
1075 1156 1102 1214 bi
1116 1158 1397 1230 uonnejnstissimam
1412 1163 1875 1242 babentcausam,utdiligaotllo-

264 1257 291 1311 l.
309 1250 404 1310 Adbuc
423 1263 521 1320 sponsa
542 1245 673 1304 amatoria
687 1244 816 1320 loquitur,
831 1245 919 1303 adbuc
932 1244 1022 1320 pergit
1075 1245 1178 1302 minum
1191 1249 1305 1306 iesum?
1319 1251 1388 1307 Sunt
1401 1261 1428 1309 ct
1447 1268 1527 1325 super
1550 1255 1619 1312 istos
1638 1255 1810 1329 principatus,
1826 1261 1875 1332 qni

227 1339 343 1413 amplius
365 1335 494 1410 prosequi
509 1336 605 1394 leudes
627 1334 735 1407 sponsi;
751 1340 780 1392 et
793 1335 907 1407 gratiam
926 1350 1022 1408 prouo-
1075 1334 1163 1407 ipsum
1178 1335 1261 1394 altius
1275 1339 1458 1412 speculantes,
1469 1349 1496 1398 et
1509 1341 1613 1415 liquido
1627 1344 1800 1411 pervidentes
1813 1349 1874 1402 nni·

226 1437 280 1496 cat,
298 1429 363 1486 dnm
390 1433 523 1484 monstrat
544 1441 615 1496 eam,
642 1439 723 1497 quam
749 1424 805 1495 jam
819 1419 969 1496 acceperat,
993 1424 1021 1482 iu
1075 1424 1211 1482 versitatis
1220 1441 1280 1483 esse
1296 1426 1471 1501 principium,
1485 1439 1514 1486 et
1531 1429 1742 1503 primogenitum
1760 1432 1873 1492 am

227 1531 383 1576 umanum
396 1529 451 1572 nou
466 1513 560 1571 inisse.
575 1512 646 1570 Audi
661 1512 760 1569 etenim
780 1512 846 1586 quid
863 1523 955 1570 secnta
969 1513 1021 1568 ad·
1075 1513 1164 1571 omnis
1177 1522 1315 1583 creatora,
1332 1525 1405 1574 unta
1427 1518 1542 1590 muinde
1561 1520 1729 1593 principatus
1741 1523 1874 1596 dignitate

226 1601 614 1681 jungittPreptcrec‚inquit‚
627 1601 1022 1661 Mourmntuloedilcnerunt
1076 1603 1218 1672 donentur,
1241 1612 1272 1662 ut
1295 1604 1396 1680 ubique
1419 1614 1552 1664 terrarum
1566 1609 1687 1668 habeant
1701 1619 1872 1682 potestatem,

229 1699 257 1752 iu
275 1693 507 1761 almuldarum,
524 1689 745 1764 ttQuasidicat
760 1708 768 1746 ι
783 1692 842 1747 Non
857 1691 958 1748 trustra
973 1707 1023 1749 nec
1076 1692 1155 1762 quasi
1181 1692 1344 1752 desummo
1371 1695 1487 1767 quodam
1516 1712 1609 1754 rernm
1631 1697 1751 1763 cardine,
1778 1713 1873 1770 regua,

228 1784 343 1842 inaniter
357 1797 457 1840 nomen
475 1789 550 1840 tuum
573 1780 739 1838 exinanitum
752 1789 836 1846 estc
857 1795 966 1853 sponse,
981 1790 1021 1838 at-
1075 1787 1103 1836 et
1129 1779 1305 1853 principatus,
1334 1792 1360 1838 et
1388 1783 1525 1857 quaslibet
1554 1801 1605 1857 pro
1629 1785 1741 1844 arbitrio
1769 1793 1876 1844 mutare

228 1887 280 1947 qna
297 1870 415 1929 elinsum
438 1870 465 1926 in
485 1870 570 1926 ubera
589 1885 666 1940 mea;
695 1873 835 1940 propterea
858 1867 932 1926 enirn
959 1869 1025 1927 ndo
1046 1873 1105 1952 flet
1131 1869 1255 1926 ordinare
1282 1869 1455 1943 diguitataa3
1490 1889 1539 1946 pro
1571 1889 1742 1947 quorumque
1770 1875 1876 1932 meritis

228 1961 384 2020 lescentulea
401 1959 554 2017 dilexerunt
572 1966 598 2014 tc
612 1957 702 2015 nimis.
719 1958 831 2032 Propter
845 1956 935 2031 quidl
958 1959 1025 2015 Pro-
1079 1957 1165 2014 iacere
1190 1955 1293 2028 primos
1320 1959 1492 2028 nouissimos,
1517 1972 1544 2020 at
1566 1961 1729 2021 nouissimos
1755 1962 1876 2036 primost

229 2057 289 2124 pter
302 2064 399 2107 nomen
409 2047 537 2112 ellusum,
552 2053 578 2105 et
589 2053 697 2119 propter
713 2045 839 2102 uberaex
854 2061 888 2103 eo
904 2047 1024 2117 perlusa.
1079 2045 1214 2117 deponere
1237 2053 1359 2117 potentes
1381 2047 1416 2105 de
1439 2051 1514 2122 sede,
1529 2057 1556 2108 st
1569 2051 1686 2109 exaltare
1700 2051 1825 2109 humiles.
1841 2053 1877 2110 Et

229 2139 295 2195 lude
309 2137 410 2212 qnippe
433 2135 553 2193 excitatas
575 2144 639 2193 sunt
659 2135 687 2190 iu
702 2149 822 2191 amorem
842 2135 946 2207 sponsi,
961 2137 1025 2195 iude
1079 2135 1137 2190 baec
1145 2134 1204 2190 istis
1217 2151 1325 2207 qnoque
1334 2139 1401 2194 ratio
1410 2137 1551 2215 diligendi.
1563 2140 1616 2197 Sed
1627 2139 1744 2214 diligunt
1755 2150 1783 2197 et
1791 2139 1878 2197 domi·

230 2233 404 2300 sumpserunt
437 2234 466 2282 nt
487 2223 613 2302 diligant.
641 2223 746 2297 Sponsa
775 2222 893 2281 inlusum
928 2241 1026 2283 munos
1079 2221 1210 2280 nationes.
1226 2223 1301 2280 Curi
1324 2225 1417 2284 nescio
1442 2227 1508 2299 qnid
1528 2227 1655 2286 subtilius
1676 2227 1876 2303 sublimiusque

229 2313 391 2386 exetptente,
405 2312 458 2369 illc
467 2327 530 2370 moa
545 2327 654 2370 sensere
668 2311 853 2386 fragrantiam,
869 2328 930 2386 qnae
945 2314 1026 2389 longe
1078 2311 1209 2384 indagare
1221 2311 1256 2366 de
1268 2311 1366 2370 Christi
1384 2314 1577 2373 interminabili
1599 2325 1679 2389 atque
1693 2317 1876 2391 irrefragabili

230 2409 344 2460 amatre
360 2399 469 2457 minime
489 2416 549 2456 esse
573 2406 711 2471 putarantt
730 2407 812 2473 atque
835 2399 882 2456 illa
895 2399 1026 2459 enaritate
1079 2399 1231 2466 dominatu,
1247 2399 1372 2458 laudabili
1381 2405 1499 2474 quadam
1510 2405 1720 2479 presumptione
1732 2407 1875 2464 ieruutaar:

231 2489 461 2564 repletaedicunt:
474 2489 665 2548 aasumensi
677 2487 787 2561 dissuasu
798 2492 842 2547 est
855 2489 887 2548 ist
900 2490 1026 2550 madibus
1080 2489 1153 2558 quod
1168 2486 1270 2546 scilicet
1283 2489 1385 2563 ubique
1399 2491 1581 2550 uniuersitatis
1595 2509 1651 2550 nou
1666 2493 1752 2550 solum
1766 2502 1877 2566 potens,

229 2581 334 2639 ababa
343 2595 394 2651 per
409 2579 553 2651 Spiritum
565 2580 708 2647 sunctum,
727 2581 779 2652 qui
792 2579 878 2636 dctus
891 2578 1026 2638 calculis
1079 2577 1129 2634 ssd
1152 2583 1181 2634 st
1202 2592 1334 2649 presens,
1349 2595 1432 2651 supra
1454 2580 1577 2653 intraque
1590 2582 1705 2656 obsequi
1719 2581 1877 2640 mmatne

231 2671 322 2741 (ilcan.
338 2685 366 2734 v,
382 2668 420 2740 b).
431 2668 505 2740 Ergo
519 2666 638 2739 ipsarum
651 2666 822 2724 devotionem
836 2682 939 2740 sponsa
952 2683 1027 2726 com·
1080 2663 1211 2724 voluntati
1235 2681 1292 2722 auae
1317 2681 1414 2723 cursus
1437 2676 1601 2738 temporum,
1617 2679 1706 2728 motus
1719 2683 1876 2740 corporum,

232 2758 361 2816 nandans
389 2775 396 2816 z
423 2756 484 2824 llic,
513 2755 612 2830 inquit,
632 2755 746 2826 fructus,
768 2773 786 2814 o
812 2773 923 2830 sponse,
946 2757 1026 2814 aliusi
1081 2759 1162 2810 nutus
1181 2747 1323 2824 mentium,
1346 2753 1442 2811 ordine
1464 2756 1556 2830 utique
1577 2755 1758 2827 pulcherrimo
1779 2765 1876 2830 cogat3

232 2845 351 2904 nominis
372 2846 422 2914 tui,
446 2846 520 2917 qnod
535 2851 681 2918 propterca
696 2844 905 2904 adolescentula
928 2845 1028 2904 dilexe-
1080 2841 1161 2914 idque
1175 2855 1239 2897 cura
1250 2849 1305 2899 ιιιιι
1319 2841 1406 2916 vigili,
1420 2852 1452 2900 ut
1464 2859 1499 2900 ne
1513 2853 1614 2917 puncto
1628 2845 1736 2918 quidem
1751 2853 1798 2902 aut
1811 2847 1876 2908 iota,

233 2943 296 2991 runt
309 2941 345 2990 tc.
365 2932 488 2990 liliosum
506 2931 638 3005 siquidem
652 2933 783 3001 cendunt,
798 2935 870 3010 qnod
891 2934 1026 3008 integrum
1081 2929 1137 2998 unt,
1154 2938 1183 2986 ut
1197 2928 1305 2996 dicitur,
1321 2931 1420 2988 borum
1438 2933 1561 2990 omnium
1583 2933 1703 2990 debitum
1716 2935 1877 2990 subtrabens

233 3037 333 3096 capere
346 3036 400 3078 nou
419 3021 564 3092 valebant;
582 3029 725 3095 propterea
740 3024 891 3080 dileaerunt
903 3033 940 3082 te.
956 3022 1029 3080 llllu·
1082 3018 1240 3076 iamulatum
1253 3020 1388 3078 ullatenus
1408 3021 1501 3092 liceat3
1517 3035 1600 3094 opera
1622 3029 1711 3078 manen
1726 3031 1779 3078 tam
1793 3022 1876 3088 lucili,

215 3097 282 3168 'sic
301 3108 402 3181 quippe
428 3123 527 3165 nomen
558 3107 621 3166 iacit
647 3109 777 3180 capabile,
805 3119 901 3183 captus
933 3110 1027 3184 lolius,
1082 3115 1113 3164 ut
1135 3108 1312 3164 turbationem
1336 3125 1384 3165 sen
1406 3109 1568 3167 anxietatem
1590 3109 1672 3166 ullam
1696 3109 1808 3167 omuino
1822 3127 1877 3185 gn-

118 3251 121 3258 .
232 3197 350 3271 crptnml
380 3193 514 3263 amabile,
557 3196 605 3252 sed
642 3197 851 3256 adolescentulis
891 3198 1027 3256 duntaxat.
1082 3195 1208 3252 barnator
1229 3210 1283 3251 non
1306 3195 1411 3252 sentim.
1436 3197 1573 3254 intuentes
1586 3211 1652 3270 ergo
1670 3197 1818 3256 manicam
1832 3214 1879 3254 sa·

232 3283 285 3355 Qui
311 3283 466 3357 capaciores
489 3293 554 3342 snut
570 3284 678 3357 integro
700 3283 831 3357 gaudent,
855 3284 942 3343 elluso
973 3302 1028 3344 non
1083 3283 1165 3340 bactb
1181 3292 1327 3341 untacmn
1341 3285 1521 3359 tranquilitate
1534 3286 1625 3344 omnia
1638 3285 1816 3358 iudicantem,
1832 3287 1878 3344 in-

232 3371 363 3448 indigsnt.
1083 3371 1242 3429 tentissime
1264 3371 1483 3445 suavimimmquc
1504 3373 1744 3446 contemplationis
1765 3383 1880 3446 surpere

267 3465 295 3518 i.
323 3461 454 3537 Angelica
481 3469 602 3518 mentera
633 3460 819 3533 irrepercussa
847 3462 945 3520 mentis
972 3463 1030 3518 acie
1084 3459 1179 3532 nimiu,
1201 3459 1248 3516 sed
1263 3471 1370 3518 senmtc
1393 3461 1462 3534 rapti
1487 3463 1516 3519 iu
1534 3462 1600 3519 illud
1623 3462 1720 3521 divinae
1747 3463 1880 3521 claritatis

236 3550 355 3608 intuatur
383 3549 535 3606 diuinorum
554 3547 721 3619 judiciorum
748 3551 878 3620 abyssum
905 3550 1027 3616 multam,
1083 3555 1137 3604 mm
1163 3548 1261 3622 iugens
1287 3549 1411 3624 pelagos,
1440 3549 1572 3625 redpinut
1598 3565 1659 3607 sess
1687 3551 1714 3607 iu
1740 3551 1880 3609 soeretiori

233 3653 347 3712 qnorum
380 3653 492 3695 mammae
524 3638 659 3710 aequitatis
691 3636 823 3694 toettabtti
851 3637 1029 3695 delectatione
1083 3635 1199 3710 quodam
1215 3638 1291 3694 nucea
1304 3637 1502 3710 tranquillitatis
1517 3655 1633 3710 reomau,
1648 3640 1694 3696 ubi
1717 3649 1789 3696 tauta
1812 3657 1881 3713 pace

118 3804 119 3807 Ἴ
234 3728 322 3792 beata,
345 3723 475 3798 glorietur
496 3724 607 3792 insuper
623 3723 733 3780 eltemni
756 3739 788 3780 ca
812 3724 959 3798 mancipari
982 3741 1030 3797 per
1084 3741 1116 3782 ac
1137 3727 1279 3784 aecuritme
1299 3727 1435 3797 fruuntur,
1459 3737 1490 3786 nt
1511 3727 1713 3799 quiescentibus
1736 3728 1814 3798 ipsis,
1830 3743 1880 3799 pro

234 3827 314 3871 sunm
338 3812 525 3880 ministerium,
548 3827 579 3870 ac
602 3812 693 3884 palam
715 3814 798 3886 licri3
829 3822 856 3871 et
887 3821 1029 3886 propterea
1085 3816 1239 3872 maerentia
1261 3815 1459 3888 praerogative,
1482 3825 1610 3889 tanquam
1633 3831 1695 3872 vers
1713 3815 1881 3874 dominatio·

234 3901 324 3974 diligit
349 3901 446 3959 morito
466 3901 609 3958 Dominum
631 3900 780 3957 Cbristum.
806 3904 904 3960 Nonne
922 3917 1027 3968 omncs,
1084 3903 1166 3958 uibus
1180 3905 1334 3960 ministrare
1359 3915 1387 3961 et
1410 3905 1525 3961 militare
1541 3904 1661 3962 videatur
1675 3911 1772 3962 amima
1787 3905 1881 3962 multi·

235 3991 751 4064 stammamtstmtorttspirttoarnnt,
766 3991 1030 4050 missiinmina'etc-
1086 3991 1160 4049 tudo.

234 4083 312 4138 risum
320 4085 436 4154 propior
450 4095 495 4138 eoa
507 4083 555 4156 qtat'
567 4080 765 4138 terminatam
773 4083 894 4155 copiunt
901 4081 1031 4141 solutis?
1120 4082 1147 4135 b.
1163 4080 1193 4135 ln
1208 4078 1311 4137 tbronis
1324 4078 1401 4135 sedet
1414 4079 1497 4135 Deua.
1514 4079 1546 4136 tta
1561 4087 1627 4154 puto
1642 4081 1715 4151 quod
1740 4081 1783 4136 bis
1796 4080 1881 4154 spiri-

235 4170 327 4242 (llclrr.
351 4185 371 4238 t,
388 4170 446 4240 tt.)
461 4170 544 4227 Porro
562 4170 796 4243 arcbangeloslnt
815 4169 967 4242 abaliquo
982 4170 1031 4227 dil·
1086 4169 1159 4226 tibus
1180 4183 1260 4239 supra
1282 4183 1376 4224 munes
1397 4166 1443 4240 qui
1465 4171 1605 4226 memorati
1633 4177 1706 4238 snut,
1731 4177 1758 4226 et
1785 4169 1884 4239 justior

236 4257 368 4314 lemnum
395 4259 429 4314 ab
454 4259 506 4326 bis,
531 4258 577 4330 qni
599 4257 758 4332 simpliciter
781 4259 871 4334 angeli
893 4267 966 4332 sunt,
988 4261 1033 4316 tri-
1085 4271 1177 4321 cansa,
1203 4263 1230 4311 et
1252 4255 1389 4326 copiosior
1414 4255 1451 4312 sit
1476 4256 1588 4312 metens
1610 4256 1750 4331 mligendi.
1774 4257 1882 4314 Etenim

237 4349 364 4420 marnoa)
391 4347 559 4412 mirabiliter,
588 4349 669 4404 orado
697 4347 825 4416 delectat,
858 4348 932 4420 qnod
965 4348 1033 4420 ipsis
1089 4344 1212 4400 siintres
1227 4343 1344 4400 bominis
1359 4345 1433 4416 regis
1445 4344 1630 4417 cujuscunque
1643 4345 1782 4417 palatium,
1793 4361 1885 4402 uonna

236 4451 346 4510 quoqne
372 4443 481 4492 aeterne
504 4434 651 4506 &pientiae
670 4435 791 4493 consiliis
811 4436 970 4493 familiarius
991 4437 1034 4492 ed-
1050 4423 1073 4500 ὓ
1089 4448 1151 4490 cum
1166 4432 1275 4504 planum
1291 4431 1330 4487 sic
1353 4430 1439 4498 sellis,
1453 4432 1580 4500 scamnis,
1594 4433 1792 4506 cutbedn'sque,
1807 4433 1885 4506 regia

239 4527 386 4593 mittuntur,
411 4525 560 4596 eademque
584 4540 633 4598 per
656 4524 733 4596 ipsos
757 4525 826 4582 locis
843 4541 957 4599 quaeque
979 4527 1036 4583 suis
1090 4521 1171 4576 sedes
1193 4521 1220 4574 in
1244 4518 1373 4576 eminenti
1394 4521 1482 4592 posits
1502 4520 1640 4578 cernitur?
1653 4522 1686 4578 Et
1706 4537 1760 4579 non
1778 4531 1822 4578 cat
1835 4537 1883 4576 ne-

238 4619 319 4683 atque
334 4610 502 4684 tempon'bus
513 4627 620 4668 summo
637 4611 823 4668 moderamine
837 4613 1034 4684 dispensantur.
1091 4624 1167 4666 cesse
1182 4623 1303 4678 quaerore
1317 4607 1364 4664 ubi
1378 4623 1426 4664 rcr
1448 4609 1543 4666 sedere
1563 4611 1659 4667 solitus
1681 4610 1716 4666 sit
1731 4627 1739 4666 :
1755 4610 1884 4666 nimirum

239 4701 343 4758 Btbaeo
360 4717 443 4760 causa
461 4699 534 4774 quod
557 4700 675 4774 diligunt
697 4700 844 4757 Dominum
858 4700 995 4758 destum
1010 4711 1038 4757 et
1093 4712 1154 4754 mox
1176 4696 1296 4758 occumit
1318 4697 1455 4754 manifesta
1479 4698 1559 4754 sedes
1580 4700 1651 4770 ejus,
1675 4700 1782 4758 cenna
1805 4699 1887 4758 altior

238 4791 301 4862 ipsi.
325 4791 379 4848 illae
398 4805 507 4864 quoque
527 4789 716 4858 beatitudines,
738 4806 799 4859 qum
820 4793 934 4847 uirtutes
950 4805 983 4846 eu
1002 4805 1036 4847 eo
1091 4787 1263 4859 ornaoorqne
1288 4784 1431 4842 sedilibus.
1460 4787 1505 4844 Sic
1536 4803 1645 4861 quoquc
1672 4791 1746 4846 orani
1777 4787 1887 4846 dmoms

240 4877 351 4934 iorsitan
370 4881 510 4952 appellatae
524 4887 597 4949 sont,
610 4880 684 4952 qnod
697 4879 827 4937 virtutum
843 4893 875 4935 ac
893 4878 1036 4953 prodigio-
1090 4883 1186 4932 oruuu
1197 4872 1301 4931 cunctis
1315 4872 1375 4929 aliis
1387 4875 1563 4944 preeminens
1584 4875 1725 4948 spiritibus
1748 4875 1818 4934 istos
1839 4877 1884 4932 in-

242 4983 303 5024 rum
324 4967 442 5025 occultas
455 4979 657 5043 perpetuasque
675 4983 774 5026 causas
794 4966 865 5024 lelici
879 4966 1036 5024 curiositate
1091 4963 1188 5036 tellige,
1210 4963 1350 5034 inquibus
1372 4962 1482 5036 speciali
1497 4965 1615 5038 quodam
1630 4965 1770 5036 stupendae
1785 4965 1884 5038 digna-

241 5055 330 5112 rimari
352 5070 385 5112 ac
399 5055 491 5113 mirari
514 5056 646 5115 divinitus
663 5054 806 5120 ordinata,
822 5055 911 5126 signa,
926 5071 989 5128 qum
1007 5061 1036 5111 et
1089 5051 1168 5110 donis
1185 5067 1294 5110 munem
1307 5051 1396 5110 diuina
1419 5053 1501 5128 elegit
1524 5053 1641 5111 residms
1655 5054 1790 5125 majestas.
1804 5053 1884 5122 Quod

241 5143 470 5219 qaandcrolunt,
487 5159 521 5201 aa
534 5145 662 5203 omnibns
683 5144 827 5202 elementis
847 5144 927 5200 terris
941 5153 1036 5217 poten-
1088 5141 1111 5198 si
1136 5140 1222 5198 sessio
1245 5139 1380 5216 significat
1402 5143 1604 5215 magisterium
1632 5152 1699 5216 pnto
1726 5142 1813 5212 illum,
1839 5141 1886 5214 qui

240 5245 282 5292 tar
296 5233 461 5291 exhibeant:
476 5240 503 5289 et
517 5233 584 5306 ipsae
597 5232 771 5308 ergoeuiuds
786 5231 1036 5289 uonimmeritoin·
1089 5244 1158 5286 nnus
1171 5235 1212 5285 est
1235 5229 1314 5286 uobis
1336 5231 1463 5303 magister
1486 5232 1515 5288 in
1537 5233 1608 5289 coeio
1632 5239 1661 5290 et
1684 5232 1710 5288 iu
1734 5239 1814 5296 terro,
1836 5231 1886 5286 liei

241 5323 384 5380 ardescunt
397 5321 511 5396 diligero
525 5323 670 5378 morinum
683 5321 820 5385 uirtutum,
836 5327 863 5375 et
877 5319 926 5376 llei
945 5319 1035 5377 uirtu-
1088 5317 1252 5390 Sapientiam
1278 5318 1439 5392 Christum,
1467 5336 1528 5377 cum
1553 5320 1620 5376 alias
1645 5319 1757 5392 quidem
1786 5318 1886 5390 ubique

242 5421 296 5470 tem
309 5411 456 5469 Christum.
467 5410 579 5472 Plenum
591 5409 889 5481 qnippeeslsuauitatis
898 5407 1036 5482 etgratiae,
1090 5407 1203 5480 attingat
1231 5415 1342 5480 propter·
1370 5409 1529 5466 munditiam
1562 5423 1648 5476 mana,
1677 5407 1820 5480 specialius
1848 5415 1888 5462 ta·

241 5501 498 5560 incenaetoncuita
512 5495 1035 5572 sapientiminipsasapicntiaiutuari:
1092 5513 1152 5552 men
1180 5495 1256 5560 istos,
1286 5504 1365 5565 atque
1393 5495 1570 5566 principalius
1598 5505 1723 5568 tanquam
1752 5497 1887 5564 propriam

243 5589 351 5658 plenam
367 5589 544 5646 nibilominus
558 5587 670 5644 bonoria
684 5595 711 5643 et
725 5586 831 5660 gloria,
847 5601 991 5642 causarum
1012 5584 1039 5640 in
1092 5585 1183 5640 sedem
1205 5599 1280 5638 snam
1304 5584 1436 5638 illustrare
1459 5586 1609 5654 praesentia,
1630 5592 1658 5639 et
1679 5584 1742 5640 inde
1757 5592 1887 5654 tanquam

244 5676 294 5736 bet
323 5678 412 5737 verbo
438 5675 653 5736 absconditarum
677 5675 779 5732 mundo
802 5673 965 5746 spectandas
985 5671 1040 5730 mi-
1094 5671 1127 5728 do
1150 5671 1262 5728 solemni
1285 5669 1418 5728 auditorio
1440 5673 1538 5730 dooere
1556 5671 1688 5746 angelum,
1713 5672 1812 5730 docere
1836 5671 1889 5726 bo·
