3996 6350
37 482 72 539 77
609 475 715 537 SUPER
736 475 853 538 ulsstts
872 473 937 532 EST
953 466 1106 528 Houbln'.
1652 477 1688 537 78

38 619 107 670 suo;
134 603 178 661 isc
201 593 264 677 quae
286 603 366 676 jubet
389 602 418 659 in
437 601 590 678 Evangelio
602 601 737 660 Dominus
752 601 844 670 tosus,
852 614 875 694 g
891 595 979 660 iactos
993 601 1034 650 est
1048 594 1184 667 paruulus.
1201 597 1351 668 Parvulos,
1368 601 1415 670 ait,
1434 610 1519 663 nctus
1533 612 1575 664 est
1593 605 1683 676 coba,

38 709 99 766 quae
107 693 187 764 jubet
198 693 226 750 in
239 693 302 767 lege
317 701 345 750 et
356 691 509 766 prophetis,
524 691 672 764 quaelubet
685 707 736 762 per
752 690 833 747 mini-
891 691 918 744 et
930 685 1010 756 [ttius
1023 682 1107 742 dutus
1122 687 1165 742 est
1174 684 1252 743 nobis
1263 686 1340 755 (lsai.
1350 701 1389 759 ιιι,
1401 689 1439 760 6).
1454 691 1548 759 Nobis,
1561 693 1684 766 inquam,

40 789 112 838 stros
130 798 196 838 suos
211 781 257 856 qui
271 781 375 838 suntin
389 768 528 850 Ecclesia3
548 781 709 852 obtempera
723 781 784 850 ejus
798 779 837 835 vi·
892 789 947 830 non
970 773 1031 843 sibi,
1055 772 1102 846 qui
1126 773 1219 846 utique
1235 781 1298 832 ante
1318 783 1439 848 tempora
1462 778 1547 836 multo
1567 783 1685 840 nobilius

40 871 120 927 curiis
134 870 288 944 praepositis
302 870 365 936 tuis,
381 886 437 927 non
447 877 550 926 tantum
561 869 639 928 bonis
653 877 681 927 et
695 869 836 936 modestis,
892 869 972 920 natus
988 879 1022 919 ex
1037 863 1125 929 Patre,
1141 863 1217 919 nasci
1233 864 1420 936 temporaliter
1433 882 1488 922 non
1499 866 1641 942 indigebat
1652 887 1686 927 ex

40 959 89 1015 sed
106 960 188 1016 etiam
202 959 333 1031 dyscolis;
350 964 378 1015 ιι
391 957 467 1016 disce
482 959 516 1014 ab
531 959 590 1032 ipso
599 960 674 1025 iesu,
689 956 753 1031 quia
766 956 839 1014 mitis
892 951 1058 1012 matre.Nou
1072 949 1176 1024 angelis
1186 967 1305 1023 quoque,
1322 952 1378 1026 (itti,
1389 970 1453 1011 tum
1462 969 1590 1029 manum
1605 957 1688 1014 Μιθ-

41 1052 83 1103 est
97 1054 126 1104 ιι
139 1047 247 1118 humilis
261 1047 363 1115 corda;
385 1056 414 1103 et
430 1043 514 1104 us
529 1046 584 1104 eris
598 1046 633 1102 de
648 1047 729 1104 bento
739 1045 839 1123 populo
894 1049 964 1110 rent,
985 1039 1126 1114 parvulum
1144 1055 1200 1096 non
1214 1041 1400 1114 requirebant.
1415 1043 1500 1100 Nobis
1518 1060 1585 1117 ergo
1599 1054 1690 1116 natus,

41 1136 113 1205 ejus,
130 1152 210 1208 quern
225 1134 310 1208 elegit
327 1135 356 1191 in
370 1136 561 1192 haereditatem
574 1135 626 1192 sibi
637 1153 645 1206 ;
658 1137 714 1194 eris
728 1136 762 1191 de
777 1135 839 1190 lau·
894 1130 974 1188 nobis
987 1137 1015 1186 et
1030 1130 1119 1200 datus,
1135 1129 1198 1202 quin
1213 1130 1292 1186 nobis
1306 1133 1487 1188 necessarius.

40 1224 123 1279 debili
132 1225 234 1296 populo
250 1226 321 1295 ejus,
334 1240 416 1296 quem
428 1224 559 1282 Dominus
567 1225 738 1282 exercituum
752 1225 840 1280 bene·
932 1220 966 1274 ti
979 1219 1037 1274 tem
1052 1216 1088 1274 de
1102 1217 1181 1275 nobis
1195 1226 1258 1274 nato
1283 1227 1311 1275 tt
1333 1219 1397 1276 dato
1419 1222 1550 1277 satiamus
1566 1223 1603 1278 td
1618 1221 1692 1294 quod

42 1312 119 1383 dixit,
143 1313 240 1370 dicens
256 1331 263 1368 :
287 1314 360 1387 Opus
375 1330 515 1372 manuum
529 1330 659 1373 mearum
675 1320 708 1371 vu
723 1331 762 1381 es,
781 1314 842 1370 boe-
895 1315 1031 1364 natusest
1046 1308 1176 1364 etdatus.
1194 1309 1305 1364 Utamur
1324 1311 1459 1367 nostruin
1479 1317 1601 1367 nostram
1620 1311 1692 1367 utili-

43 1403 151 1458 reditas
166 1418 230 1458 men
253 1403 340 1459 lsrael
355 1401 431 1475 (lsai.
457 1418 520 1472 xix,
543 1406 614 1470 tit:
640 1403 693 1469 eui,
714 1417 749 1458 ne
772 1401 842 1459 torto
898 1405 990 1465 tatem,
1006 1394 1191 1454 deSaluatove
1206 1397 1321 1453 ιιιιιιιιιι
1335 1413 1491 1470 operemur.
1512 1401 1693 1472 lioveparvu-

45 1490 129 1545 lsrael
145 1489 280 1545 carnalem
295 1488 440 1556 mmuleris,
456 1490 538 1546 etiam
553 1489 734 1546 testimonium
749 1491 843 1561 perhi-
897 1487 939 1544 lus
962 1486 990 1541 in
1012 1485 1102 1542 medio
1127 1483 1262 1540 statuitur.
1287 1485 1310 1542 0
1330 1487 1467 1557 parvulus,
1483 1489 1601 1559 parvulis
1627 1489 1693 1561 [dt.,

46 1579 103 1644 bet,
119 1577 213 1632 dicens
229 1595 235 1633 :
255 1577 390 1650 Populus,
406 1593 490 1650 qoem
512 1595 571 1636 ccc
590 1581 714 1650 vquvvi,
729 1579 845 1637 servivit
898 1573 1036 1649 parvulus]
1051 1573 1236 1630 desideratus!
1250 1574 1273 1631 0
1287 1591 1352 1632 vere
1366 1577 1503 1648 parvulus,
1519 1578 1567 1634 sed
1582 1578 1695 1648 malitia,

43 1667 127 1730 mibi,
138 1667 170 1720 ιιι
184 1665 287 1722 audito
301 1667 381 1723 curis
390 1665 510 1724 obedivit
523 1667 596 1723 mitri
605 1667 693 1738 (Psct.
708 1681 777 1732 xvii,
788 1665 844 1736 ts).
898 1679 954 1721 non
964 1661 1115 1734 sapientiai
1135 1661 1298 1718 Studeamus
1312 1663 1384 1720 effici
1402 1665 1472 1722 sieut
1489 1666 1615 1738 parvulus
1625 1667 1694 1737 iste;

82 1756 127 1812 li.
151 1752 207 1808 Sed
225 1752 368 1810 audiamus
388 1754 455 1826 quid
472 1754 545 1812 idem
564 1753 679 1829 angelus
692 1754 792 1811 sentiat
810 1753 844 1809 de
900 1754 1036 1810 discamus
1049 1752 1084 1807 ab
1097 1751 1168 1824 ipso,
1184 1751 1248 1824 quia
1264 1751 1336 1808 mitis
1355 1758 1397 1808 est
1418 1761 1447 1810 et
1465 1753 1573 1810 humilis
1587 1755 1672 1812 corde
1688 1773 1696 1812 ι

45 1840 103 1910 illo,
119 1840 162 1898 oui
185 1839 303 1898 necdum
326 1849 461 1915 concepto
484 1843 539 1900 tale
557 1842 656 1899 indidit
671 1859 781 1899 nomen.
801 1843 847 1899 dit
900 1857 935 1898 ne
949 1855 1064 1914 maguus
1079 1839 1287 1897 videlicetlieas
1301 1835 1698 1902 sineoausatactussit'homo

46 1946 164 2003 namque
177 1946 184 1984 :
196 1931 247 1987 llio
262 1932 318 1987 erit
330 1947 461 2004 magnvs,
472 1936 500 1990 st
512 1932 605 1990 ditius
615 1932 754 1990 ditissimi
764 1947 845 1989 vocc-
900 1945 1009 2003 pareus,
1029 1945 1064 1986 ne
1077 1929 1162 2000 gratis
1175 1936 1307 1997 mortuus,
1324 1945 1359 1986 ne
1377 1929 1406 1985 in
1419 1945 1534 1988 vacuum
1543 1931 1696 1992 crucifixus.

46 2020 135 2077 bitur.
145 2019 219 2076 Bene
234 2034 359 2092 magnus,
375 2020 422 2093 qui
437 2021 528 2079 Filius
544 2021 681 2080 ditissimi
696 2020 847 2077 merebitur
863 1994 886 2071 Β
901 2019 1043 2074 llisoamus
1065 2019 1125 2088 ojus
1147 2017 1335 2091 bumilitatem,
1354 2017 1492 2076 imitemur
1514 2021 1687 2081 mansuetudi

46 2107 188 2181 appellari.
205 2109 248 2164 dn
262 2122 317 2164 non
332 2124 458 2181 magnus,
470 2111 556 2182 eujus
569 2111 778 2182 redanimationis
787 2125 848 2168 non
904 2123 977 2178 nem,
993 2107 1188 2179 amplectamur
1198 2106 1382 2177 dilectionem,
1398 2109 1699 2183 communicemuspas-

47 2203 92 2254 est
104 2198 192 2268 finis?
207 2197 287 2269 (Psoi
301 2213 392 2268 cmiv,
404 2200 443 2272 3.)
459 2200 703 2273 Ειιιιιιιιιιιιιιιι,
714 2199 764 2268 ιιι,
774 2200 849 2258 suut
904 2197 1036 2265 sionibus,
1046 2198 1169 2254 lavemur
1177 2197 1204 2252 in
1214 2197 1348 2272 sanguine
1357 2200 1426 2270 ejus.
1444 2202 1535 2273 ipsum
1550 2199 1700 2258 atteramus

46 2288 124 2342 Deos
142 2285 460 2357 nostert(Psvt.nxxv1,
477 2291 533 2358 lt.)
547 2288 630 2344 Plane
653 2304 779 2361 magnus,
802 2288 849 2362 qui
905 2286 1124 2359 propitiationem
1140 2287 1320 2359 propeccatis
1334 2289 1587 2362 nostris3quoniam
1601 2289 1699 2347 adhoc
1751 2277 1761 2300 ⁸

50 2383 104 2430 tam
119 2389 246 2448 magnus,
261 2391 343 2449 quam
362 2375 605 2450 ditissimusque
625 2376 726 2449 etipse
742 2374 850 2432 Altlssi·
904 2377 964 2448 ipse
979 2383 1059 2432 natus
1081 2383 1109 2432 et
1128 2375 1207 2431 datus
1229 2383 1272 2431 est
1286 2376 1374 2434 nobis.
1393 2379 1483 2448 Ipsum
1497 2379 1581 2435 oculis
1602 2379 1700 2447 Patris,

49 2480 122 2525 mus.
137 2466 235 2538 Neque
255 2466 327 2522 onim
346 2465 476 2522 ditissimi
491 2465 574 2522 Filius
593 2465 715 2538 rapinam
730 2464 849 2520 arbitra·
904 2466 994 2536 ipsum
1008 2463 1155 2520 otteramno
1169 2472 1198 2519 ιι
1212 2464 1268 2519 suis
1284 2482 1290 2521 :
1307 2464 1369 2536 quia
1380 2473 1408 2521 ιι
1418 2466 1498 2522 Pater
1510 2467 1621 2539 proprio
1635 2467 1703 2524 Filio

50 2553 126 2610 bitur
141 2570 243 2612 essese
257 2554 391 2626 aequalem
405 2554 544 2611 ditissimo
560 2554 694 2628 (Philipp.
706 2567 737 2621 ιι,
748 2554 788 2624 o).
804 2551 851 2609 llle
907 2568 956 2610 suo
966 2567 1022 2608 non
1036 2552 1169 2624 pepercit,
1181 2552 1230 2607 sed
1240 2567 1290 2623 pro
1305 2553 1384 2609 nobis
1403 2554 1514 2610 tradidit
1527 2555 1602 2612 illum
1613 2557 1704 2628 (Rom.

49 2642 151 2699 merito
161 2643 337 2700 arbitrandus
346 2651 389 2700 est
398 2644 532 2718 cogitasse
547 2643 680 2714 rapinam,
692 2641 738 2714 qui
748 2657 808 2698 oum
817 2640 852 2698 do
907 2656 966 2710 eur,
979 2643 1038 2712 32),
1050 2647 1079 2696 et
1088 2640 1148 2710 ipse
1161 2638 1232 2694 tilius
1241 2640 1418 2712 semetipsum
1426 2642 1576 2700 exinanivit
1590 2643 1705 2702 sormam

51 2730 139 2787 nihilo
158 2731 187 2788 in
211 2732 362 2808 angelicam
384 2731 500 2788 tonnam
521 2731 608 2788 lactus
629 2730 733 2796 luisset,
756 2728 853 2786 lectori
909 2730 981 2786 servi
996 2728 1133 2800 accipiens
1148 2728 1281 2800 (Philipp.
1298 2743 1329 2799 n,
1340 2731 1380 2800 7).
1393 2731 1454 2801 lpse
1470 2731 1581 2786 tradidit
1595 2731 1623 2788 in
1636 2749 1706 2790 mor·

51 2835 102 2876 suo
117 2835 149 2877 se
164 2835 338 2894 comparans,
352 2821 493 2892 usurpavit
507 2819 558 2876 sibi
569 2819 641 2891 quod
655 2818 714 2875 Filii
723 2817 854 2874 Altissimi
911 2824 966 2876 tom
979 2818 1097 2873 animam
1112 2831 1200 2888 suam,
1219 2825 1249 2872 et
1261 2832 1322 2873 oum
1337 2817 1477 2875 sceleratis
1492 2827 1632 2891 reputatus
1647 2827 1706 2892 est;

51 2910 195 2981 proprium
207 2914 257 2977 est,
270 2909 316 2982 qui
330 2909 423 2981 atique
437 2909 466 2964 in
478 2907 565 2965 lomna
575 2908 625 2964 lloi
639 2909 783 2965 alleonon
799 2907 855 2963 tao·
911 2914 940 2963 ιι
953 2906 1013 2978 ipsa
1026 2911 1139 2977 peccata
1156 2903 1239 2961 149
1253 2905 1399 2962 multorum
1415 2908 1485 2980 tulit,
1503 2915 1531 2964 et
1550 2925 1600 2982 pro
1615 2917 1708 2969 trans-

53 3005 106 3066 tus,
134 2999 183 3054 sed
201 2997 311 3070 genitus
325 3006 377 3054 est.
401 2996 553 3054 ditissimus
576 2998 649 3053 enim
671 2997 746 3053 Deus
765 2997 853 3064 Pater,
909 2995 1081 3068 gressoribus
1096 2997 1204 3068 rogauit
1225 3001 1255 3051 ut
1278 3011 1333 3052 non
1356 2996 1479 3069 perirent
1495 2999 1560 3069 (isa.
1576 3014 1634 3070 aru,
1651 3004 1709 3074 se).

54 3088 179 3162 quamvis
189 3088 365 3161 omnipotens
379 3086 424 3153 sit,
433 3102 489 3144 non
503 3087 590 3159 potuit
604 3092 696 3142 tamen
705 3087 748 3144 rel
762 3099 855 3158 aequa·
910 3085 971 3142 Non
985 3092 1100 3156 possunt
1115 3085 1205 3156 perire
1220 3101 1269 3157 pro
1284 3085 1384 3161 quibus
1398 3086 1479 3143 Filius
1503 3096 1582 3160 rogat
1605 3105 1640 3146 ue
1659 3106 1712 3162 pe·

54 3179 109 3234 lem
125 3177 178 3233 sibi
193 3177 313 3235 condere
327 3185 490 3244 creaturam,
507 3176 551 3233 vel
564 3175 727 3249 inaequalem
741 3176 856 3249 gignm
911 3181 999 3248 reant,
1024 3195 1074 3250 pro
1095 3180 1194 3252 quibus
1213 3181 1296 3238 Pater
1311 3179 1421 3238 tradidit
1436 3179 1532 3238 Filium
1547 3182 1574 3238 in
1594 3191 1712 3241 mortem

55 3263 152 3319 lilium.
182 3263 259 3320 Fecit
286 3262 379 3334 itaque
407 3261 533 3334 angelum
558 3277 697 3334 magnum,
724 3262 773 3318 sed
801 3278 856 3319 non
911 3276 941 3323 ut
953 3268 1056 3328 vivant.
1076 3269 1225 3342 AEqualiler
1238 3285 1304 3345 ergo
1326 3270 1360 3325 ab
1379 3276 1495 3342 utroque
1518 3273 1656 3346 speranda
1669 3279 1712 3330 est

56 3361 176 3426 quantus
190 3353 250 3425 ipse
267 3371 273 3410 :
291 3357 319 3409 et
333 3351 398 3408 ideo
412 3367 465 3407 nec
477 3351 646 3410 altissimum.
658 3352 751 3409 Solum
766 3360 856 3410 autem
873 3357 896 3436 c
912 3357 1000 3430 venia,
1017 3357 1115 3430 quibus
1127 3359 1240 3432 nequalia
1250 3366 1291 3416 est
1301 3357 1440 3432 inpietate
1452 3358 1647 3430 misericordia,
1663 3377 1713 3433 par

56 3443 244 3518 Unigenitum,
260 3457 342 3515 quern
361 3457 417 3498 non
439 3440 513 3510 iecit,
531 3441 581 3498 sed
603 3442 699 3517 genuit
723 3442 856 3514 Omnipo-
912 3447 941 3502 in
955 3446 1094 3504 voluntate
1118 3450 1250 3520 potentia,
1265 3464 1320 3505 unu
1339 3449 1367 3504 in
1390 3448 1492 3507 deitate
1507 3450 1670 3522 substantia,
1684 3449 1713 3507 in

58 3539 120 3586 tens
143 3531 373 3604 omnipotentem,
397 3531 552 3588 ditissimus
573 3531 742 3598 altissimum,
767 3533 857 3589 AEter·
912 3550 966 3608 qus
989 3552 1058 3594 unus
1081 3551 1143 3593 oum
1162 3538 1202 3595 eis
1226 3538 1341 3611 Spiritus
1356 3545 1470 3594 sanetus
1488 3538 1553 3597 vivit
1574 3545 1602 3597 ιι
1617 3546 1715 3614 regnat

57 3635 109 3676 nus
120 3627 304 3689 coaeternum
316 3621 407 3692 ipsum
416 3619 466 3674 sibi
476 3635 527 3690 per
537 3619 628 3675 omnis
636 3620 797 3691 comparari,
807 3636 859 3678 uec
913 3625 987 3682 Deus
1001 3641 1051 3697 per
1064 3627 1155 3684 omnia
1168 3627 1268 3684 saeonla
1281 3627 1453 3688 saeeulorum.
1470 3631 1569 3685 Amen.

57 3710 185 3781 rapinam
201 3708 329 3776 aestimat,
344 3724 396 3766 neo
409 3707 547 3780 injuriam.
567 3707 653 3764 Recte
668 3723 735 3779 ergo
749 3708 794 3766 hic
808 3709 860 3764 erit
1146 3749 1148 3754 .
1204 3760 1348 3818 nomm
1375 3761 1411 3820 w

15 3829 16 3834 κ
59 3815 186 3871 magnus,
203 3797 250 3870 qui
262 3797 345 3852 Filius
366 3795 498 3855 altissimi
515 3796 665 3853 vocabitur.
905 3843 909 3850 .
1413 3803 1421 3819 ·
1456 3827 1458 3834 =

96 3892 141 3944 13.
158 3887 216 3944 Sed
229 3901 314 3959 quare
330 3885 449 3954 uicerit,
466 3893 494 3941 ιι
508 3900 562 3942 non
577 3886 667 3957 potius
682 3891 724 3942 est
736 3899 861 3958 magnus,
1110 3869 1144 3925 ¹¹²
1162 3871 1229 3930 W·
1249 3885 1312 3943 ΜΡ·
1327 3885 1347 3937 ¹»
1369 3885 1399 3927 V·
1423 3873 1519 3927 ³²³⁸·

60 3977 106 4050 qui
127 3972 393 4048 semperaequoliter
411 3989 536 4046 mugnus,
551 3975 705 4032 nonhabet
721 3989 777 4048 quo
796 3991 861 4032 cre·
952 3986 980 4038 1.
997 3981 1059 4038 lion
1073 3987 1116 4039 est
1126 3982 1250 4052 dubium,
1275 3981 1409 4056 quidquid
1428 3982 1456 4039 in
1479 3981 1604 4041 laudibus
1623 3984 1718 4042 listris

60 4073 130 4132 scat,
151 4079 204 4121 neo
227 4065 316 4135 major
336 4071 400 4136 post
417 4071 578 4135 conceptum
602 4062 708 4120 iuturus
721 4063 766 4132 sit,
781 4081 863 4138 quam
917 4070 1092 4141 proterimus,
1114 4071 1148 4127 ad
1170 4070 1265 4127 Filium
1287 4071 1447 4144 pertinere;
1472 4078 1501 4129 et
1522 4087 1640 4143 rursum,
1656 4077 1717 4130 oum

20 4201 21 4208 ,
63 4160 128 4212 ante
147 4153 192 4211 vel
207 4153 254 4220 sit,
269 4151 314 4210 vel
327 4152 432 4211 luerit?
446 4153 491 4210 ιιι
505 4151 575 4210 torte
592 4159 739 4226 propterea
753 4153 863 4222 dixerit,
918 4158 1014 4215 Filium
1037 4160 1242 4228 honoramus,a
1266 4160 1353 4232 gloria
1367 4159 1460 4216 llatris
1474 4176 1529 4218 non
1552 4162 1721 4228 recedimus

21 4287 22 4300 r
61 4247 129 4316 erit,
145 4244 210 4316 quia
223 4243 270 4316 qui
285 4257 403 4316 magnum
416 4242 491 4299 Deus
506 4251 575 4313 erat,
591 4243 800 4318 magnushomo
820 4244 864 4300 iu·
918 4251 998 4320 Nam,
1014 4251 1039 4307 si
1050 4253 1128 4323 juxta
1141 4252 1326 4322 Salomonem,
1341 4254 1558 4326 Fitivsscpieus
1571 4256 1662 4327 picria
1676 4259 1719 4312 est

63 4332 289 4390 turussitlltene
300 4347 377 4405 ergo,
389 4335 437 4392 llic
447 4333 863 4408 erttmaqnvsblagnusuomo,
918 4343 1010 4418 patris
1025 4342 1119 4414 (Pron.
1132 4358 1156 4408 x,
1175 4341 1218 4416 lt;
1235 4340 1434 4416 quantomagis
1449 4344 1596 4416 gloriosum
1611 4353 1653 4401 est
1666 4357 1722 4401 ma.

23 4441 24 4474 ι
64 4422 303 4498 magnusdoctor,
319 4437 436 4498 magnus
456 4423 660 4494 paphensis
679 4423 753 4479 enim
768 4422 866 4480 dicitur
921 4439 990 4488 trem
1005 4430 1091 4503 ipsius
1104 4430 1175 4488 ellici
1189 4430 1357 4503 Sapionliaet
1372 4431 1427 4488 Sed
1446 4432 1511 4505 quid
1534 4449 1586 4506 ego
1600 4435 1719 4492 tentoin

24 4535 26 4570 z
64 4513 99 4569 de
111 4512 185 4568 eoin
193 4512 342 4586 Evangelio
356 4527 362 4568 :
377 4513 448 4584 ριιιιι
455 4512 594 4586 propbeta
603 4529 723 4586 magnus
737 4516 867 4571 annexit
920 4523 980 4593 ejus
991 4519 1125 4588 laudibus,
1138 4536 1220 4592 quam
1231 4518 1394 4576 laudabilem
1409 4520 1557 4590 praedioant
1567 4523 1717 4594 prophetae.

26 4629 27 4660 ς
65 4605 97 4659 in
109 4602 189 4660 nobis
201 4602 282 4674 (bue.
297 4617 343 4671 ιιι,
359 4603 414 4675 16).
430 4602 596 4659 Etaminorl
606 4604 723 4674 quodam
734 4604 867 4677 propbeta
922 4608 1048 4682 perhibet
1079 4609 1207 4680 angelus,
1235 4619 1327 4666 narrat
1355 4611 1547 4687 evangelista?
1569 4611 1630 4668 Non
1654 4629 1720 4686 ergo

66 4705 185 4763 magam
198 4689 292 4746 itidem
306 4693 439 4763 propheta
449 4698 582 4750 venturus
591 4692 773 4763 promittitur:
786 4697 865 4760 Eece,
883 4730 908 4808 n
922 4701 1014 4766 lando,
1030 4698 1095 4772 quia
1108 4717 1163 4756 non
1175 4701 1279 4771 audeo;
1295 4703 1344 4758 sed
1359 4709 1463 4757 tantum
1477 4701 1578 4774 replico
1593 4705 1720 4772 devotus,

28 4809 29 4840 ι
66 4780 165 4853 inquit,
175 4782 270 4837 veniet
277 4782 553 4854 prophetanimus,
565 4787 593 4840 et
603 4783 662 4855 ipse
672 4783 817 4841 renovabit
826 4786 869 4840 te·
923 4790 996 4863 quod
1010 4791 1066 4860 jam
1077 4789 1220 4861 explicavit
1232 4806 1285 4863 per
1296 4806 1327 4847 os
1340 4791 1516 4866 euangelistae
1529 4792 1646 4864 Spiritus
1655 4810 1722 4850 san-

29 4905 30 4912 ,
68 4869 207 4927 rosoteov.
223 4869 255 4922 Et
277 4874 307 4924 tu
327 4868 478 4941 quidem,o
498 4871 592 4944 Virgo,
610 4873 752 4944 paruulum
766 4874 866 4946 paries,
922 4888 992 4936 ctus.
1009 4879 1138 4951 Sequitur
1152 4895 1281 4952 namque,
1295 4886 1323 4935 et
1338 4878 1399 4938 ait:
1419 4882 1454 4938 Et
1469 4881 1609 4939 dedititii
1626 4885 1723 4943 Domi·

30 4983 32 5020 ι
67 4958 212 5032 parvulum
234 4957 351 5026 nutries,
377 4959 517 5030 parvulum
539 4961 653 5018 lactabis
674 4978 680 5019 :
701 4963 750 5020 sed
774 4964 869 5021 videus
923 4986 978 5027 nus
991 4970 1067 5025 Deus
1081 4969 1722 5046 sedemDavidpctrissvi.llcvbasuntangeli

31 5069 34 5112 ι
68 5048 223 5122 paruulum,
242 5048 333 5123 cogita
348 5063 484 5120 magnum.
500 5051 559 5106 Erit
572 5051 646 5107 enim
660 5069 785 5126 magnus,
805 5049 869 5126 quia
924 5057 959 5115 ad
983 5058 1122 5133 Virginem
1145 5059 1179 5115 de
1202 5059 1335 5131 promisso
1358 5059 1434 5126 Filio,
1451 5061 1633 5132 promittentis
1648 5061 1721 5135 quod

33 5165 35 5202 ι
69 5137 257 5212 magnificabit
267 5154 330 5195 eum
345 5139 419 5196 Deus
432 5139 461 5195 in
475 5149 623 5212 conspectu
637 5158 741 5215 regum,
758 5143 827 5199 adeo
841 5149 871 5200 ut
923 5145 1024 5206 debeat
1036 5146 1178 5219 possidere
1194 5163 1306 5220 regnum
1323 5150 1510 5217 bavidouod
1520 5151 1555 5206 do
1569 5151 1653 5222 stirpe
1669 5151 1723 5204 ba-

34 5253 37 5290 ι
70 5229 189 5284 adorent
199 5243 260 5284 eum
270 5242 368 5285 omnes
380 5244 471 5301 reges,
483 5245 579 5287 omnes
590 5239 690 5305 gentes
704 5231 824 5288 serviant
834 5231 869 5288 ei.
924 5237 968 5294 vid
982 5236 1090 5292 duxerit
1105 5235 1238 5308 originem
1258 5237 1491 5305 Dominusteaus‚
1507 5253 1588 5294 nemo
1607 5237 1721 5293 dubitat.

35 5351 36 5379 r
71 5315 229 5394 blagnilicst
246 5332 314 5389 orgo
333 5325 361 5374 et
384 5318 475 5374 anima
496 5324 542 5375 tua
564 5320 719 5390 Dominum,
740 5323 804 5394 quia
826 5321 872 5378 bic
925 5325 1023 5395 Quaero
1042 5333 1145 5392 eutem,
1159 5326 1296 5396 quomodo
1310 5325 1418 5384 dederit
1432 5329 1544 5384 ellicus
1558 5327 1651 5385 sedern
1666 5327 1724 5384 lta-

36 5431 39 5468 ι
73 5410 130 5464 erit
145 5423 276 5478 maenus,
289 5413 318 5466 et
327 5408 419 5466 Filios
438 5409 579 5467 ditissimi
588 5410 743 5469 vocabitur.
758 5412 873 5482 Magnus
925 5415 970 5473 vid
984 5416 1068 5489 patris
1091 5416 1142 5482 sui,
1157 5431 1218 5470 cum
1242 5416 1301 5488 ipse
1329 5417 1357 5472 in
1378 5416 1530 5472 Jerusalem
1553 5431 1608 5472 non
1623 5432 1725 5488 regne-

37 5511 40 5558 ι
75 5498 137 5571 orit,
155 5496 392 5570 otnragnsiaoiet
406 5497 453 5554 tibi
467 5499 689 5573 quipotensest,
709 5507 737 5556 et
751 5508 873 5559 sanctum
925 5505 1006 5569 verit,
1020 5504 1087 5578 quin
1111 5505 1164 5560 imo
1188 5504 1273 5560 turbis
1297 5523 1358 5563 eum
1380 5505 1535 5563 volentibus
1561 5507 1728 5565 constituere

38 5593 43 5648 ι
76 5591 258 5670 nomenoius.
269 5589 347 5661 Quod
362 5593 435 5650 ιιιιιιι
448 5593 568 5650 sanctius
581 5609 692 5662 nomen,
707 5609 788 5667 quam
802 5593 874 5666 quod
927 5610 1032 5666 regern,
1047 5610 1103 5650 non
1117 5593 1286 5666 acquieverit
1312 5597 1404 5666 (toan.
1419 5611 1458 5663 vs,
1474 5596 1530 5669 15),
1545 5595 1594 5652 sed
1618 5603 1646 5651 et
1664 5603 1728 5653 ante

40 5695 44 5739 ι
77 5681 169 5740 Filius
182 5681 322 5740 ditissimi
343 5684 511 5743 vocabitur?
524 5681 712 5760 Magnificetar
725 5690 754 5741 et
767 5700 783 5740 a
797 5683 875 5742 nobis
928 5683 1024 5742 taciem
1039 5683 1116 5740 Pilati
1126 5691 1289 5757 protestatus
1303 5685 1493 5758 ιιιειιιριιιιιιι
1507 5703 1602 5745 meum
1616 5690 1732 5745 nonest

41 5785 45 5830 ι
77 5771 328 5847 paruulisanugnns
343 5775 489 5848 Dominus,
506 5783 619 5851 quosut
632 5777 735 5835 l'aceret
750 5791 873 5850 magnos,
932 5775 1355 5847 dobvomvndvttvcmunv,
1371 5776 1564 5849 debilemque
1584 5775 1652 5849 quid
1672 5791 1730 5832 ma-
