4150 6348
215 381 270 448 603
694 378 723 442 S.
743 373 1397 440 atmtnottssstrtscmm-vtttadsts
1807 373 1862 438 6⁰!

216 505 401 569 nmmdtcts:
415 505 620 565 convertimini
629 501 666 562 nd
674 521 729 572 me,
740 501 797 576 tilii
806 503 972 574 bominum·
982 509 1011 560 ct
1028 518 1052 597 Α
1069 519 1142 561 mum
1155 502 1264 576 quaidem
1286 517 1387 560 sonans
1400 502 1429 559 in
1443 501 1556 560 surdas
1573 501 1669 559 anime
1684 517 1736 560 von
1754 501 1858 572 divina,

214 599 312 656 iterum
334 591 454 653 elamitas
470 595 805 668 :dmmtcrgreverterm
831 594 1009 663 Sunamitis3
1067 595 1218 662 conturbet,
1239 599 1330 660 terret,
1354 593 1539 666 dijudicatque
1569 610 1576 648 ι
1605 591 1654 648 sed
1675 590 1860 663 conducent

214 683 1008 754 rnrertere,rouertsrc,utintuenmurte(danim,til.
1064 697 1123 739 non
1145 685 1244 742 avertis
1270 698 1374 753 aurem,
1401 681 1528 752 viviticat,
1553 680 1701 755 liquefacit,
1721 680 1859 746 calefacit,

250 775 277 833 i.
292 775 439 847 Propterea
460 775 574 831 obsecro
592 785 648 841 sos,
659 771 836 840 dilectissimi,
853 771 902 846 qui
923 771 1008 828 remi·
1063 770 1203 841 illuminat,
1231 771 1355 827 mundat.
1378 770 1501 843 Denique
1513 776 1541 826 et
1563 769 1642 827 cibus
1656 775 1747 825 noster
1764 777 1818 832 est,
1832 775 1861 825 et

137 904 141 913 ,
215 861 347 922 niscimini
361 863 481 936 Domini,
496 879 530 919 nc
553 863 671 935 taceatis,
686 870 713 919 et
727 878 761 920 ne
783 861 853 919 detis
872 862 1010 920 sitentium
1064 861 1180 938 gladius,
1209 867 1237 917 et
1264 858 1403 926 medicina,
1431 867 1458 916 et
1485 857 1663 928 confirmatio,
1692 865 1720 914 et
1742 857 1861 932 requies,

215 951 261 1010 ei:
277 951 523 1024 audientesjngiter
537 951 601 1024 qnid
615 949 775 1025 loquaturlu
790 950 868 1008 vobis
877 951 1010 1008 Dominus
1063 949 1223 1007 resurrectio
1247 963 1356 1023 quoquo
1383 955 1411 1005 et
1442 947 1639 1005 consommatio
1671 953 1773 1004 nostra.
1803 947 1862 1003 Nec

214 1041 297 1107 neus,
321 1041 449 1112 qnoniam
469 1041 596 1112 loquetur
616 1055 721 1112 pacem.
744 1039 820 1098 Felix
843 1041 958 1112 proinde
982 1050 1010 1097 et
1063 1039 1170 1098 mireris
1179 1038 1252 1110 qnod
1264 1037 1375 1094 verbum
1391 1037 1438 1094 Dei
1450 1038 1590 1109 jamuuuc
1604 1035 1862 1095 inveniatnromnia

215 1131 296 1187 beata
313 1129 413 1200 anima,
430 1145 491 1202 quoe
513 1145 595 1186 venas
613 1127 727 1186 susurrii
748 1128 834 1186 diuini
852 1129 968 1204 percipit
981 1128 1009 1185 iu
1063 1129 1091 1186 in
1114 1129 1239 1185 omnibus
1262 1143 1334 1194 esse,
1354 1134 1484 1198 quantum
1502 1133 1605 1199 spectat
1627 1127 1662 1184 cd
1686 1125 1862 1198 justificatio-

216 1213 332 1286 silentio,
345 1217 501 1290 frequenter
514 1218 616 1275 iterans
630 1217 696 1273 illud
710 1216 861 1274 Samuelis:
878 1219 1008 1298 Loquere,
1062 1232 1124 1274 nean
1141 1233 1149 1272 ι
1164 1215 1296 1290 siquidem
1310 1223 1338 1272 et
1351 1214 1473 1272 tutorum
1488 1215 1629 1272 anomala
1642 1215 1670 1270 in
1684 1214 1813 1271 omnibns
1824 1212 1861 1270 ad

217 1306 345 1372 Domine,
359 1309 428 1380 quin
440 1305 521 1364 audit
539 1323 637 1365 semus
652 1309 718 1364 turta
732 1307 760 1367 tr
773 1307 836 1380 itaq.
853 1320 895 1378 ιιι,
909 1310 946 1374 9).
960 1305 1009 1362 llic
1063 1305 1297 1379 glorificationem.
1315 1303 1414 1362 Audiat
1435 1304 1500 1361 illud
1516 1313 1653 1376 peccator,
1668 1311 1696 1359 et
1714 1303 1860 1362 conturba·

215 1407 281 1464 ergo
297 1393 442 1450 hodiernus
465 1410 553 1451 memo
578 1394 658 1450 tinem
673 1395 797 1466 accipiat,
812 1403 843 1453 ut
865 1395 1009 1452 etiamta·
1063 1394 1137 1450 bitur
1149 1403 1244 1449 uenter
1255 1395 1333 1463 ejus;
1350 1407 1448 1450 esoce
1462 1391 1508 1448 illa
1518 1391 1736 1450 carnatisanima
1749 1398 1861 1450 contre·

216 1481 337 1538 mndbtm
355 1485 433 1540 nobis
456 1483 541 1540 ὓειιιιι
556 1483 629 1541 intus
650 1485 792 1542 audiemus
806 1485 960 1559 loquentem
982 1491 1009 1542 et
1063 1482 1166 1542 miscet.
1185 1481 1282 1539 Omnia
1296 1495 1413 1554 nomque
1425 1481 1516 1539 cordis
1533 1490 1639 1538 secreta
1652 1482 1767 1536 rimator
1779 1487 1863 1553 atque

215 1570 373 1627 suadentem
392 1570 427 1629 de
441 1587 525 1647 regno
545 1587 607 1641 suo,
622 1579 696 1630 tanto
710 1573 802 1631 utilius
825 1582 927 1647 quanto
945 1573 1009 1629 sub·
1063 1571 1192 1642 dijudicat
1206 1585 1298 1628 sermo
1313 1569 1389 1628 uirus
1413 1579 1440 1628 et
1454 1568 1559 1637 efficax,
1573 1569 1695 1627 cordium
1713 1575 1795 1643 atque
1812 1584 1861 1625 co·

215 1655 299 1726 tilius,
318 1675 367 1732 per
391 1661 524 1717 internam
543 1660 646 1720 scilicet
667 1660 880 1733 inspirationem.
907 1661 1023 1735 Siqua
1061 1659 1226 1734 gitationom
1247 1665 1437 1731 perscrutator.
1461 1659 1540 1716 Unde
1559 1666 1586 1714 et
1606 1657 1808 1714 licetmortuns
1831 1657 1861 1712 in

215 1754 305 1803 tamen
330 1749 419 1806 adhuc
442 1749 476 1805 de
494 1749 626 1807 audienda
653 1752 703 1808 hac
725 1749 833 1807 Domini
853 1766 920 1808 voce
948 1750 1008 1822 ipse
1064 1755 1183 1820 peceato,
1201 1747 1224 1803 si
1248 1747 1365 1804 audieris
1387 1761 1481 1804 vocem
1504 1745 1567 1802 Filii
1586 1747 1647 1814 Dei,
1663 1747 1747 1803 aises.
1767 1748 1861 1803 Sermo

215 1837 392 1909 suggesserit,
407 1838 461 1896 atio
482 1855 606 1896 sermone
628 1839 812 1908 tractabimus,
827 1854 863 1896 ne
894 1835 1009 1897 tens
1063 1833 1134 1892 oiim
1163 1852 1244 1906 quem
1277 1835 1407 1910 loquitur,
1437 1835 1549 1906 spiritns
1571 1843 1599 1892 et
1621 1835 1677 1892 vita
1695 1845 1745 1893 est.
1765 1835 1794 1892 Si
1812 1851 1861 1893 cor

216 1927 366 1999 praesertim
380 1929 409 1984 iu
422 1939 475 1985 tam
491 1930 549 1987 otili
563 1945 595 1987 ac
618 1929 754 2001 spirituali
769 1931 891 2001 materia,
908 1939 1010 1988 mentes
1062 1933 1139 1982 tuum
1155 1925 1308 1981 induratum
1322 1935 1373 1995 est,
1399 1932 1533 1981 memento
1557 1917 1703 1998 scripture
1721 1922 1859 1980 elidentis:

216 2023 317 2074 vestras
332 2017 496 2091 longitudine
510 2017 644 2075 sermonis
657 2033 813 2076 oneremus.
1066 2014 1300 2072 Emittetuerbum
1307 2029 1402 2079 mum,
1412 2017 1442 2070 et
1451 2011 1655 2086 liquescentes
1664 2012 1858 2085 (Pantcxnrn,

494 2107 612 2164 SERMO
629 2107 732 2166 XXIV.
1063 2103 1123 2174 18):
1134 2102 1252 2159 etitem:
1264 2102 1370 2159 Animo
1383 2116 1448 2158 mea
1462 2101 1617 2174 liquefacto
1630 2103 1683 2167 eat,
1694 2104 1729 2158 ut
1738 2101 1860 2159 dilectae

352 2199 392 2256 Do
404 2197 563 2273 multipiici
576 2199 706 2256 utilitate
720 2197 798 2256 verbi
809 2199 870 2255 Dei.
1064 2192 1174 2249 monins
1189 2194 1232 2248 eat
1241 2192 1337 2260 (dont.
1349 2207 1375 2247 v.
1391 2191 1430 2262 o).
1447 2189 1476 2246 Si
1490 2190 1597 2262 tepidus
1611 2207 1651 2260 es,
1665 2197 1693 2246 et
1705 2191 1793 2249 evomi
1803 2191 1859 2262 jam

251 2286 278 2343 l.
292 2285 412 2356 Tenetis,
436 2286 533 2358 eredo,
553 2287 779 2360 quemadmodum
801 2287 928 2343 hesterno
951 2303 1010 2344 ser·
1063 2281 1202 2348 formides,
1223 2295 1279 2336 non
1307 2279 1429 2335 discedes
1450 2279 1484 2336 ab
1502 2279 1608 2349 eloquio
1626 2279 1744 2353 ὓοιιιίιιί,
1764 2289 1792 2336 sl
1818 2279 1861 2335 in·

214 2387 297 2430 mone
318 2375 352 2432 da
373 2391 414 2446 ea,
429 2391 490 2449 qcae
513 2376 594 2433 nobis
617 2375 761 2432 admodum
780 2375 932 2432 necessaria
954 2383 1006 2448 est,
1063 2369 1210 2426 flammabit
1225 2375 1269 2436 te;
1286 2369 1349 2440 quia
1363 2367 1505 2442 eloquium
1519 2369 1578 2438 ejus
1591 2367 1857 2441 ignitnmestvalde.

214 2461 377 2521 discretione
399 2464 542 2537 spirituum
561 2464 783 2522 admonuerimus
800 2462 1009 2521 sollicitudinem
1062 2458 1141 2530 Quod
1171 2457 1196 2514 si
1223 2458 1352 2515 tenebras
1380 2457 1542 2530 ignorantie
1568 2457 1685 2532 plangis,
1717 2457 1861 2531 diligenter

213 2558 329 2607 vestram
354 2567 363 2607 ι
392 2557 421 2608 ιιι
449 2562 543 2609 contra
569 2559 718 2610 renenmos
744 2549 878 2622 serpentis
905 2551 1010 2624 antiqui
1063 2546 1860 2622 andiquidloquaturiuteDominusDeus:eteritlurerna

217 2635 322 2709 sibilos,
336 2646 432 2697 contra
445 2639 599 2698 mortiferos
617 2641 714 2698 sirene
733 2649 838 2711 cantus,
853 2655 933 2697 aures
947 2655 1010 2698 cor·
1063 2639 1176 2712 pedibus
1190 2639 1243 2696 tuis
1256 2638 1369 2696 uerbum
1383 2637 1504 2709 Domini,
1528 2644 1555 2694 et
1569 2637 1660 2695 lucem
1674 2638 1778 2696 semitis
1793 2639 1858 2695 tuis.

218 2727 260 2784 dis
272 2727 374 2800 jugiter
386 2729 514 2787 obturare
528 2729 674 2799 studeatis3
689 2739 720 2786 ιιι
734 2745 784 2785 nec
807 2727 933 2802 spiritum
947 2743 1010 2786 car-
1074 2745 1080 2754 ·
1098 2731 1126 2784 3.
1140 2730 1175 2785 Αι
1193 2726 1317 2786 fortassis
1331 2733 1405 2784 tauto
1418 2726 1536 2799 amplius
1547 2726 1633 2798 duim,
1646 2735 1749 2799 quanto
1763 2727 1862 2785 darius

216 2815 259 2872 nis
275 2816 426 2890 loquentem
454 2818 564 2888 mollia,
592 2833 644 2876 nec
670 2817 796 2890 spiritum
822 2819 915 2875 mundi
942 2833 1012 2875 sana
1064 2825 1173 2892 peccata
1199 2817 1279 2874 etiam
1304 2816 1415 2873 minima
1443 2816 1612 2875 illuminatus
1637 2817 1784 2891 agnoscn3
1813 2818 1861 2875 sed

214 2914 418 2980 suggerentem,
434 2922 484 2964 nec
498 2907 624 2980 spiritum
637 2905 764 2978 nequitie
778 2905 898 2962 audiatis
911 2906 1012 2962 immit·
1064 2905 1240 2964 sanctificabit
1268 2913 1295 2962 te
1319 2905 1398 2962 Pater
1424 2905 1453 2962 in
1481 2905 1602 2975 rerimte,
1626 2921 1688 2979 qnae
1706 2914 1750 2963 eat
1766 2907 1862 2979 utique

216 3002 317 3050 ιειιιιιιι
335 2995 538 3064 amaritudines,
554 3004 581 3052 et
604 2993 733 3052 scandala
756 2994 943 3052 seminantem.
959 2995 1012 3053 Sed
1065 3011 1156 3053 sermo
1166 2997 1236 3066 ejus,
1253 3002 1282 3050 ut
1295 2995 1365 3052 inter
1380 2995 1520 3069 apostolos
1533 2995 1626 3052 audire
1639 2995 1769 3054 merearis
1780 3013 1788 3050 ι
1799 2999 1864 3054 inm

215 3083 299 3154 buius
317 3084 469 3156 specialiter
493 3083 605 3141 astutias
627 3099 708 3141 nosse
729 3097 837 3142 neceam
859 3092 916 3155 est,
932 3084 1014 3153 buius
1028 3089 1050 3169 c
1065 3085 1678 3160 uosmundiertisproptcraermonemquem
1686 3087 1866 3144 locutussnm

215 3171 392 3245 cogitationes
415 3189 469 3229 non
493 3174 603 3246 expedit
623 3173 759 3248 ignorare.
777 3172 913 3229 Interdum
938 3174 1011 3230 euim
1064 3177 1138 3236 nobis
1155 3178 1245 3248 (tona.
1258 3192 1303 3246 ιιι,
1318 3177 1357 3246 3).
1368 3177 1428 3230 tam
1439 3189 1574 3233 varocum
1589 3175 1686 3234 laveris
1701 3178 1769 3233 inter
1782 3177 1866 3234 inno·

215 3259 388 3333 transfigurat
412 3275 442 3317 se
456 3261 593 3334 malignus
610 3261 658 3318 ille
681 3269 839 3333 etneqnam
854 3261 964 3333 spiritus
983 3261 1011 3318 in
1063 3273 1156 3326 centes
1174 3280 1271 3322 manus
1295 3273 1356 3321 tuas
1378 3279 1443 3322 ecce
1465 3267 1569 3338 pararit
1588 3265 1617 3321 io
1641 3275 1789 3338 conspectu
1819 3271 1867 3322 tuo

214 3351 344 3423 angeium
361 3349 430 3408 lucis
454 3351 494 3417 (11
512 3353 572 3409 dor.
587 3366 629 3421 xa,
648 3349 703 3423 tt),
718 3359 749 3405 ιιι
769 3350 876 3407 virtutis
899 3351 1012 3407 simula·
1065 3369 1197 3424 mensam,
1226 3361 1255 3410 ut
1286 3369 1342 3410 non
1369 3353 1428 3411 solo
1452 3371 1522 3426 pane
1540 3355 1625 3425 drus,
1651 3353 1699 3412 sed
1727 3371 1761 3413 ex
1789 3355 1866 3412 omni

215 3437 289 3496 tione
302 3440 363 3513 plus
377 3450 484 3498 noceat.
502 3441 556 3498 Sed
571 3449 598 3496 at
611 3449 674 3496 tunc
695 3454 815 3513 quoque,
831 3437 854 3496 si
869 3439 1013 3512 diligenter
1063 3447 1159 3512 aerbo,
1172 3441 1246 3515 quod
1260 3440 1382 3514 procedit
1395 3443 1430 3499 de
1444 3457 1492 3501 ore
1506 3441 1554 3500 Dei
1571 3441 1684 3500 1184
1698 3450 1726 3499 et
1744 3443 1770 3498 in
1784 3442 1865 3501 tarti-

215 3531 390 3601 aduertimns,
405 3546 544 3604 nunqnam
559 3529 610 3586 nisi
624 3529 812 3586 amaritudinis
827 3539 854 3586 et
868 3528 1012 3587 discordiae
1064 3532 1159 3589 urdine
1182 3529 1236 3587 eibi
1246 3530 1321 3587 illins
1335 3545 1429 3588 curras
1442 3529 1517 3587 viam
1532 3532 1718 3588 mandatorum
1728 3531 1798 3601 eius.
1810 3529 1865 3589 Ubi

215 3617 361 3675 seminaria
375 3620 490 3694 spargit.
507 3619 611 3677 Suadet
622 3617 694 3676 enim
709 3617 846 3675 nonniullis
865 3619 1012 3691 singularia
1065 3621 1089 3678 si
1110 3619 1264 3678 considunt
1278 3619 1423 3676 adversum
1438 3627 1463 3675 te
1476 3629 1575 3686 castra,
1595 3627 1621 3677 et
1636 3618 1759 3692 prelium
1775 3627 1863 3676 tenta·

212 3706 319 3777 jejunia
342 3707 476 3780 quaedam,
492 3708 564 3765 unde
588 3707 677 3764 caeteri
700 3705 933 3775 scandalizantem
956 3723 1012 3766 nou
1065 3709 1149 3767 tionis
1172 3707 1298 3782 insurgit,
1327 3708 1421 3780 arripe
1443 3706 1563 3781 gladium
1586 3707 1709 3779 spiritus,
1731 3709 1803 3779 quod
1822 3714 1865 3764 est

214 3794 429 3868 qulajejuninm
442 3797 548 3868 diligat,
564 3799 611 3853 sed
628 3795 834 3870 quiescenduin
852 3795 1011 3854 delectetur.
1064 3800 1179 3857 verbnm
1201 3799 1263 3869 Dei,
1279 3807 1306 3855 et
1329 3797 1357 3853 in
1370 3813 1404 3854 eo
1429 3797 1510 3855 iacile
1534 3795 1722 3869 triumphabis.
1744 3795 1866 3866 Quodsi

215 3885 298 3942 ltutta
320 3901 427 3960 quoquo
449 3887 478 3942 in
498 3887 569 3944 hunc
592 3886 701 3943 modum
726 3885 796 3944 solet
822 3883 932 3957 atiena,
949 3901 1011 3958 que
1065 3885 1145 3958 torte,
1159 3893 1189 3943 ut
1213 3895 1256 3944 est
1277 3885 1434 3943 certaminis
1456 3886 1631 3951 consuetudo,
1651 3885 1795 3959 contigerit
1813 3885 1865 3942 ali·

215 3978 306 4030 ιιιιιθιι
335 3989 352 4028 a
379 3973 470 4030 divine
498 3973 632 4048 sapientia
656 3973 735 4031 iacile
761 3974 959 4042 discernantur,
987 3973 1011 4030 si
1064 3974 1175 4046 quando
1196 3975 1341 4044 vulnerari,
1370 3975 1456 4031 mittet
1478 3975 1590 4032 verbum
1605 3991 1694 4043 snum,
1720 3983 1748 4031 et
1761 3973 1866 4032 sanabit

214 4061 388 4133 apostolicam
413 4063 487 4121 iilam
520 4064 593 4121 beati
619 4063 713 4121 iacobi
743 4062 927 4121 definitionem
956 4079 1011 4137 pre
1065 4071 1103 4133 te,
1118 4073 1145 4120 et
1159 4061 1255 4130 cripiet
1269 4071 1295 4120 ta
1309 4062 1343 4119 de
1356 4061 1558 4122 interitionibus
1571 4065 1625 4120 tuis
1639 4083 1646 4119 ι
1662 4065 1731 4121 ιιιίιι
1751 4073 1777 4122 te
1793 4079 1865 4138 quo-

215 4151 487 4220 contabescamus,
510 4151 557 4225 qni
576 4151 695 4211 divinam
719 4151 876 4210 doecdbens
900 4153 1011 4223 sapien·
1063 4166 1118 4225 qno
1140 4151 1284 4223 impleatur
1306 4151 1380 4222 qued
1394 4153 1432 4208 ait
1454 4151 1594 4224 Centurio,
1621 4155 1700 4224 cnjus
1722 4151 1789 4211 lines
1812 4163 1867 4210 tam

215 4241 289 4310 ιίιιιι,
298 4239 353 4297 ait:
370 4241 520 4316 Sapientia
533 4258 623 4316 qnoen
635 4243 752 4310 Doceat,
763 4242 890 4314 primum
900 4240 1013 4314 maidens
1066 4239 1208 4316 magnifice
1216 4240 1419 4297 commendatur
1431 4257 1439 4297 ι
1450 4243 1580 4310 Domine,
1588 4241 1687 4315 inquit,
1696 4241 1741 4300 dio
1751 4247 1868 4300 natam

214 4329 319 4405 pudico
342 4334 395 4400 eat,
406 4331 506 4389 deinde
527 4331 648 4406 pacifico
671 4330 742 4402 (inc.
766 4345 807 4398 ιιι,
825 4332 879 4398 tr).
895 4327 1012 4386 Omnem
1028 4368 1052 4446 n
1067 4329 1156 4395 cerlo,
1167 4331 1438 4404 etsnnnbiturpucr
1446 4330 1719 4402 meno(ltnttb.rnr,
1731 4333 1868 4399 8).Sedet

215 4426 280 4491 ergo
293 4417 494 4493 cogitationem,
509 4419 536 4475 iu
552 4434 605 4492 qua
621 4421 678 4475 baec
691 4420 745 4475 duo
764 4433 819 4475 non
833 4425 1009 4487 concurrant,
1066 4419 1089 4476 si
1099 4420 1200 4475 titubes
1212 4419 1450 4484 adhuc,coniitere
1463 4427 1490 4476 et
1503 4420 1590 4477 dama
1601 4439 1609 4477 ι
1620 4421 1672 4479 idei
1685 4423 1783 4478 nutem
1797 4437 1868 4494 pene

216 4508 294 4566 aDei
310 4507 443 4582 sapientia
457 4509 571 4565 alienam
586 4523 645 4566 esse
659 4523 714 4565 non
727 4507 846 4564 dubites.
862 4507 931 4563 Eam
945 4521 1011 4565 uero
1064 4511 1137 4567 moti
1145 4513 1216 4565 sunt
1222 4508 1314 4582 pedes,
1329 4523 1400 4581 pene
1410 4509 1573 4582 effoetandi
1585 4527 1695 4582 merens
1704 4509 1762 4567 mei
1774 4507 1864 4579 (Ptol.

215 4615 276 4670 quae
292 4599 389 4673 pudica
412 4599 527 4670 videtur,
542 4614 592 4655 nec
605 4597 642 4654 ad
663 4597 728 4654 vitia
750 4597 832 4656 trahit
848 4605 949 4668 aperte,
963 4597 1012 4653 sed
1065 4599 1210 4668 axnrr,2):
1228 4605 1255 4652 et
1270 4598 1295 4653 in
1309 4597 1399 4654 verbis
1417 4597 1474 4653 suis
1493 4597 1663 4655 confirmabit
1676 4609 1720 4654 te:
1736 4605 1864 4668 utexpe-

216 4685 322 4744 virtutia
342 4688 486 4760 pretendit
512 4687 673 4762 imaginem
698 4695 762 4743 tunc
784 4685 892 4742 demum
915 4702 930 4742 a
953 4687 1012 4743 Dec
1066 4688 1180 4744 rimante
1193 4687 1283 4745 diseas
1303 4685 1431 4760 quoniam
1451 4687 1535 4744 verbo
1550 4687 1657 4742 Domini
1680 4685 1743 4742 coeli
1765 4685 1866 4742 innati

216 4777 325 4832 noveris
354 4793 425 4843 esse,
440 4778 463 4834 si
483 4777 592 4849 pacifica
619 4777 670 4842 sit,
686 4776 708 4831 ai
736 4775 841 4848 praeiati
865 4775 903 4832 tui
931 4785 1013 4848 atquae
1065 4784 1138 4844 sunt,
1152 4783 1179 4833 et
1193 4775 1289 4848 spiritu
1303 4775 1359 4832 oris
1375 4777 1435 4846 ejus
1449 4775 1536 4832 ornaris
1550 4774 1636 4832 vidus
1649 4790 1756 4832 eorum.

218 4863 398 4934 spiritualium
422 4865 534 4923 fratrum
554 4867 721 4940 approbatur
740 4864 862 4936 judieio;
883 4863 1013 4938 qnoniam
1103 4869 1128 4924 t.
1153 4867 1183 4923 lu
1206 4867 1250 4922 bis
1271 4873 1352 4938 atque
1374 4865 1531 4935 hujusmodl
1549 4881 1703 4938 persevera,
1720 4865 1749 4921 in
1767 4865 1867 4921 talibus

217 4968 271 5009 non
286 4951 366 5008 iaciat
378 4954 512 5012 Dominus
527 4955 601 5012 Deus
615 4955 739 5022 verbum,
753 4954 826 5028 qnod
838 4968 893 5011 non
909 4955 1013 5011 revela·
1066 4955 1172 5030 jugiter
1195 4969 1331 5022 exercerc,
1354 4955 1441 5014 donec
1461 4956 1517 5027 jam
1538 4953 1610 5010 dicat
1632 4953 1762 5027 Spiritus,
1776 4960 1808 5011 ut
1822 4969 1868 5009 re-

217 5041 286 5099 verit
300 5041 386 5099 servis
399 5043 466 5098 suis.
1067 5045 1194 5118 quiesces
1217 5061 1233 5100 a
1256 5043 1395 5101 laboribus
1421 5043 1486 5101 tuis.
1508 5043 1538 5099 ln
1561 5043 1612 5100 boc
1639 5045 1723 5101 verbo
1746 5043 1871 5118 quiesces

253 5135 279 5189 i.
309 5129 416 5203 Quanta
443 5147 508 5190 vero
532 5132 691 5206 devotione,
720 5143 820 5204 quanta
845 5131 1012 5201 humilitate,
1068 5133 1195 5202 dulciter,
1219 5149 1250 5192 ae
1272 5133 1390 5192 suaviter
1403 5133 1588 5206 soporaberis,
1603 5133 1777 5190 donecsenit
1791 5133 1870 5205 bora,

217 5234 316 5294 quanta
344 5219 525 5278 sollicitudine
560 5221 688 5294 cogitatio
712 5223 829 5280 salubris
858 5236 912 5280 roo
939 5220 1016 5277 aliter
1069 5237 1240 5281 cumomues
1254 5224 1340 5297 quiin
1357 5223 1539 5279 monumentis
1560 5230 1633 5290 snut,
1650 5224 1871 5280 andimtvoeem

218 5326 297 5382 quam
319 5311 418 5368 divine
440 5308 606 5385 dignationis
624 5327 715 5369 sermo
738 5311 840 5384 suscipi
863 5309 974 5375 debeat,
988 5315 1015 5366 ct
1069 5313 1139 5383 eius,
1160 5320 1189 5368 et
1205 5313 1363 5384 procedent.
1387 5311 1441 5368 Sed
1459 5314 1535 5384 quoi
1557 5309 1611 5367 dlii
1627 5310 1736 5384 quidem
1751 5311 1777 5367 in
1792 5311 1870 5383 judi-

219 5399 344 5456 besteruo
359 5415 485 5458 sennone
504 5403 601 5474 partim
623 5401 680 5473 iarn
696 5401 822 5470 diximus,
838 5411 864 5458 et
883 5399 1015 5458 hodierno
1069 5401 1152 5469 cium,
1167 5401 1212 5458 alii
1226 5415 1289 5458 vero
1304 5404 1332 5458 in
1349 5401 1430 5458 uitam
1445 5411 1582 5458 eternam.
1604 5401 1639 5456 Et
1652 5401 1714 5473 quis
1728 5401 1779 5456 scit
1792 5399 1816 5456 si
1828 5408 1870 5456 est

220 5487 396 5548 nihilominus
414 5490 553 5563 aliquanto
572 5490 652 5550 latins
666 5493 829 5564 persuadere
847 5489 1014 5548 conabimur.
1069 5489 1168 5562 digrus
1181 5506 1273 5547 amore
1294 5489 1338 5548 vel
1358 5489 1442 5548 odio?
1464 5491 1539 5548 Tunc
1553 5489 1669 5545 maxime
1691 5497 1867 5546 memoresto

222 5577 446 5652 Deatienimqui
461 5579 713 5639 andiuntucrbum
732 5583 792 5651 Det,
806 5583 834 5640 et
848 5578 1015 5637 munnae
1070 5576 1144 5634 verbi
1164 5579 1204 5636 tui
1230 5595 1308 5636 aereo
1338 5587 1394 5646 too,
1424 5579 1549 5652 Domine,
1577 5579 1605 5634 in
1628 5593 1684 5652 quo
1703 5579 1770 5635 mihi
1787 5595 1865 5650 spem

220 5665 294 5726 iilud
314 5665 391 5738 (Luc.
406 5681 446 5736 xa,
463 5669 520 5739 ιδ).
534 5667 623 5726 linitis
636 5683 717 5728 norae
741 5675 821 5743 qnam
842 5667 938 5726 bentii
954 5665 1016 5723 Pri·
1069 5667 1179 5737 dedisti,
1193 5667 1422 5727 ntairanditione
1436 5669 1506 5726 mala
1520 5669 1691 5728 nontimaanr
1706 5667 1773 5729 :sed
1787 5669 1865 5726 baete
