4064 6344
124 427 194 486 ravo
749 417 1146 484 staueuasmmunct.
1700 433 1772 498 1070

121 552 162 608 eis
176 549 243 606 odor
265 548 326 604 vitae
340 547 373 607 ad
390 547 472 604 vitam
487 563 549 606 esse
568 545 711 617 inciperet.
730 543 836 602 idcirco
855 558 922 618 ergo
937 557 962 638 Α
976 559 1029 616 que
1040 543 1196 616 opinionem
1207 557 1338 620 spargunt
1354 551 1429 608 :sive
1443 554 1515 621 cuod
1531 553 1619 624 palam
1631 556 1771 618 factasunt

121 638 230 694 dedisse
251 637 364 694 oderam
388 649 441 690 non
461 635 597 692 immerito
618 633 780 700 referuntur,
799 632 847 704 qui
867 648 920 687 non
976 633 1075 688 arundo
1091 635 1197 690 oracula
1207 643 1233 690 et
1242 638 1422 696 revelationes
1436 641 1557 711 Petrum,
1576 654 1605 702 et
1617 646 1646 703 iu
1660 663 1771 706 omnem

124 743 199 784 suam
221 725 345 800 gloriam,
360 726 409 780 sed
432 723 548 779 aliorum
570 722 605 778 de
628 738 677 779 sua
700 725 770 780 bena
792 721 921 794 opinione
976 728 1076 776 terram
1084 722 1164 778 exivit
1175 723 1775 805 odoratuseorum‚dicentedpost0103fleni-

124 815 257 886 quaesiere
277 813 401 870 salutem.
417 811 544 884 Alioquin
559 819 684 883 poterant
698 826 773 868 more
788 826 921 882 quorum·
974 812 1046 878 secie
1056 829 1193 882 mapsam
1207 816 1370 885 coepissetis
1380 825 1774 895 suoromeefempoodmoaf-

124 900 187 956 dam
214 911 347 972 quaestum
383 900 517 957 aestimare
545 901 681 972 pietatem,
710 899 788 958 verbi
823 899 918 972 gratia,
976 900 1116 969 sesteford
1136 909 1175 958 est
1192 903 1224 956 ire
1239 919 1334 972 carrae,
1345 907 1596 976 jtrsfr'ficofomesi
1611 913 1774 985 inspicite,

125 990 320 1056 ostentationis,
343 991 485 1048 mercedis.
510 991 547 1046 at
573 991 645 1046 istud
678 996 750 1048 esset
777 1005 830 1048 non
857 991 922 1046 dare
977 991 1776 1068 opposcitampelia,prcedt'eotomestpentimte‚eredt'irtm

127 1077 249 1149 odorem,
266 1078 314 1132 sed
328 1079 455 1136 vendere.
471 1080 551 1136 Nunc
568 1095 633 1136 vero
651 1080 715 1151 quia
729 1079 820 1136 omnia
833 1093 881 1132 sua
895 1077 923 1132 iu
984 1082 1024 1133 est
1035 1077 1153 1144 moade,
1168 1085 1348 1154 assumptum
1366 1085 1445 1140 ertia
1455 1084 1701 1156 plortoutimm,
1719 1091 1774 1162 lo).

126 1165 257 1222 charitate
273 1166 416 1240 faciebant,
432 1184 487 1225 nen
505 1171 586 1242 plane
605 1170 786 1228 vendiderunt
799 1168 923 1238 odorem,
1013 1171 1039 1224 9.
1068 1167 1164 1226 Mirum
1192 1185 1267 1237 varo,
1283 1170 1306 1228 si
1326 1187 1377 1230 nee
1394 1173 1471 1244 fieris,
1488 1191 1538 1234 nec
1552 1177 1636 1234 vioeae
1651 1179 1709 1234 istae
1723 1179 1775 1235 ali-

126 1257 171 1312 sed
188 1256 328 1316 drtlerant.
979 1257 1043 1328 quid
1059 1257 1239 1330 habentquod
1256 1277 1344 1318 rueres
1359 1263 1484 1322 aedificet.
1508 1267 1567 1337 Ego
1589 1269 1661 1324 huno
1684 1268 1777 1324 locum

160 1347 187 1402 7.
204 1345 337 1402 Caeterum
351 1345 373 1400 si
388 1345 473 1403 vineae
488 1347 593 1416 animae,
610 1348 661 1404 llos
682 1362 763 1420 epus,
779 1348 848 1404 odor
862 1347 924 1420 opi·
979 1345 1095 1404 arbitror
1113 1363 1173 1404 esse
1194 1356 1220 1404 et
1240 1351 1378 1407 moralem.
1402 1355 1468 1410 Dice
1483 1363 1572 1412 autem
1589 1372 1637 1426 par
1661 1357 1776 1431 gratiam

126 1433 370 1494 ntoestrtructus
393 1435 476 1506 quidl
497 1437 717 1508 Martyriumllt
741 1453 803 1494 vere
822 1437 926 1494 fructus
979 1433 1028 1488 Dei
1063 1450 1123 1506 quae
1152 1433 1179 1490 in
1212 1437 1292 1494 nobis
1333 1447 1398 1509 est,
1430 1451 1456 1497 et
1498 1443 1563 1500 ficus
1590 1460 1639 1501 nos
1666 1446 1776 1518 habere,

126 1521 198 1588 vitis,
218 1523 330 1596 sanguis
345 1530 386 1578 est
400 1525 534 1595 martyris.
555 1526 625 1580 Com
639 1526 756 1592 dederit,
774 1526 870 1596 inquit,
882 1527 925 1582 di·
980 1521 1116 1581 elviuets.
1149 1525 1225 1582 Ficus
1241 1527 1361 1598 quidem,
1391 1530 1441 1602 qui
1476 1533 1618 1589 suaviores
1645 1533 1674 1590 in
1690 1535 1775 1592 mori-

128 1611 207 1668 lectr's
230 1614 450 1680 eodemmodern,
475 1629 535 1670 ecee
559 1613 711 1670 hereditas
732 1617 846 1672 Dornioi
859 1617 925 1684 filii,
981 1609 1032 1664 bus
1047 1620 1127 1676 sunm
1160 1612 1252 1670 vineas
1278 1630 1354 1684 vero,
1387 1617 1435 1688 qui
1467 1619 1566 1692 spiritu
1588 1619 1776 1682 ferventiores.

126 1702 927 1775 mercessroetoreeormslesotcxxvmaat.Properas·
983 1694 1078 1753 Omnia
1105 1699 1152 1768 qui
1180 1717 1210 1754 se
1241 1702 1309 1757 inter
1344 1718 1395 1759 nes
1418 1709 1597 1766 communiter
1628 1712 1777 1768 socialiter-

128 1787 192 1844 dum
206 1788 347 1857 dixissem,
362 1789 465 1846 fructus
481 1792 554 1847 vitis,
569 1790 669 1858 Quidni
691 1792 851 1866 sanguinein
866 1810 925 1848 uvae
945 1800 1035 1909 flqlle
1050 1785 1116 1855 agit,
1132 1793 1158 1842 dd
1188 1803 1242 1844 noll
1267 1793 1354 1846 Solum
1380 1793 1438 1849 Sine
1466 1798 1576 1866 querela
1602 1809 1777 1858 convssl'flltilll'

129 1875 247 1932 dixerim
265 1877 488 1944 meracissimum,
505 1880 666 1951 sanguinem
690 1880 849 1950 innocentis,
864 1897 926 1938 san.
982 1874 1050 1930 iuter
1063 1873 1171 1944 iratres,
1193 1878 1238 1932 sed
1254 1887 1281 1932 et
1304 1881 1390 1936 multe
1410 1898 1471 1937 cum
1490 1887 1619 1944 suavitate
1633 1887 1777 1944 fruendum

131 1963 241 2034 guinem
262 1965 357 2020 lusti?
382 1965 481 2033 Quidni
501 1975 618 2022 mustum
643 1969 752 2032 rubens,
770 1971 926 2038 probarum,
982 1977 1011 2016 se
1026 1961 1151 2018 omnibus
1165 1964 1268 2034 praebet
1281 1965 1308 2020 iu
1323 1969 1398 2024 omui
1416 1970 1507 2026 officio
1521 1974 1668 2044 charitatis,
1683 1975 1777 2046 quidni

132 2050 292 2122 preciosum,
307 2052 387 2122 pians
411 2054 445 2106 de
468 2053 547 2108 vinea
561 2055 663 2108 sorech
688 2053 780 2125 [affl
797 2055 929 2127 sor-echi,
983 2047 1058 2104 illum
1083 2050 1170 2107 vicem
1197 2068 1278 2125 agere
1307 2055 1373 2110 licus
1390 2059 1643 2118 convenientissime
1666 2062 1777 2118 dicam?

136 2139 262 2196 torculari
285 2141 421 2211 passionis
433 2144 613 2208 expressum?
630 2145 753 2216 Denique
767 2144 927 2216 pretiosam
983 2135 1034 2204 Qui
1050 2147 1140 2194 lamen
1150 2156 1260 2212 8f0850⁸
1273 2157 1337 2198 θυοδ
1347 2143 1422 2216 prius
1445 2148 1593 2218 imulerit,
1617 2149 1777 2219 ptojttcett'l·

134 2237 280 2298 oerrspeotu
288 2227 394 2284 Domini
406 2245 478 2286 tnors
488 2240 641 2286 sanctorum
651 2234 711 2302 eius
719 2233 878 2302 (Pschoxv,
889 2235 918 2306 a)
983 2240 1037 2295 flue
1053 2232 1170 2298 oportet,
1188 2226 1312 2286 timorem
1332 2231 1425 2303 utique
1445 2234 1552 2304 judicii,
1567 2251 1648 2308 quem
1659 2236 1779 2306 perfecta

134 2315 195 2372 ttae
210 2332 261 2387 pro
283 2332 315 2371 ee
334 2318 407 2387 quod
420 2318 519 2374 dictum
544 2326 595 2384 cat,
609 2319 703 2376 vineas
719 2319 848 2376 florentes
862 2323 930 2378 edo·
984 2315 1100 2372 charitas
1114 2313 1190 2372 fores
1210 2317 1308 2385 mittit3
1325 2325 1351 2373 et
1373 2322 1578 2378 amaritudinem
1598 2334 1778 2394 peccatorum,

133 2420 189 2458 rem
204 2404 319 2461 dedisse.
985 2419 1045 2472 que
1060 2420 1131 2458 verae
1146 2403 1312 2462 confessioni
1327 2415 1353 2463 et
1367 2408 1494 2466 infusioni
1505 2411 1781 2483 gratiaemrelrrarum-

167 2497 193 2548 8.
211 2493 249 2547 lta
263 2494 285 2548 si
302 2493 334 2548 od
352 2502 473 2564 tempora
493 2494 588 2567 gretie
604 2496 675 2552 lruuc
696 2497 783 2552 locum
799 2496 931 2568 respicere
985 2507 1039 2563 que
1057 2491 1210 2564 profusioni
1234 2494 1411 2567 lacrymarum
1431 2502 1508 2556 cedat
1532 2517 1640 2558 necesse
1654 2511 1706 2570 est,
1726 2519 1780 2560 ota·

133 2581 269 2646 malimus,
285 2589 330 2638 aut
344 2582 368 2636 si
384 2581 470 2653 placet
485 2586 571 2654 aragia
586 2584 682 2640 referri
704 2586 739 2640 ad
755 2587 846 2642 Patres
859 2587 932 2656 (nem
987 2591 1097 2654 teraque
1113 2582 1185 2652 talia,
1201 2580 1284 2641 instar
1297 2602 1457 2658 grossorum
1484 2589 1631 2659 preeuntis
1648 2591 1781 2650 fructuum

133 2669 210 2726 vinea
222 2668 330 2726 Domini
344 2672 458 2726 sabaoth
478 2673 576 2728 domus
589 2673 672 2728 lsrael
693 2685 735 2729 est
757 2675 834 2744 (lsai.
849 2692 875 2742 v,
891 2675 930 2744 f),
987 2669 1166 2727 suavitatem:
1183 2689 1242 2740 true
1257 2687 1305 2730 vos
1318 2689 1426 2748 quoque
1440 2692 1488 2749 per
1507 2680 1684 2752 vosmetipsos
1702 2681 1782 2752 eogi-

133 2758 185 2814 erit
199 2775 295 2814 sensus
311 2776 318 2815 ε
335 2759 468 2816 Christum
484 2760 511 2818 iu
530 2776 610 2818 earne
629 2761 794 2818 naseiturum
809 2771 835 2820 et
848 2763 932 2818 mori·
986 2768 1043 2816 tare
1057 2760 1178 2831 potestis.

135 2857 227 2902 turum
241 2849 424 2904 odoraverunt
436 2851 577 2921 prophete
591 2858 620 2906 et
634 2850 803 2923 portaretis,
819 2851 866 2908 sed
878 2867 933 2908 aon
1025 2851 1068 2905 lo.
1084 2851 1119 2906 Ut
1134 2857 1223 2906 amen
1237 2852 1325 2910 adhue
1337 2868 1390 2925 ego
1404 2855 1504 2927 aliquid
1518 2857 1641 2927 adjiciam
1654 2861 1688 2914 de
1708 2861 1784 2932 ejus-

133 2934 269 2992 dederunt
296 2943 361 2992 tuuc
384 2937 510 2994 eumdem
534 2939 646 2994 odorem
673 2955 768 3010 suum,
789 2941 852 3012 quis
879 2955 933 2996 nou
989 2937 1065 2994 modi
1081 2937 1156 3008 quod
1178 2939 1304 3008 occurrit,
1317 2939 1406 2999 videte
1422 2959 1455 2999 ne
1471 2944 1632 3002 torteetiam
1647 2947 1786 3002 lraecinter

135 3025 322 3082 exhibuerunt
334 3025 362 3080 in
376 3027 594 3100 earne,quemin
608 3028 706 3099 spiritu
720 3037 932 3100 presenserunt.
989 3041 1102 3098 grossos
1122 3027 1244 3096 deputari
1270 3029 1385 3097 possint,
1415 3031 1538 3098 scientia,
1555 3036 1705 3105 prophetia,
1730 3035 1785 3089 lia·

135 3115 196 3170 Non
223 3113 355 3170 dederunt
378 3116 493 3172 odorem·
513 3133 604 3183 suum,
627 3133 679 3174 nes
696 3128 828 3176 secretum
855 3135 932 3174 suum
988 3130 1049 3188 guae
1064 3113 1225 3185 similiaque.
1241 3115 1344 3172 Etenim
1369 3117 1420 3174 ista
1449 3135 1524 3175 more
1539 3136 1699 3193 grossorum
1717 3123 1785 3178 defi-

136 3203 351 3276 publicavarunt,
375 3214 563 3279 exspectantes
587 3218 616 3263 ut
642 3209 810 3266 revelaretur
832 3209 861 3264 in
884 3225 934 3266 sue
950 3175 973 3252 c
990 3203 1171 3268 emanabant,
1185 3211 1212 3258 vt
1225 3206 1321 3260 cedere
1337 3208 1503 3277 melioribus,
1515 3211 1620 3267 dicente
1644 3211 1785 3282 Apostolo,

136 3299 267 3364 tempore.
283 3293 352 3362 Quis
368 3309 433 3350 saue
448 3302 513 3351 tune
531 3303 641 3366 caperet
654 3296 811 3368 sapientiam
828 3298 856 3352 in
874 3315 936 3369 my·
990 3292 1053 3363 quta
1063 3299 1089 3348 et
1099 3295 1220 3349 scientio
1230 3295 1404 3364 destruetor,
1419 3305 1446 3352 et
1451 3299 1606 3370 propltett'oe
1616 3301 1789 3357 evacuabun-

136 3381 218 3437 sterio
244 3382 442 3452 absconditam,
458 3383 486 3438 in
509 3399 623 3454 corpere
642 3400 697 3441 nen
711 3386 880 3442 exhttiram‘t
899 3387 937 3441 lta
991 3386 1050 3450 tor,
1064 3389 1089 3436 et
1105 3381 1209 3452 limpore
1223 3384 1376 3440 cessabant.
1389 3383 1485 3440 Fidem
1494 3401 1604 3457 queque
1613 3387 1700 3458 ipsam
1709 3387 1789 3454 intel·

135 3470 223 3526 vineae
248 3477 310 3526 tuno
333 3471 445 3542 quidem
470 3486 526 3527 non
549 3471 681 3528 dederunt
704 3473 818 3528 odorem
846 3490 935 3534 suum.
991 3469 1077 3523 laetus
1091 3468 1224 3537 excludet,
1239 3469 1352 3541 speique
1370 3473 1496 3528 succedat
1520 3472 1589 3529 visio
1613 3489 1722 3530 necesse
1736 3485 1786 3531 est.

135 3559 272 3614 Dederunt
296 3566 386 3614 nutent
411 3568 513 3630 postea,
534 3576 596 3618 oum
620 3577 667 3631 per
685 3562 872 3618 successiones
886 3581 936 3635 gs·
991 3555 1069 3624 Quod
1084 3557 1156 3612 enim
1171 3557 1245 3612 videt
1259 3559 1533 3631 quiaquidsperat‘i
1548 3563 1614 3618 Sola
1636 3578 1695 3619 aaa
1708 3565 1789 3620 eooi-

133 3646 303 3708 nerationum
332 3655 490 3704 nascentum
518 3663 551 3703 ex
580 3663 609 3702 se
634 3649 770 3704 Christum
789 3650 935 3706 secundum
991 3645 1034 3700 dit
1057 3644 1186 3702 charitas
1209 3645 1285 3717 (Cor.
1306 3663 1367 3717 ιιιιι,
1390 3647 1429 3720 8),
1446 3649 1493 3704 sed
1516 3649 1714 3722 illaquaDeus
1733 3659 1789 3706 tote

134 3749 244 3789 carnem
273 3742 354 3806 partu
390 3734 518 3806 virginee
548 3735 656 3792 saeculis
682 3737 833 3796 ediderunt.
862 3742 937 3796 Tunc
991 3734 1083 3799 corde,
1105 3733 1787 3812 totaarrima,totavirtutadtligituraue.mil).

132 3823 223 3892 plane,
237 3823 357 3896 inquam,
373 3823 530 3894 spirituales
548 3824 602 3880 illae
617 3825 700 3882 vineae
722 3827 936 3884 dederuntodo-
992 3822 1055 3876 Μθῡ
1076 3821 1147 3878 hanc
1177 3821 1288 3877 minime
1307 3825 1412 3894 8¹¹⁰⁸⁸l⁵
1431 3826 1678 3894 mllffleffllefifflr
1690 3840 1726 3883 ¹¹0
1754 3826 1789 3880 ill

132 3927 196 3967 rem
218 3927 310 3982 suum,
325 3927 395 3968 cum*
411 3914 536 3983 apparuit
559 3915 714 3987 benignitas
737 3924 765 3971 et
786 3918 938 3974 humanitas
993 3909 1072 3965 licum
1088 3909 1197 3980 quidem
1210 3909 1325 3966 dixerim
1343 3912 1487 3982 pertinere,
1507 3911 1789 3970 scutarinensium

132 3998 287 4054 salvatoris
297 3999 384 4056 nostri
399 4000 448 4055 Dei
464 4003 531 4073 (Tit.
548 4017 590 4070 ιιι,
609 4005 665 4076 d.);
681 4011 709 4060 et
721 4003 803 4076 ooepit
815 4021 937 4077 proesea-
992 3997 1039 4070 qui
1049 3997 1135 4053 vineae
1149 4003 1221 4066 suut,
1237 3998 1390 4056 severiores
1405 3997 1493 4070 nebu,
1508 4013 1588 4070 quam
1603 3999 1742 4058 suaviores
1760 4016 1790 4056 sa

135 4097 190 4143 tem
214 4087 312 4144 habere
337 4089 466 4158 mundus,
490 4107 571 4162 quem
593 4094 669 4163 pauci
688 4093 776 4150 adhuc
798 4095 937 4150 absentem
991 4088 1128 4153 exlriltent,
1156 4086 1185 4142 in
1211 4087 1308 4158 spiritu
1340 4088 1491 4144 vehementi
1519 4095 1642 4160 agentes,
1671 4090 1789 4146 salamas

137 4182 345 4246 praesenserant.
362 4176 410 4232 Vir
432 4177 486 4249 illa,
507 4179 580 4236 verbi
600 4196 690 4246 causa,
707 4181 754 4252 qui
777 4182 859 4238 laceb
881 4195 937 4238 tan·
993 4191 1041 4247 pro
1056 4175 1209 4248 disciplina,
1224 4177 1287 4232 vitia
1303 4176 1433 4235 acerrime
1448 4176 1633 4249 corripientes,
1665 4186 1788 4249 aptantes

135 4279 217 4336 gens,
233 4270 260 4318 et
277 4264 412 4320 Christum
428 4267 570 4323 sentiens:
587 4271 668 4341 Eece,
688 4269 783 4340 inquit,
799 4269 866 4326 odor
882 4269 938 4338 fita·
992 4263 1045 4321 sibi
1071 4265 1314 4336 congruentissime
1330 4279 1424 4324 vocem
1440 4265 1513 4322 illam
1524 4284 1533 4322 t
1545 4267 1642 4324 Nersae
1658 4269 1707 4340 qai
1719 4267 1786 4324 ede-

136 4355 195 4408 mee'
208 4354 282 4410 sicud
302 4353 369 4410 odor
382 4357 446 4426 apri
465 4357 553 4428 pleni,
568 4360 616 4414 cot'
639 4358 783 4415 benedixit
800 4360 936 4416 mimicus
992 4358 1063 4412 tutat
1075 4359 1102 4410 te
1117 4357 1244 4422 Domina,
1255 4355 1382 4426 oderam,
1397 4357 1656 4428 etsoperirtimieos
1670 4363 1733 4414 tvos
1748 4362 1789 4413 to-

137 4442 220 4510 (Gert.
236 4457 323 4507 axvtt,
340 4441 401 4513 et);
419 4458 482 4498 cunt
497 4445 549 4500 lroc
563 4443 681 4514 dicebat,
698 4445 812 4500 habebat
825 4447 936 4502 delicias
993 4443 1157 4502 desectam?
1167 4445 1255 4515 (Psoi.
1270 4446 1554 4517 cxxxvrrr,21.)ltem
1569 4463 1577 4502 t
1590 4448 1672 4505 Zelos
1689 4447 1788 4506 domas

135 4545 201 4586 suas
216 4529 278 4598 sibi,
295 4546 345 4586 nac
366 4532 492 4602 cuiquam
511 4531 572 4588 illas
590 4535 815 4590 communicabat.
834 4536 869 4590 ltt
891 4535 936 4591 ubi
953 4521 977 4600 D
997 4535 1056 4588 fote
1079 4532 1254 4588 comoditate
1269 4534 1354 4602 terat.
1371 4548 1468 4600 uxvtu,
1490 4535 1588 4606 follit
1601 4535 1667 4590 milri
1680 4535 1787 4605 quidam

136 4617 211 4675 veuit
224 4618 367 4690 plenitudo
382 4619 561 4692 temperiem
575 4636 630 4694 quo
649 4619 761 4679 1414
775 4621 847 4678 misit
860 4623 937 4680 Deus
995 4621 1034 4676 rlli
1049 4622 1076 4676 in
1090 4621 1235 4676 dilectione
1241 4621 1412 4692 proximiisti
1420 4623 1449 4678 ia
1458 4622 1605 4680 dilectione
1612 4623 1660 4680 Dei
1668 4624 1786 4680 eminere

136 4706 234 4762 Filium
254 4723 332 4762 suum
353 4707 453 4762 factum
476 4725 508 4764 ex
532 4710 654 4780 muliere,
675 4710 775 4766 factum
796 4713 936 4785 sublege,
995 4708 1133 4766 videntur.
1154 4709 1208 4766 Sed
1223 4705 1288 4766 libet
1303 4726 1415 4781 pausare
1429 4712 1480 4768 sub
1500 4712 1549 4768 luae
1563 4713 1618 4770 vite
1631 4722 1658 4770 et
1671 4715 1721 4769 aub
1735 4713 1787 4769 hac

137 4803 228 4852 utens
241 4797 287 4866 qui
302 4797 352 4852 sub
367 4795 428 4871 lege
443 4806 522 4854 erant
532 4798 674 4856 redimeret
684 4801 791 4872 (Codri.
806 4817 845 4868 tv,
857 4802 883 4871 l,
895 4804 935 4872 5);
992 4799 1055 4865 lieu,
1071 4799 1119 4854 ubi
1129 4798 1180 4854 Dei
1198 4797 1367 4870 proximique
1384 4800 1526 4859 obumbrat
1545 4800 1664 4860 dilectio.
1678 4801 1786 4859 Utram-

138 4891 202 4940 tuno
222 4899 335 4955 prorsus
357 4886 436 4952 oder,
459 4887 507 4958 dui
534 4887 563 4942 in
591 4888 639 4945 illo
668 4900 733 4957 erut,
754 4907 814 4946 sese
838 4890 938 4962 ubique
993 4905 1046 4958 que
1070 4895 1148 4944 teneo
1176 4903 1237 4945 oum
1253 4893 1279 4944 ta
1300 4904 1373 4955 amo,
1392 4888 1508 4946 Domine
1522 4891 1586 4948 tesn
1601 4891 1716 4958 Christe,
1740 4891 1786 4963 qul

138 4973 249 5044 sparsit,
265 4975 333 5028 adeo
348 4982 409 5030 uta
428 4973 526 5030 fustibus
543 4985 619 5032 terrac
638 4977 729 5049 ipsum
747 4982 863 5035 sentiens
879 4981 937 5036 ola·
992 4993 1070 5033 meus
1087 4976 1224 5047 proximus
1238 4993 1278 5047 ea,
1293 4977 1513 5049 quoniamhomo
1532 4995 1572 5048 es,
1587 4991 1615 5036 et
1628 4981 1715 5037 fecisti
1729 4996 1786 5036 rne-

138 5069 221 5116 murel
236 5062 378 5120 Ecclesia:
395 5063 493 5120 Oleum
508 5068 634 5136 effusores
648 5083 750 5126 nemea
766 5072 848 5126 loom
859 5089 868 5126 :
878 5086 940 5126 cur·
993 5083 1053 5122 cum
1070 5065 1282 5122 misericordiam
1300 5077 1348 5135 ;et
1364 5068 1538 5126 nihilominus
1552 5087 1582 5126 es
1600 5087 1681 5141 super
1697 5071 1787 5126 omnia

137 5163 282 5224 carentque
297 5152 508 5208 adolescentulae
533 5157 560 5210 in
575 5156 660 5213 odore
679 5157 733 5212 elei
749 5157 827 5230 liujus
841 5161 937 5228 (Comi.
996 5159 1070 5212 Deus
1083 5155 1238 5212 benedictus
1252 5155 1280 5208 itt
1294 5159 1503 5214 secutatmen.

137 5253 159 5310 1,
183 5242 210 5310 f,
235 5239 273 5310 3).
289 5241 326 5298 lta
352 5240 405 5297 ista
424 5242 502 5298 vinea
520 5243 592 5298 derit
613 5245 723 5301 odorent
748 5263 837 5313 suurn,
862 5257 889 5304 et
907 5265 938 5304 eo
1286 5281 1401 5337 SERMO
1428 5283 1497 5336 LXI·

137 5327 941 5406 temporisdederurrtetoaeterae,irrquibusliioipseodor
998 5369 1135 5438 Quomodo
1151 5372 1395 5444 Ecclesiarepmt
1413 5372 1527 5428 divitias
1549 5373 1651 5429 divim
1674 5372 1788 5428 misen..

137 5418 200 5473 vitae
215 5418 363 5472 exstiterat.
379 5417 479 5486 Quidni
504 5423 646 5492 dederunt,
663 5441 678 5480 e
697 5425 795 5492 auibus
818 5426 939 5484 Clrristus
1029 5441 1173 5500 commen
1182 5445 1526 5512 sprflmfmpuwupmmm
1538 5443 1790 5513 campiatdgsor.

138 5504 288 5561 secuudum
304 5508 435 5560 caruem?
449 5508 557 5564 Dictum
572 5519 614 5565 est
628 5511 716 5585 itaque
731 5515 821 5569 vineas
834 5514 940 5571 dedisse
1032 5515 1158 5570 titudine
1181 5519 1343 5588 martyram
1358 5531 1443 5586 qoam
1459 5515 1598 5572 oClrrt'ste
1612 5518 1789 5587 receperunt.

139 5593 264 5665 odorem,
281 5593 337 5650 sive
352 5595 415 5666 quia
433 5595 525 5654 fideles
548 5599 647 5656 ortunae
660 5602 758 5658 bonam
779 5604 814 5660 de
830 5621 858 5659 se
878 5605 938 5660 ubi·
1033 5606 1164 5676 adorco
1178 5603 1265 5674 (aad),
1282 5605 1375 5660 amieo
1396 5618 1469 5669 meo,
1484 5620 1587 5676 sponso
1600 5620 1673 5670 omo,
1688 5609 1717 5660 ef
1730 5607 1792 5660 cerri

177 5692 252 5764 (220)
269 5692 301 5746 ln
323 5693 439 5766 vulgatis
460 5695 569 5753 additur
592 5716 722 5772 propero,
738 5702 809 5774 quod
829 5703 944 5760 verbum
957 5703 1037 5764 deest
1054 5701 1248 5772 manuscriptis
1261 5709 1288 5758 et
1303 5700 1395 5774 primis
1404 5701 1494 5758 editis.
