4086 6344
148 442 201 504 stt
790 441 960 504 sunnonis
974 443 1009 508 IN
1027 445 1176 510 utullus.
1738 452 1791 514 818

149 567 299 626 secundum
306 565 942 647 corneizuostdenumpacpuumecoodtiit
958 573 1045 664 “qni
1063 571 1146 643 intus,
1165 581 1192 632 et
1210 574 1244 631 sb
1258 574 1301 632 his
1319 576 1367 650 qui
1382 576 1449 634 toris
1467 584 1538 636 sunt.
1555 579 1656 653 llabcs,
1670 577 1792 654 iuquam,

149 658 301 726 Dominus,
324 661 564 734 preparationem
588 661 681 720 cordis
708 677 808 720 eorum
832 660 945 719 audivit
999 661 1267 730 imminentioris
1290 671 1446 736 unguenta3
1464 664 1590 740 quoniam
1611 668 1720 741 quidem
1737 683 1793 725 nott

93 757 95 760 ·
148 749 230 806 esuris
253 749 405 806 tuelPsui.
421 765 462 820 tx,
488 751 543 821 ll).
566 749 702 807 Attendite
723 749 945 808 etrosrobisin
999 760 1091 810 essent
1104 767 1174 824 quos
1187 753 1256 808 lacte
1271 751 1406 821 reficeres,
1421 755 1445 809 si
1455 769 1505 812 nos
1525 755 1598 828 prius
1611 757 1694 813 odore
1707 764 1793 816 uttre-

148 836 227 893 omni
248 836 320 904 loco,
344 836 460 895 scientes
483 837 609 911 quoniam
627 839 720 895 omnia
748 847 839 896 vestre
861 840 943 906 notit,
1000 844 1088 897 heres.
1108 841 1178 898 Sane
1192 841 1281 898 dehis
1299 841 1454 916 unguentis,
1468 843 1568 914 siquid
1581 845 1692 919 dignum
1704 851 1794 905 consi-

138 933 275 984 scrutsns
290 927 372 984 corde
387 935 414 985 et
435 943 514 986 renes
535 928 619 995 heus,
634 930 680 1000 qni
696 929 773 985 tinnit
791 928 945 1000 singillatim
999 930 1138 988 deraticne
1160 932 1323 999 commeant,
1347 929 1482 989 videbitur
1505 940 1566 1003 post
1584 933 1651 1000 haec,
1671 950 1731 991 cum
1760 952 1794 992 eo

148 1019 233 1072 eorda
245 1025 344 1080 restra,
354 1023 381 1071 et
391 1016 514 1092 intelligit
525 1017 617 1073 omnis
630 1033 713 1089 opere
727 1025 828 1077 vestre.
842 1018 946 1090 Sponsa
1000 1028 1108 1077 rentum
1123 1020 1213 1092 inerit,
1228 1021 1272 1077 uhi
1284 1021 1348 1078 dicit
1361 1021 1388 1076 iu
1400 1020 1626 1093 moseqaencbus
1642 1041 1648 1074 :
1666 1025 1697 1080 ln
1712 1025 1795 1084 odore

148 1119 217 1178 ergo
240 1118 369 1175 sponsum
390 1104 487 1161 edesse
510 1106 687 1178 persentiens,
713 1107 829 1164 substitit
853 1107 947 1180 (pudet
1000 1116 1214 1186 unquentorum
1225 1117 1342 1171 tuorum
1356 1127 1505 1170 curremus
1518 1115 1612 1182 (dunt.
1628 1128 1647 1183 t,
1664 1112 1701 1186 3).
1716 1114 1795 1173 Nune

148 1192 223 1249 enirn
233 1193 453 1263 presumptionis
462 1193 490 1250 in
501 1196 795 1266 quasedeprehcosam
811 1197 945 1269 intelligit,
999 1205 1075 1275 juxte
1104 1205 1267 1278 promissum
1299 1210 1421 1260 nostrum
1444 1203 1503 1259 haec
1529 1202 1587 1274 ipsa
1616 1204 1707 1273 verba,
1733 1219 1795 1275 quae

149 1297 213 1338 narn
231 1280 408 1338 verecundius
428 1282 456 1338 id
478 1283 567 1340 moliri
589 1299 638 1356 per
656 1283 837 1344 internuntios
851 1286 945 1342 existi-
1000 1309 1108 1366 opoosae
1139 1295 1201 1352 doto
1226 1300 1296 1360 sunt,
1325 1309 1360 1350 on
1389 1299 1416 1349 et
1443 1306 1544 1364 sponso
1576 1303 1727 1367 congruant
1752 1291 1796 1350 vi·

149 1370 258 1443 marath
283 1385 400 1444 moxque
423 1385 553 1428 converse
576 1372 608 1428 ad
637 1373 736 1445 ipsum,
759 1375 945 1443 temeritatem,
1001 1384 1124 1439 cosmus,

149 1466 233 1532 prout
245 1459 326 1530 valet,
346 1475 474 1518 excusare
491 1468 604 1519 conatur
620 1479 626 1516 :
646 1463 717 1531 Quia
733 1463 853 1521 meliora
869 1468 945 1530 sunt,
1038 1471 1065 1526 7.
1081 1471 1186 1542 Sponsa
1200 1471 1329 1543 loquente
1346 1472 1381 1528 do
1404 1486 1516 1544 sponso,
1534 1478 1655 1544 repente,
1671 1479 1699 1526 ιιι
1714 1470 1795 1527 dixe-

150 1547 286 1620 ἱΰιῦῑιῐιῠ,
301 1549 387 1608 ubera
401 1555 451 1606 luti
465 1551 541 1617 uiuo,
557 1553 722 1624 srunruutiu
735 1553 888 1622 unquentis
903 1569 948 1624 op·
1002 1575 1069 1626 rem,
1084 1561 1160 1616 adest
1174 1559 1230 1627 ille,
1246 1562 1339 1617 annuit
1353 1572 1427 1628 voto,
1443 1561 1631 1630 dstosculum,
1651 1561 1797 1632 impletque

153 1639 242 1696 limis·
258 1637 299 1694 ¹¹⁰
312 1638 337 1694 Si
353 1638 423 1694 ⁶1⁰ss
439 1657 446 1695 ἓ
461 1637 489 1696 Si
505 1641 587 1695 allum
611 1654 707 1709 saltere
728 1638 831 1705 Videor.
854 1647 881 1696 tu
901 1639 946 1698 fe·
1002 1647 1028 1703 in
1049 1664 1079 1703 es
1094 1663 1239 1704 sermonen
1253 1649 1298 1720 qni
1314 1651 1430 1721 scriptus
1441 1657 1481 1705 est
1496 1668 1502 1708 :
1519 1650 1693 1708 Desiderium
1704 1650 1797 1708 cordis

152 1727 370 1801 uistiosoonse,
385 1727 619 1800 ouiiuduludine
633 1729 747 1785 uberum
760 1735 948 1786 tuorumunu
1002 1737 1799 1812 ejostrtcounotmvolontatetauroruchsooonoo-

151 1831 196 1874 me
222 1816 380 1892 dignatione
403 1816 518 1888 lactasti,
541 1824 676 1890 qnatenus
698 1817 773 1874 omni
799 1825 882 1889 metu,
910 1819 948 1876 tui
1002 1823 1284 1896 dcstieumll'sctmx.
1301 1823 1338 1894 3).
1354 1821 1434 1890 Qtrcd
1454 1831 1480 1878 et
1494 1824 1592 1898 probet
1609 1842 1641 1880 ex
1656 1828 1715 1895 eius
1730 1829 1799 1883 ube·

151 1905 293 1972 charitate,
314 1919 370 1961 non
385 1919 443 1960 men
459 1904 607 1962 temeritate
621 1905 744 1977 depulso,
758 1905 872 1961 sudeam
888 1905 949 1977 plus
1003 1929 1062 1968 rum
1089 1911 1247 1984 repletione.
1275 1911 1367 1966 Tantae
1394 1926 1491 1982 nempe
1522 1911 1648 1969 ellicaoiae
1677 1915 1799 1970 osculum

153 1994 224 2052 torte
239 2009 321 2068 quem
345 1993 478 2065 expediet.
500 1992 594 2050 Audeo
619 2008 682 2050 sene
703 1993 810 2064 pietatis
833 2009 947 2062 memor,
1003 2009 1124 2058 sunctum
1139 2007 1191 2072 est,
1215 2007 1245 2057 nt
1264 2015 1296 2056 ex
1314 2001 1374 2072 ipsc
1388 2015 1462 2068 mox,
1482 2015 1543 2056 curn
1566 2000 1698 2070 temporit
1721 2001 1799 2071 illud,

152 2083 301 2139 immemor.
308 2082 466 2153 maiestatis.
476 2081 599 2154 Heecpro
607 2083 749 2141 verborum
760 2083 951 2156 consequentis
1002 2099 1104 2163 sponsa
1118 2088 1260 2161 concipiat,
1275 2089 1494 2144 tumescentibus
1508 2088 1639 2144 nimirum
1657 2087 1798 2156 uberibus,

153 2171 226 2228 ditia
241 2171 305 2228 tini·
1003 2179 1107 2235 etlecte
1121 2177 1196 2250 quasi
1215 2175 1467 2253 pinguescentibus,
1478 2176 1506 2232 in
1526 2177 1716 2233 testimonium.
1728 2174 1800 2245 Qui-

191 2263 218 2317 b.
233 2260 310 2317 Nunc
331 2259 418 2333 qualis
439 2261 475 2318 sit
495 2260 544 2317 ista
567 2259 683 2318 uberum
702 2259 795 2333 sponsi
809 2277 950 2318 commen·
1004 2267 1055 2324 bus
1065 2267 1183 2322 studium
1198 2273 1239 2323 est
1248 2281 1327 2323 orere
1347 2265 1510 2336 frequenter,
1527 2264 1631 2334 experti
1645 2271 1708 2321 sunt
1726 2264 1800 2337 quod

155 2348 240 2419 detio,
254 2347 399 2405 rideamus.
416 2350 479 2406 Duo
492 2349 586 2421 sponsi
597 2350 688 2414 ubere,
705 2350 758 2406 duo
775 2349 873 2423 inipso
888 2358 951 2408 sunt
1005 2356 1077 2412 dico.
1095 2355 1174 2427 Saepe
1194 2354 1277 2412 corde
1292 2352 1384 2425 tepido
1397 2360 1423 2408 et
1442 2353 1518 2409 arido
1533 2352 1687 2410 accedimus
1701 2353 1737 2409 ed
1755 2353 1800 2408 el-

155 2437 286 2511 ingenitae
300 2438 699 2511 mansuetudinisargumente,
713 2439 789 2511 quod
805 2439 951 2512 etpstien·
1005 2452 1070 2507 tere,
1104 2441 1218 2500 orationi
1247 2439 1440 2499 incumbimus.
1470 2441 1679 2496 Persistentibus
1709 2447 1801 2496 eutem

154 2535 198 2583 ter
224 2533 363 2598 exspectnt
385 2526 607 2599 delinquentem,
632 2535 659 2584 et
682 2526 831 2584 clementer
857 2528 952 2599 recipit
1005 2537 1116 2601 repente
1139 2529 1289 2587 infunditur
1310 2528 1407 2602 gratia,
1422 2527 1555 2602 pingescit
1582 2535 1685 2600 pectus,
1714 2528 1801 2600 replet

154 2614 342 2686 prenitentem.
370 2614 496 2684 Gemina,
526 2615 647 2689 inquam,
677 2615 790 2673 dulcedo
813 2619 951 2675 sueviutis
1003 2617 1105 2674 viscera
1119 2616 1259 2674 inundatio
1276 2613 1403 2688 pietatis3
1419 2615 1474 2671 etsi
1493 2615 1527 2671 sit
1549 2614 1595 2687 qni
1614 2622 1726 2686 premnt,
1756 2615 1801 2672 lec

155 2704 288 2759 exuberat
306 2703 335 2758 in
359 2710 467 2774 pectore
486 2703 594 2759 Domini
617 2702 693 2772 iesu,
710 2703 897 2778 longanimitas
911 2706 951 2762 vi-
1004 2713 1143 2780 conceptee
1157 2704 1307 2761 dulcedinis
1321 2701 1438 2760 ubertim
1447 2702 1560 2759 tundere
1572 2715 1627 2758 non
1642 2701 1799 2759 tardnbunt.

155 2791 254 2848 delicet
277 2791 305 2848 in
328 2792 522 2866 exspectando,
542 2799 568 2848 et
589 2792 617 2850 in
638 2793 765 2850 donando
778 2791 901 2850 lucilitus.
920 2793 951 2850 lit
1003 2793 1080 2850 Dicat
1095 2808 1186 2868 ergo:
1212 2791 1313 2858 liabes,
1334 2805 1444 2865 sponsa,
1475 2792 1548 2862 quod
1569 2788 1682 2862 petiisti,
1704 2795 1730 2846 et
1747 2791 1802 2848 hcc

154 2877 217 2935 andi
231 2878 294 2952 quie
308 2895 362 2937 noo
384 2879 419 2936 sit
438 2881 490 2937 hcc
510 2879 647 2939 inventum
671 2895 770 2938 meum.
790 2880 872 2954 Legis
885 2897 952 2955 prc-
1005 2881 1180 2954 tibisignum,
1197 2879 1260 2953 quia
1273 2878 1384 2935 meliora
1397 2877 1467 2934 lacta
1481 2885 1543 2932 suut
1558 2877 1642 2935 ubere
1662 2885 1708 2934 ιιι
1725 2877 1800 2933 rinc.

155 2966 226 3024 lecto
241 2967 275 3022 de
289 2967 492 3041 longanimitate
507 2987 514 3025 :
531 2971 575 3026 An
596 2970 710 3027 divitius
730 2969 864 3028 bonitatis
878 2973 948 3044 ejus,
1003 2967 1071 3024 ilinc
1086 2975 1112 3024 te
1128 2965 1232 3026 scilicet
1245 2964 1353 3022 noteris
1371 2965 1494 3021 osculum
1517 2963 1664 3036 accepisse,
1688 2963 1762 3036 quod
1775 2973 1802 3022 te

154 3059 185 3114 et
198 3057 357 3128 patientie,
373 3061 402 3113 et
418 3058 645 3130 lonpnnimitutis
664 3059 845 3115 contemnis?
857 3057 925 3114 ltenr
942 3077 949 3118 :
1004 3057 1162 3128 concepisse
1188 3053 1283 3111 sentis.
1307 3052 1385 3111 Unde
1418 3059 1445 3108 et
1457 3053 1539 3108 ubera
1559 3052 1607 3108 tihi
1621 3051 1802 3121 intumerunt,

155 3144 200 3200 An
213 3146 328 3216 igneum
342 3145 408 3219 quie
422 3144 579 3218 beniqnitus
592 3147 642 3203 Dei
654 3145 692 3203 ud
706 3146 908 3218 poenitentium
923 3149 951 3205 te
1006 3146 1073 3202 lacta
1088 3145 1114 3200 in
1130 3145 1252 3200 tubertate
1268 3143 1346 3199 laetis
1359 3141 1471 3198 meliora
1485 3141 1548 3198 vinc
1571 3139 1690 3198 scientim
1711 3157 1800 3198 saecu-

155 3231 293 3289 adducit?
313 3233 402 3304 (Rom.
424 3248 457 3304 ιι,
481 3234 520 3302 t.)
544 3233 586 3288 td
611 3235 663 3290 hcc
677 3231 810 3304 siquidem
825 3233 872 3290 diu
887 3251 950 3290 sus·
967 3230 989 3310 c
1006 3233 1079 3304 laris,
1094 3231 1258 3306 quce[clius,
1269 3229 1342 3300 quod
1356 3230 1366 3304 l
1382 3231 1490 3303 quidem
1501 3228 1625 3295 inebriet,
1640 3229 1688 3286 sed
1704 3229 1798 3296 curio-

154 3319 251 3393 pendit
264 3321 421 3378 sententiam
435 3320 543 3376 ultionis
562 3336 579 3377 e
593 3328 791 3389 contemnente,
814 3331 843 3378 ut
861 3337 951 3394 quun·
1006 3324 1094 3389 situle,
1109 3338 1163 3378 uon
1173 3321 1317 3388 charitate;
1333 3319 1459 3391 implens,
1471 3334 1523 3376 nun
1538 3317 1678 3388 nutriens;
1694 3317 1800 3387 inllans,

155 3407 245 3480 doque
268 3409 391 3466 exhibeat
414 3409 530 3482 gretiam
557 3409 725 3472 remissionis
748 3408 776 3465 in
795 3409 949 3480 peninon.
1005 3427 1061 3467 non
1078 3409 1228 3475 aedilicuns3
1244 3407 1423 3481 ingurgitans,
1440 3422 1496 3464 non
1516 3407 1684 3465 conforteris.

154 3497 217 3552 Non
230 3497 303 3553 enim
312 3498 370 3554 vult
382 3507 496 3553 mortem
511 3497 674 3568 peccatoris,
698 3498 746 3554 sed
761 3506 792 3553 ut
806 3504 951 3554 converta-
1042 3502 1068 3554 8.
1083 3498 1135 3556 Sed
1150 3497 1281 3555 demuset
1294 3495 1433 3554 sodalibus
1447 3496 1495 3552 ista
1506 3496 1677 3570 depromere.
1688 3495 1802 3566 injuste,

155 3593 212 3656 tur,
227 3585 350 3641 etriuet.
375 3586 510 3641 Ponemus
532 3585 655 3655 exempla
670 3593 697 3641 et
710 3584 744 3641 de
758 3585 844 3643 sltem
856 3587 950 3651 ubere,
1006 3587 1139 3660 inquiunt,
1169 3601 1323 3642 murmuras
1350 3585 1478 3642 adversus
1496 3599 1648 3657 sponsnm;
1683 3584 1747 3657 quis
1775 3583 1804 3640 id

153 3672 230 3745 quod
244 3673 345 3730 dictum
358 3679 399 3730 est
408 3672 561 3730 remittendi
570 3671 694 3729 facilitas,
707 3672 825 3746 Legiset
834 3672 868 3728 de
878 3673 951 3744 ipse:
1005 3674 1287 3748 plusraletqucdille
1299 3675 1355 3744 jem
1370 3673 1453 3739 dedit,
1482 3689 1565 3746 quem
1583 3671 1656 3746 quod
1671 3681 1699 3729 tu
1720 3671 1801 3745 petis.

158 3765 330 3836 Quocunque
353 3763 421 3819 born
443 3762 615 3835 ingemuerit
635 3765 777 3834 peccator,
805 3764 953 3835 peccatum
1005 3762 1084 3833 Quod
1098 3763 1169 3820 euim
1187 3763 1318 3835 postulas,
1333 3761 1480 3834 tequidem
1495 3761 1626 3826 delectum
1638 3761 1687 3818 sed
1706 3751 1811 3834 ubera,¹

154 3869 241 3909 eurem
254 3853 421 3910 remittetur
434 3853 461 3908 ei
475 3851 586 3922 (lineri.
602 3865 705 3917 xxxin,
728 3854 770 3914 ll,
788 3851 843 3922 lt);
858 3849 928 3923 legis
944 3867 950 3905 :
1006 3851 1105 3925 quibus
1120 3851 1248 3923 parrulos
1262 3848 1322 3918 alis,
1341 3864 1410 3922 quos
1428 3855 1455 3904 et
1469 3847 1684 3920 peris,melicra,
1696 3849 1802 3905 honest

155 3940 342 4012 Derelinquut
354 3941 458 4013 impius
472 3943 649 4006 eicmsuam,
665 3944 694 3995 et
712 3939 757 3994 uir
779 3939 894 4012 iniquus
908 3954 954 3996 cc·
1007 3938 1201 4005 necessarium,
1226 3946 1289 3994 sunt
1311 3935 1374 3992 rino
1393 3935 1639 4006 contemplationis.
1659 3934 1740 3991 Aliud
1759 3935 1800 3991 si-

155 4029 309 4101 gitutisnes
323 4044 398 4092 secus,
415 4032 443 4086 et
456 4031 620 4086 reuertatur
633 4027 670 4084 cd
682 4028 845 4093 Dominum,
862 4029 890 4084 et
899 4027 954 4082 nri·
1007 4027 1117 4100 quidem
1126 4025 1247 4098 estquod
1262 4025 1342 4081 unius
1356 4022 1472 4080 laetillcat
1487 4039 1534 4080 cor
1547 4023 1675 4088 hominis,
1686 4030 1713 4078 et
1728 4023 1803 4078 eliud

156 4117 299 4177 tenebitur
324 4118 401 4190 ejus,·
426 4119 454 4176 ei
478 4117 515 4174 ud
535 4119 625 4173 Deum
647 4120 789 4182 nostrum,
818 4116 954 4188 quonium
1007 4115 1079 4188 quod
1104 4114 1218 4172 edificet
1235 4115 1344 4169 multos.
1368 4114 1437 4169 Num
1456 4111 1506 4167 etsi
1521 4111 1622 4168 Rachel
1649 4109 1803 4179 formosior,

156 4207 268 4262 multus
282 4208 325 4263 est
337 4204 374 4260 ad
387 4205 590 4278 incessendum
608 4203 687 4278 (lsai.
709 4219 756 4267 ιι,
779 4203 819 4276 7).
839 4203 955 4260 Pulchre
1008 4203 1056 4260 sed
1071 4203 1116 4258 Lia
1129 4202 1328 4260 fecundiorest.
1339 4200 1400 4259 Noli
1411 4215 1476 4273 ergo
1490 4197 1702 4256 nimisinsistere
1724 4211 1806 4255 oscu-

156 4291 241 4350 Darid
256 4292 349 4363 paucis
363 4293 565 4363 comprehendit
578 4301 731 4367 utrumque.
746 4293 839 4348 dicens
856 4308 862 4349 :
880 4293 954 4352 Lon-
1009 4290 1042 4346 lis
1059 4289 1309 4362 contemplationis;
1325 4287 1388 4362 quie
1403 4287 1515 4344 meliors
1535 4294 1597 4344 sunt
1609 4289 1693 4344 ubera
1707 4285 1803 4359 proedi-

156 4383 290 4455 qcnimis‚
306 4386 333 4439 et
349 4379 461 4440 1890
473 4383 601 4439 muitum
622 4383 783 4439 misericors
804 4381 890 4452 (Psei.
905 4395 953 4448 ιιι,
1010 4379 1134 4436 eudonis.

158 4473 215 4544 to).
241 4471 329 4541 Huius
352 4486 419 4544 ergo
437 4471 552 4544 geminas
572 4469 700 4525 honitatis
723 4469 908 4542 experimento
927 4470 954 4524 in
1046 4473 1073 4524 9.
1095 4466 1219 4525 Occurrit
1235 4475 1262 4524 et
1285 4464 1355 4522 altus
1369 4481 1477 4532 sensus,
1506 4479 1585 4538 quem
1613 4462 1725 4536 quidem
1751 4478 1806 4521 non

158 4576 219 4618 eam
234 4575 263 4616 se
277 4558 400 4618 fiduciam
415 4559 564 4616 excrevisse
574 4558 792 4629 fatetursponsa,
804 4566 833 4614 ut
843 4559 954 4614 auderet
971 4531 994 4608 Β
1010 4571 1212 4627 proposueram,
1237 4554 1285 4611 sed
1300 4553 1412 4610 minime
1440 4551 1594 4624 preteribo.
1615 4550 1715 4624 thuid
1734 4549 1806 4630 enim

157 4657 251 4720 petere
266 4649 400 4704 osculum.
417 4648 487 4718 Quid
501 4649 610 4720 mirum,
622 4649 724 4716 dicens,
735 4648 758 4703 si
771 4645 811 4703 sie
822 4661 955 4720 presumo
1009 4645 1091 4702 verba
1108 4645 1166 4700 haec
1180 4659 1235 4700 non
1250 4643 1338 4716 magis
1360 4643 1505 4698 conuenire
1529 4641 1650 4698 dicamus
1674 4637 1713 4694 eis
1727 4637 1805 4710 ipsis,

156 4737 193 4793 de
213 4743 251 4806 tc,
266 4753 283 4794 o
298 4752 407 4810 sponse,
433 4752 495 4810 quse
515 4739 549 4793 de
575 4737 626 4793 tuis
641 4736 770 4794 uberibus
783 4743 883 4792 tentem
897 4751 957 4794 sum
1010 4732 1108 4803 quibus
1133 4739 1231 4803 preest
1257 4730 1285 4786 in
1308 4730 1501 4796 sollicitudine,
1521 4737 1646 4801 tanquam
1674 4726 1804 4808 parvulis,

157 4834 271 4900 experts
284 4827 476 4884 abundantiam
490 4826 651 4883 suavitatis?
665 4827 739 4900 Ergo
754 4825 788 4882 ad
803 4824 956 4882 audendum
1011 4827 1096 4877 mater
1120 4828 1167 4876 aut
1190 4816 1302 4876 nutriri
1329 4818 1388 4874 Nec
1412 4816 1484 4873 euim
1511 4815 1697 4888 equanimiter
1718 4812 1808 4871 lerunt

158 4931 205 4972 me
223 4922 354 4985 provocet
367 4915 480 4973 dulcedo
497 4916 611 4973 uberum
628 4924 747 4983 tuorum,
763 4930 818 4973 non
832 4929 957 4972 meorum
1009 4909 1159 4982 iuvenculae
1186 4915 1213 4964 et
1239 4915 1339 4964 tenere
1361 4905 1449 4962 adhuc
1475 4905 1579 4972 enimes,
1610 4902 1685 4961 illam
1711 4918 1807 4961 vacare

158 5002 324 5059 confidentia
337 5003 504 5061 nteritorum.
931 5005 934 5012 ’
1011 4996 1106 5070 quieti,
1125 4999 1204 5069 cujus
1224 4995 1328 5066 plenius
1346 4993 1447 5052 erudiri
1465 4992 1598 5060 doctrina,
1628 4999 1656 5049 et
1678 4991 1809 5061 exemplis

196 5093 224 5146 6.
240 5091 319 5162 Quod
334 5091 510 5149 autemdicit:
521 5087 956 5157 llelierusuntuberctuuoino,
1011 5085 1149 5142 informari
1178 5082 1339 5141 desiderant.
1364 5085 1408 5140 An
1432 5095 1488 5138 non
1517 5081 1635 5154 denique
1658 5079 1754 5136 talium
1780 5077 1809 5134 in

159 5180 213 5236 hoc
237 5186 301 5237 est:
327 5180 468 5254 Pinguedo
496 5181 599 5257 gratias,
627 5196 687 5253 quse
709 5182 742 5238 dc
760 5181 813 5237 tuis
828 5179 958 5236 uberibus
1011 5172 1187 5246 subsequenti
1206 5171 1388 5243 compescitur
1412 5170 1580 5244 inquietudo,
1606 5169 1651 5225 ubi
1665 5167 1716 5224 suh
1731 5167 1808 5242 greti

160 5269 233 5337 llnit,
257 5268 393 5328 efficacior
415 5269 481 5326 mihi
500 5276 541 5326 est
563 5270 598 5325 nd
613 5268 780 5342 spiritualem
795 5268 956 5340 proiectum,
1011 5261 1205 5320 molestatione
1220 5260 1395 5332 prohibentur
1409 5257 1542 5316 suscitare
1553 5257 1688 5324 dilectam,
1705 5268 1808 5327 quous·

159 5375 243 5432 quam
269 5359 381 5416 mordax
407 5359 564 5430 imprecatio
588 5359 773 5432 prelatorum.
794 5359 851 5414 Nec
871 5357 958 5412 solum
1012 5367 1064 5426 que
1080 5350 1139 5424 ipse
1154 5348 1241 5406 veliti
1255 5349 1351 5422 (dunt.
1373 5351 1408 5419 ll,
1429 5347 1470 5419 7.)
1489 5349 1536 5402 llm
1555 5347 1640 5418 itique
1663 5338 1810 5402 sentientes

160 5447 426 5518 melioreuino,sed
441 5451 469 5504 et
482 5447 645 5520 srnpruntiu
659 5448 813 5520 unquentis
827 5446 958 5519 optimis,·
1014 5438 1115 5497 osculis
1129 5438 1232 5495 inhiare
1247 5453 1384 5509 sponsam,
1401 5443 1535 5495 secretum
1550 5449 1671 5507 quaerere
1684 5433 1747 5499 sibi,
1762 5431 1809 5490 itt·

161 5535 228 5609 quie
249 5551 304 5591 non
327 5537 407 5594 modo
430 5535 544 5602 internas
566 5534 715 5592 dulcedinis
729 5535 797 5591 lacte
811 5539 960 5604 presentes
1013 5528 1097 5604 gitare
1110 5528 1261 5602 publicum,
1280 5527 1413 5583 declinare
1432 5527 1533 5592 turbas,
1553 5531 1581 5580 et
1598 5539 1672 5581 curse
1686 5523 1808 5595 ipsarum

160 5623 222 5694 alis,
238 5624 286 5680 sed
300 5624 379 5682 bone
394 5639 502 5700 quoque
515 5623 650 5698 opinionis
664 5630 741 5700 grato
756 5621 960 5695 odorerespsr·
1012 5617 1149 5690 pmpriam
1171 5614 1298 5688 praeferre
1320 5614 1437 5688 quietem
1454 5631 1462 5669 :
1481 5610 1551 5680 Noli,
1575 5611 1712 5684 inquiunt,
1733 5611 1809 5680 ncli3
1860 5674 1864 5680 ,

159 5711 204 5787 gis
218 5706 473 5785 ehsentes,'bunum
496 5714 599 5774 trahem
621 5712 803 5773 testimonium
825 5718 853 5769 et
867 5711 900 5768 eb
914 5709 958 5768 his
1012 5705 1076 5780 quis
1087 5707 1176 5778 major
1194 5705 1222 5763 in
1237 5703 1366 5763 uberibus
1383 5717 1463 5776 quam
1477 5701 1505 5757 in
1524 5699 1691 5774 amplexibus
1705 5698 1811 5758 tructus
