4150 6348
157 401 212 464 ὅθ.)
786 397 953 462 senectus
972 401 1015 462 ott
1033 399 1192 464 elluatus.
1749 408 1801 470 566

157 541 472 614 aminternenses,
478 533 958 616 remeenrmtrsatsxm‚s,ap
974 540 998 621 p
1013 527 1180 602 neretum.
1196 530 1245 586 ssd
1255 529 1282 586 in
1304 529 1372 602 ipsis
1389 531 1423 587 od
1438 531 1569 604 tisuidum
1588 533 1721 592 inoleta
1735 549 1802 592 oon·

191 635 219 688 9.
243 631 385 689 invenitur
414 637 506 686 umen
533 631 601 687 alter
624 631 725 706 gradus
753 631 907 702 sublimior,
932 639 959 688 et
1011 616 1137 688 sllisslfflll·
1153 617 1518 698 Vflllmr,¹¹¹l³mdl¹lml¹⁸·
1536 621 1663 693 tutellae
1682 621 1802 681 felicita·

155 717 271 776 alleotus
291 718 402 792 dignior
417 719 479 790 isto,
495 734 554 774 cnm
577 719 686 790 penitus
707 719 855 776 castificato
873 719 956 776 corde
1010 702 1043 760 ¹1⁸
1056 703 1128 760 islld
1141 712 1193 770 ⁰⁸²2
1208 720 1263 761 ⁰⁰¹¹
1277 703 1430 778 tragilitatis
1443 707 1578 784 hufflflssae·

155 808 221 865 nibil
237 807 311 866 aliud
330 809 468 866 desiderat
482 808 582 879 anima,
600 810 665 865 nrbil
684 810 758 866 alind
773 827 788 865 a
801 811 859 867 Deo
874 827 954 884 que-
1045 795 1071 848 2·
1097 793 1255 862 Quaersmns
1277 793 1370 866 illimis
1396 809 1443 866 per
1469 811 1501 852 0⁸
1525 796 1619 852 ⁸⁸¹¹0¹¹¹
1645 815 1706 874 ‘llae
1733 799 1804 857 [8οΜ

155 897 201 964 sqq,
226 913 306 970 quam
334 898 422 969 ipsum
450 898 547 954 Deum,
572 898 674 954 grebro
702 898 836 970 siquidem
860 899 954 956 didicit
1008 883 1263 954 sunt‚intellectum
1288 881 1460 939 invisibilium
1481 885 1552 940 D'ei:
1574 886 1677 955 quaesi
1696 887 1724 942 in
1745 903 1801 945 ote-

153 981 350 1053 experimento.
370 981 499 1053 quoniam
521 982 609 1038 bonus
632 983 763 1040 Dominus
784 983 953 1053 sperantibus
1008 971 1075 1029 teris
1095 972 1224 1028 creaturis
1250 973 1387 1030 intellecta
1414 972 1545 1044 conspicit
1567 973 1666 1038 anima,
1691 991 1802 1035 neeesse

154 1070 182 1126 in
206 1085 248 1136 se.
264 1070 362 1125 anime
374 1069 507 1142 querenti
523 1070 624 1140 ipsum,
639 1071 675 1126 ita
689 1081 719 1127 ut
736 1074 792 1142 jam
807 1089 840 1128 ex
855 1072 954 1129 aflectu
1008 1068 1049 1117 est
1064 1071 1094 1116 ut
1114 1062 1195 1134 longe
1216 1063 1334 1132 amplius
1352 1061 1503 1129 conspiciat
1522 1068 1550 1117 et
1570 1061 1704 1134 intelligat
1718 1065 1802 1122 nrulto

154 1158 245 1214 cordis
263 1169 346 1229 atque
371 1172 404 1212 ex
420 1160 552 1214 moestia
567 1159 665 1214 clamet
680 1160 747 1216 illud
770 1161 805 1216 de
825 1163 950 1230 psalmo:
1005 1149 1131 1206 ⁸¹¹bll'lus
1155 1151 1182 1207 in
1209 1159 1333 1208 ⁰f⁰³²¹¹r³
1356 1169 1418 1223 (llae
1439 1153 1510 1208 silla
1533 1161 1574 1207 ⁰⁵¹
1598 1155 1629 1208 ad
1653 1151 1802 1224 imtibeffl

157 1247 228 1318 Quid
241 1249 317 1305 mim
327 1247 400 1304 mibi
410 1252 452 1306 est
461 1248 588 1306 incauto?
602 1252 694 1307 etate
703 1250 771 1324 qnid
780 1252 856 1308 volui
866 1267 953 1324 super
1005 1239 1151 1310 cremiis.
1171 1243 1222 1297 ¹¹0⁰
1241 1252 1281 1296 ³⁵¹
1296 1243 1324 1296 51¹
1347 1258 1377 1297 ιθ
1397 1243 1465 1312 59⁵⁰·
1481 1243 1575 1297 Nullus
1596 1241 1666 1298 enlm
1687 1243 1743 1298 ⁰00
1760 1242 1802 1298 Vi·

155 1333 281 1392 terram?
295 1337 404 1406 Defecit
417 1340 951 1405 ceromeoetcormeum,ltcuseordtr
1005 1333 1091 1392 cinior
1113 1335 1214 1408 gradus
1237 1330 1317 1392 inter'
1331 1351 1424 1394 omnes
1445 1353 1507 1409 quae
1526 1335 1577 1392 sub
1600 1336 1657 1392 sole
1681 1336 1804 1394 habitant

153 1427 219 1495 met,
240 1428 269 1480 et
283 1441 354 1497 pers
371 1441 435 1483 man
457 1427 573 1482 nanta
595 1431 737 1484 aeternum
751 1427 838 1500 (Pant-
855 1443 942 1493 nxan,
1005 1433 1149 1488 creaturas,
1165 1441 1244 1495 quam
1261 1425 1350 1482 anima
1369 1427 1494 1492 bumana,
1511 1431 1542 1482 ut
1555 1425 1653 1481 merito
1667 1425 1801 1498 Propheta

153 1516 197 1580 ιδ,
212 1514 271 1584 26).
286 1515 383 1585 Neque
401 1516 473 1570 enim
492 1530 572 1572 suum
587 1515 698 1586 aliquid,
711 1531 766 1571 non
781 1515 948 1582 felicitatem,
1004 1511 1077 1569 dicat
1090 1513 1123 1569 ad
1142 1513 1241 1580 ipsum,
1257 1517 1360 1572 Beatus
1377 1517 1422 1572 vir
1440 1516 1524 1586 cujus
1537 1518 1579 1573 est
1593 1516 1739 1573 ancilium
1753 1517 1801 1574 ota

151 1617 206 1657 non
229 1601 356 1676 gloriam,
375 1615 430 1657 non
459 1601 532 1658 aliud
559 1601 715 1674 quidquam,
743 1613 869 1673 tanquam
893 1603 950 1672 pri·
1006 1599 1050 1657 te!
1070 1603 1248 1658 ascensiones
1271 1605 1303 1659 tn
1328 1605 1409 1660 corde
1435 1619 1486 1660 sno
1510 1604 1666 1678 disposuit,·
1690 1612 1802 1676 etpost

150 1697 214 1746 vato
238 1689 280 1746 sui
307 1689 392 1761 ipsius
417 1705 509 1746 amora
531 1689 668 1748 desiderat
689 1691 781 1746 anima
798 1706 858 1764 quie
879 1691 951 1761 ejus-
1003 1703 1105 1761 pauca:
1123 1689 1215 1757 bunt,
1230 1689 1327 1761 inquit,
1344 1691 1378 1747 de
1391 1693 1497 1749 uirtute
1509 1694 1541 1748 in
1556 1695 1715 1751 uirtutem:
1731 1695 1802 1753 uide-

150 1777 228 1834 modi
241 1785 281 1834 est
297 1779 368 1832 :sed
389 1784 443 1833 tota
468 1777 558 1849 pergit
580 1777 607 1832 in
627 1778 724 1844 Deum,
740 1779 905 1850 unicumque
923 1780 948 1835 ei
1003 1777 1081 1833 bitur
1104 1780 1175 1836 Deua
1197 1777 1313 1834 deornm
1335 1779 1367 1834 in
1392 1781 1459 1838 Sion
1482 1783 1568 1849 (Prot.
1585 1797 1701 1852 nxxxut,
1719 1789 1745 1850 6,
1762 1785 1800 1858 b).

149 1882 182 1924 ac
203 1867 351 1936 perlectum
371 1865 539 1922 desideriam
552 1873 594 1922 est
612 1877 641 1922 ut
656 1867 806 1924 introducat
820 1884 882 1924 eam
901 1885 948 1926 rea
965 1842 988 1920 Β
1003 1865 1147 1937 Propterea
1175 1866 1342 1922 incessanter
1368 1869 1508 1923 hortamur
1539 1883 1596 1940 vos,
1631 1869 1739 1938 iratres,
1772 1880 1804 1929 nt

151 1953 180 2011 in
195 1955 352 2014 cubiculum
367 1973 456 2025 sunm,
474 1965 504 2013 ut
526 1956 578 2028 ipsi
592 1957 736 2024 adhereat,
753 1960 813 2030 ipso
832 1959 947 2018 truatur.
1003 1953 1146 2010 ambuietis
1167 1955 1225 2010 vias
1246 1954 1346 2024 cordis,
1362 1965 1388 2011 et
1412 1957 1447 2011 sit
1466 1955 1555 2011 anima
1578 1967 1667 2015 restra
1691 1961 1716 2013 in
1742 1977 1802 2015 me-

135 2044 230 2101 'llnde
245 2053 271 2101 et
284 2045 514 2117 jugiterrerolata
530 2049 607 2115 taoie,
621 2047 710 2119 quoad
723 2050 949 2119 potetestate
1003 2043 1084 2099 nibus
1107 2043 1202 2099 vitellis
1224 2059 1342 2115 Semper,
1358 2049 1389 2098 ul
1411 2043 1526 2100 audiatis
1543 2044 1608 2117 quid
1630 2045 1756 2116 loquetur
1776 2047 1803 2103 ln

150 2132 246 2200 sponsi
269 2133 386 2206 gloriam
410 2135 587 2206 speculando,
608 2135 635 2189 in
660 2135 783 2192 eamdem
804 2137 949 2209 imaginem
1003 2131 1082 2187 vebis
1104 2130 1238 2186 D0missus
1265 2132 1349 2198 Deus,
1374 2133 1509 2206 quoniam
1538 2136 1668 2207 loquetur
1693 2151 1802 2209 pacem·

149 2219 358 2277 transformatus·
381 2222 416 2278 de
440 2222 560 2279 claritate
582 2223 612 2279 in
634 2223 766 2292 claritsm,
785 2231 911 2297 tanquam
935 2242 950 2281 a
1003 2217 1111 2287 Quibus
1130 2217 1255 2290 loquetur
1271 2220 1386 2290 paceml
1407 2221 1503 2291 Utique
1522 2222 1554 2279 in
1577 2222 1685 2294 plebem
1709 2240 1801 2292 suem,

149 2306 260 2364 Domini
273 2307 388 2381 Spiritu.
404 2309 443 2366 Ea
459 2310 511 2366 boc
526 2309 606 2382 plane
619 2309 713 2366 audire
727 2322 863 2367 meretur:
884 2313 951 2370 Toto
1004 2312 1033 2363 et
1057 2309 1090 2363 in
1113 2311 1225 2364 sanctos
1247 2325 1323 2368 auos.
1342 2307 1409 2378 Quae
1431 2314 1473 2364 est
1491 2309 1578 2380 plebs,
1599 2318 1646 2366 aut
1670 2311 1717 2383 qni
1740 2321 1803 2370 sunt

148 2398 271 2470 putcbru
288 2415 325 2468 es,
341 2399 436 2456 amun
450 2417 514 2458 rnen
524 2399 621 2471 (Cant.
635 2415 676 2464 ru,
691 2399 730 2472 7).
747 2400 839 2457 Audet
851 2407 877 2458 et
891 2401 951 2472 ipsa
1004 2393 1111 2450 sonem
1126 2393 1181 2466 loci
1199 2395 1325 2451 nimirum
1339 2396 1386 2464 qui
1400 2407 1593 2454 convertuntur
1606 2398 1639 2453 ad
1654 2413 1710 2456 cor.
1726 2400 1804 2458 Unde

149 2483 245 2557 loqui:
261 2487 474 2546 Dilectusmeus
484 2489 565 2558 mibi,
580 2491 609 2544 ct
623 2504 671 2562 eqo
681 2489 728 2546 illi
742 2487 837 2560 (Cant.
850 2504 880 2559 ιι,
894 2489 949 2562 to).
1003 2491 1030 2542 et
1043 2483 1165 2553 sequitur
1181 2498 1188 2540 :
1204 2485 1239 2539 at
1251 2483 1283 2540 in
1296 2499 1341 2540 eos
1360 2483 1411 2556 qni
1429 2489 1637 2543 convertentur
1655 2487 1692 2544 od
1709 2503 1766 2545 cor.

148 2574 240 2644 Atqtoe
254 2575 409 2644 huiusmodi
430 2575 587 2632 felicissima
601 2585 629 2632 et
646 2577 843 2648 jucundissima
857 2578 951 2635 centa·
1040 2575 1066 2628 3.
1086 2572 1143 2627 Nos
1163 2573 1296 2629 tamenin
1320 2568 1363 2628 bis
1385 2573 1476 2630 verbis
1497 2573 1548 2630 tria
1562 2574 1682 2633 solemus
1701 2577 1802 2634 intelli-

148 2661 289 2720 baladone
301 2663 452 2721 delectatur
465 2663 586 2737 gloriosa
601 2681 661 2723 oum
677 2679 792 2736 sponso.
1004 2675 1070 2732 gere
1089 2659 1227 2717 hominum
1250 2677 1361 2734 genera,
1377 2660 1475 2734 quibus
1495 2663 1560 2718 solis
1575 2665 1649 2722 Deus
1667 2665 1803 2737 loquitur-

457 2769 575 2827 sgqpqo
594 2771 644 2829 px·
1004 2763 1108 2820 pacem,
1123 2749 1195 2805 sicut
1218 2756 1246 2805 et
1259 2749 1390 2821 propbeta
1408 2749 1476 2805 alius
1495 2757 1550 2806 tres
1564 2758 1668 2808 tantum
1682 2755 1805 2824 precidit

1004 2834 1158 2905 eluendos,
1175 2837 1243 2902 Noe,
1257 2837 1406 2904 Danielem,
1427 2837 1518 2892 ottob
1532 2836 1643 2910 (Enceb.
1662 2857 1717 2908 xta,
1732 2845 1779 2915 at)
1794 2862 1802 2900 :

148 2875 188 2929 De
202 2874 294 2930 uerbis
307 2875 435 2946 Apostoli
448 2876 485 2932 ad
498 2880 576 2934 Rom.
594 2892 613 2945 t,
630 2881 674 2948 20,
693 2899 704 2927 ι
726 2877 882 2935 lnurstbrttn
904 2880 951 2937 Dei
1113 2925 1119 2936 .
1199 2925 1204 2936 .
1345 2924 1350 2936 .
1674 2929 1680 2940 .

185 2961 204 3000 a
219 2948 357 3002 mmm
375 2947 485 3013 mundi,
508 2968 519 2998 ,
539 2960 604 3015 ,κη
627 2952 655 3003 32
678 2947 711 3005 ,13
733 2948 823 3004 vergi,
845 2951 951 3020 psalm,-
1004 2932 1138 2983 contrario
1160 2925 1269 2998 qu1dem
1292 2928 1399 2991 ordine,
1419 2925 1467 2981 sed
1490 2925 1598 2982 eosdem
1621 2930 1732 2986 ordines
1755 2949 1803 2990 ex·

185 3029 305 3080 mm,
318 3019 345 3080 q,
360 3031 380 3071 1,
393 3017 514 3074 Audiam
529 3019 597 3091 qugd
613 3019 745 3094 loquatur
757 3020 791 3075 q,
803 3035 848 3077 mg
857 3019 950 3078 pomi.
1004 3013 1133 3086 primens,
1150 3013 1348 3070 continentium
1370 3013 1471 3072 scilicet
1494 3015 1667 3086 prelatorum
1687 3028 1714 3076 et
1733 3037 1801 3077 con-

186 3101 243 3143 nna
261 3087 376 3152 Deua»
397 3097 450 3142 etc.
811 3127 815 3132 -
965 3141 988 3220 ο
1001 3103 1185 3176 jugatorum:
1224 3101 1248 3156 si
1282 3107 1370 3158 temen
1402 3101 1571 3159 continentes
1602 3121 1618 3160 a
1649 3109 1802 3167 carnalibus

187 3195 215 3247 l.
247 3193 405 3250 invisibittn
428 3195 488 3260 Ilei,
514 3193 649 3265 apostolo
673 3201 751 3260 teste,
775 3211 793 3252 o
816 3199 951 3253 creatora
1004 3189 1135 3248 illecebris
1149 3188 1184 3245 ad
1198 3204 1230 3245 ea
1247 3205 1309 3261 qaae
1328 3189 1419 3246 cordis
1437 3199 1508 3258 sunt,
1523 3191 1551 3246 id
1566 3203 1607 3250 est
1620 3193 1653 3248 ad
1672 3196 1802 3268 spiritua.

149 3281 454 3355 mundifflgrgaquoe
473 3284 554 3354 facta
571 3288 653 3356 gunt,
669 3285 818 3343 intgllggta
837 3288 950 3359 compi.
1003 3276 1039 3332 lla
1067 3276 1211 3345 debltlell&
1241 3284 1451 3350 convellblllll13
1482 3279 1554 3334 unde
1585 3289 1613 3336 dl
1640 3283 1733 3340 Daniel
1756 3291 1801 3344 vt't'

150 3370 281 3425 ciuntur.
297 3369 330 3424 Et
344 3381 384 3426 est
399 3370 473 3427 uelut
485 3371 636 3428 maronis
649 3372 759 3444 quidam
771 3373 848 3440 liber,
863 3381 889 3428 ct
904 3389 948 3432 ca·
1003 3365 1207 3424 desideriorum
1230 3367 1264 3420 ab
1283 3364 1380 3438 anselo
1403 3367 1557 3422 ¹10¹¹¹i¹1³l¹¹r
1574 3365 1657 3438 (oon.
1683 3387 1713 3435 x,
1730 3371 1796 3442 ill:

149 3458 213 3510 lena
229 3455 362 3528 alligatus,
381 3463 410 3512 ut
432 3458 543 3526 assolet,
559 3458 695 3518 sensibilis
715 3459 831 3516 mundus
844 3459 906 3529 iste,
920 3466 950 3516 nt
1003 3463 1030 3510 el
1043 3453 1145 3524 praelati
1170 3453 1300 3523 prodesse
1319 3451 1407 3528 magis
1420 3453 1556 3524 studeant,
1572 3471 1652 3527 quam
1669 3474 1798 3534 praeesse,

149 3543 180 3598 in
195 3557 229 3599 eo
244 3543 404 3615 sapientiam
419 3545 467 3600 Dei
492 3545 564 3619 legat
582 3546 735 3620 quicmqua
749 3548 876 3604 voluerit.
891 3549 950 3604 Erit
1003 3541 1129 3616 quoniam
1144 3539 1219 3614 ipsos
1241 3542 1447 3598 masimedecet
1462 3541 1625 3612 sanctitudo,
1642 3546 1714 3604 unde
1727 3555 1753 3604 et
1771 3549 1800 3606 in

151 3639 245 3690 nmen
272 3648 334 3688 eum
357 3632 453 3689 caelum
478 3633 623 3706 plicabitur
647 3637 719 3693 siout
739 3635 816 3704 liber,
841 3637 868 3693 in
894 3653 949 3710 qao
1003 3631 1107 3704 psalmo
1122 3629 1207 3686 ⁸⁸⁰0st
1231 3629 1386 3700 specialiter
1406 3630 1598 3702 appellamur:
1620 3639 1647 3690 et
1662 3637 1801 3708 conjugati

148 3719 244 3791 urique
266 3735 344 3778 nomo
363 3721 494 3795 deinceps
519 3723 610 3796 loger-0
628 3724 723 3780 habear
748 3741 868 3794 necesso,
883 3742 950 3799 quo.
1003 3717 1127 3776 mandata
1148 3731 1202 3773 non
1216 3716 1461 3790 transgrediantur,
1477 3727 1506 3776 nt
1528 3720 1625 3776 merito
1644 3723 1724 3794 plebs
1746 3728 1802 3784 Do·

148 3809 222 3864 niam
238 3817 318 3866 erunt
336 3825 431 3866 omnes
446 3810 577 3868 docibiles
599 3813 647 3870 Dei
669 3815 759 3884 (loon.
775 3829 815 3882 m,
831 3815 899 3885 lb):
922 3821 951 3872 et
1003 3806 1081 3877 mini,
1097 3815 1124 3863 et
1137 3821 1203 3863 oses
1214 3820 1322 3878 pascuae
1336 3807 1397 3874 ejus
1409 3805 1524 3864 debeant
1537 3809 1679 3867 nomenari.

131 3896 379 3968 quemadmodem
392 3907 515 3956 creatura
529 3899 605 3969 coeli,
616 3901 656 3956 sie
670 3908 830 3957 etcreatnra
844 3903 951 3971 mundi,
1038 3899 1064 3954 l.
1082 3897 1140 3952 lmo
1158 3909 1223 3951 vero
1242 3889 1271 3951 et'
1292 3895 1319 3948 io
1343 3894 1421 3951 nobis
1440 3894 1506 3964 ipsis
1523 3895 1661 3969 (quoniam
1681 3899 1745 3957 iodc
1759 3911 1801 3962 est

146 3986 205 4054 jam
229 3998 283 4040 non
305 4001 356 4056 per
379 3987 520 4057 speculum
543 3997 571 4044 et
592 3988 620 4045 in
639 3988 790 4060 enigmate,
806 3989 853 4045 sed
880 3991 948 4050 iacis
1002 3985 1081 4042 nobe
1105 3983 1220 4056 amplior
1242 3981 1407 4056 sollicitudo)
1432 3994 1486 4040 tres
1510 3985 1577 4041 istos
1604 3987 1711 4044 ordines
1734 3992 1801 4048 assi·

149 4073 186 4128 ad
209 4071 304 4130 taciem
318 4073 753 4149 Derrm'videbit,etsapiontiam
776 4077 837 4148 ejus
860 4079 894 4134 ad
916 4079 948 4135 li·
1002 4089 1088 4146 gnare
1111 4074 1244 4144 solemus3
1269 4071 1377 4145 plebem
1398 4071 1507 4143 quidem
1529 4073 1710 4146 intelligentes
1735 4079 1799 4133 oili-

146 4159 260 4232 quidum
290 4163 517 4231 contemplabitur
544 4163 571 4220 in
594 4180 623 4221 se
651 4166 719 4237 ipsa.
748 4167 858 4222 Interim
884 4183 948 4226 vero
1002 4164 1084 4221 ciales
1107 4161 1214 4228 iratres,
1230 4160 1466 4232 solennioribus
1483 4168 1511 4217 et
1526 4161 1603 4234 quasi
1627 4165 1800 4236 popularibus

147 4261 221 4318 opus
241 4247 324 4304 babet
342 4249 460 4305 humana
478 4251 567 4308 aniana
590 4253 665 4310 velut
683 4253 800 4325 quodam
824 4255 947 4315 vehiculo
1002 4251 1118 4328 negotiis
1141 4256 1314 4320 occupantur.
1341 4249 1376 4304 Αι
1397 4263 1463 4307 sero
1486 4248 1534 4322 qui
1557 4258 1749 4312 convertuntur
1765 4257 1798 4315 ed

147 4343 294 4402 ereatura,
320 4345 349 4391 nt
375 4337 409 4394 ad
436 4338 618 4411 cognitionem
642 4339 777 4396 Creatoris
801 4352 946 4418 assurgat:
1001 4356 1058 4409 eor,
1074 4339 1126 4413 ipsi
1149 4346 1212 4394 sunt
1234 4337 1399 4407 claustrales,
1413 4352 1482 4410 quos
1501 4336 1701 4410 nullaimpedit
1714 4357 1799 4399 oceu-

148 4440 212 4479 cum
239 4431 349 4480 econtra
372 4425 453 4497 longe
479 4428 584 4484 beatius
603 4428 804 4503 perfectiusque
825 4433 949 4506 angelica
1003 4429 1088 4502 patio,
1103 4427 1152 4485 aed
1177 4426 1260 4484 libere
1273 4433 1379 4492 vacant,
1396 4434 1427 4482 nt
1444 4426 1552 4482 rideant
1566 4429 1693 4500 quoniam
1707 4433 1799 4488 suauis

145 4518 245 4567 natura
275 4511 303 4568 in
326 4513 457 4571 creatore
477 4515 602 4588 ‘notitiam
621 4517 718 4572 babeat
741 4525 880 4576 ereatura.
905 4523 948 4581 Ad
963 4497 987 4576 ll
1003 4529 1044 4576 est
1064 4517 1207 4573 Dominus.
1231 4514 1318 4587 Super
1334 4518 1478 4586 utrumque
1501 4515 1631 4588 parietem
1652 4520 1726 4575 Deus
1754 4518 1798 4576 lo-

147 4613 234 4672 quam
263 4601 392 4658 nimirum
420 4604 618 4675 excellentiam,
648 4605 710 4663 lieet
737 4606 772 4663 ad
799 4609 947 4681 modicum,
1003 4606 1093 4678 quitur
1117 4619 1220 4677 pacem,
1234 4601 1362 4675 quoniam
1383 4603 1416 4658 ad
1440 4603 1509 4659 idem
1530 4605 1655 4675 tendunt,
1670 4605 1731 4664 lieet
1745 4623 1798 4664 uon

146 4699 228 4761 rapta
242 4690 327 4748 tuisse
341 4692 447 4748 videtur
461 4692 552 4750 anima
574 4694 619 4748 illa
634 4693 712 4750 beata
726 4694 793 4766 (st),
809 4711 870 4764 qnae
887 4696 947 4752 col·
1002 4697 1097 4754 eadem
1116 4694 1166 4752 via.
1181 4694 1229 4750 Est
1248 4693 1406 4763 psalterium
1425 4693 1578 4763 jucundum
1600 4710 1662 4751 eum
1685 4695 1797 4769 cithara,

145 4776 251 4836 lectum
266 4780 317 4835 sub
331 4795 387 4838 uno
400 4779 470 4838 solis
481 4781 557 4837 radio
570 4781 704 4838 mundam
719 4781 875 4840 universum
885 4799 947 4840 con·
962 4803 966 4810 ·
1002 4801 1053 4842 noc
1074 4782 1163 4840 minus
1175 4781 1311 4852 jucundus
1334 4788 1377 4836 est
1390 4795 1473 4837 sonus
1492 4781 1611 4852 cithare,
1627 4799 1707 4854 quam
1721 4788 1796 4858 psal·

146 4867 256 4937 spexit:
283 4873 317 4925 de
331 4883 385 4938 qao
400 4869 529 4926 miraculo
545 4869 641 4926 beatus
662 4886 731 4941 papa
750 4869 900 4943 Gregorius
919 4873 947 4930 in
1002 4872 1070 4940 terii,
1085 4871 1146 4928 licet
1160 4869 1219 4926 baeo
1241 4867 1278 4922 ab
1299 4866 1475 4925 interioribus
1489 4867 1585 4925 reddat
1605 4886 1711 4939 sonum,
1730 4873 1797 4932 illud

144 4955 219 5013 libro
246 4957 429 5031 Diutoporanr
459 4957 590 5030 scribens,
620 4976 634 5011 a
658 4957 775 5031 videnti,
805 4980 818 5014 a
846 4960 944 5034 inquit,
1000 4955 1234 5029 esuperioribue.
1254 4955 1442 5012 Verumtamen
1462 4958 1590 5028 optimam
1615 4971 1717 5032 partem
1739 4964 1797 5020 ela-

147 5065 161 5096 ι
188 5043 344 5104 Creatorem
367 5053 482 5120 ungusta
505 5055 547 5104 est
565 5047 653 5104 omnis
680 5054 802 5104 creatura
818 5047 888 5120 (Lib.
912 5065 943 5120 ιι,
1000 5050 1039 5122 git
1070 5048 1162 5114 llaria,
1190 5045 1252 5100 licet
1283 5059 1337 5116 non
1368 5043 1481 5102 minoris
1506 5046 1621 5104 tortasse
1647 5049 1736 5106 meriti
1764 5051 1799 5108 sit

145 5133 376 5208 pontepuro).
401 5156 412 5186 ι
439 5135 544 5193 Felices
566 5135 677 5207 proinde
693 5135 740 5207 qni
763 5136 894 5195 satiamur
912 5154 944 5193 es
1000 5137 1072 5210 apud
1100 5137 1188 5192 Deum
1212 5131 1324 5190 humilis
1346 5133 1519 5191 waversatio
1541 5136 1652 5192 barrus
1668 5154 1675 5192 ι
1694 5137 1742 5192 sed
1764 5138 1798 5195 de

144 5219 228 5292 adipe
255 5219 392 5294 lmnrenti,
421 5239 471 5281 nec
492 5238 563 5296 opus
586 5222 688 5280 habent
711 5238 809 5296 sugere
833 5224 884 5278 mel
911 5223 946 5281 da
1001 5224 1130 5281 electione
1151 5219 1237 5278 liaris
1251 5220 1376 5279 landatur
1394 5220 1471 5294 (Luc.
1492 5239 1519 5289 a,
1534 5225 1591 5292 dt),
1606 5225 1735 5298 qnoniam
1752 5224 1798 5280 illa

144 5314 236 5381 petra,
260 5309 405 5383 oleumque
430 5311 465 5368 de
489 5326 554 5368 saxo
578 5309 742 5381 durissim03
772 5308 878 5368 1¹⁰5
900 5310 946 5382 qni
1000 5311 1109 5386 quidem
1137 5308 1259 5376 omnino,
1282 5311 1354 5382 qnod
1382 5311 1416 5366 ad
1444 5325 1494 5368 nos
1516 5318 1628 5381 spectat,
1655 5311 1798 5384 eligenda,-

143 5396 273 5456 videlicet
301 5397 447 5456 invisibilia
475 5399 527 5457 Dei
560 5414 615 5457 non
644 5397 795 5456 visibilibus
823 5400 947 5458 rimando
1000 5403 1060 5460 baec
1085 5414 1163 5467 sero,
1188 5400 1211 5456 si
1235 5399 1401 5475 iniungitur,
1422 5399 1558 5473 patienter
1581 5409 1621 5456 est
1647 5399 1796 5475 toleranda,
1826 5469 1831 5476 ¹

184 5537 244 5612 (st)
269 5539 404 5596 Nimirum
429 5541 458 5598 S.
486 5541 660 5612 Benedictus,
703 5557 766 5599 uem
792 5541 948 5600 bernardus
1000 5542 1100 5600 nardus
1114 5540 1281 5598 insermone
1295 5543 1326 5596 ³1
1343 5541 1371 5597 in
1385 5539 1493 5597 Cantica
1507 5555 1583 5599 num.
1598 5541 1625 5612 2,
1642 5540 1708 5596 ait«
1760 5543 1797 5599 od

146 5620 241 5668 censet
254 5610 356 5668 vidisse
366 5611 462 5679 Deum,
474 5611 537 5670 licet
551 5614 659 5686 raptim,
709 5629 777 5687 sque
793 5633 806 5666 a
823 5613 947 5672 vehiculo
1001 5629 1053 5672 neo
1066 5611 1183 5684 sapiens,
1195 5627 1246 5670 neo
1256 5618 1374 5680 sanctus,
1386 5613 1590 5687 neopropbeta,
1604 5611 1696 5669 ridere
1706 5611 1728 5670 il
1739 5631 1795 5684 um,

145 5691 318 5750 emeterium
338 5699 370 5740 ao
392 5684 504 5756 proinde
524 5683 553 5740 in
571 5699 601 5741 so
620 5685 691 5758 ipso,
706 5692 734 5742 at
753 5684 866 5758 quidem
889 5687 947 5743 rin
1002 5685 1080 5744 acuti
1101 5693 1153 5755 est,
1176 5693 1274 5757 potest,
1292 5694 1339 5744 aut
1357 5683 1445 5757 potuit
1465 5683 1494 5740 in
1517 5684 1702 5757 corporebus
1721 5700 1797 5744 moro

146 5751 197 5810 Dei
212 5752 325 5826 lumine,
344 5775 356 5805 a
378 5761 407 5812 nt
424 5754 544 5828 loquitur
566 5754 739 5830 Gregorius:
756 5756 861 5814 tametsi
879 5759 949 5814 Ber·
1005 5756 1059 5814 tali.
1077 5777 1091 5807 ι
