4086 6344
275 425 330 484 907
750 414 778 472 S.
799 411 966 474 alannum
982 410 1118 470 naualis
1135 411 1449 476 amum-vatnunsts
1870 419 1925 477 aba

277 569 383 626 firmum
405 572 446 621 est
459 557 592 632 abjecisti,
611 557 657 613 sed
671 571 727 612 uon
749 557 823 630 quod
841 556 925 628 pium.
947 555 1070 611 Charitas
1086 551 1110 630 st
1125 545 1215 608 fellu?
1232 555 1335 606 meum,
1351 547 1380 596 ⁰⁸
1405 539 1526 613 lindum
1541 541 1652 597 meam?
1675 541 1707 600 Εῑ
1720 543 1832 615 quidem
1845 543 1926 599 5⁰⁶⁰·

275 655 390 726 donique
404 664 541 721 nunquam
555 645 652 703 excidit
666 645 689 716 (f
702 645 763 703 Cor.
777 660 840 715 nris,
855 644 887 716 8)
904 663 910 702 :
927 657 981 699 non
995 641 1070 698 obli.
1123 625 1194 682 fessa
1219 644 1325 697 manua,
1340 628 1436 686 oculus
1462 628 1587 701 simplex,
1614 639 1708 700 pectus
1735 632 1855 700 consilii,
1870 630 1925 688 lin·

273 745 385 804 visceris
399 757 442 798 me
456 741 484 796 in
499 737 591 794 finem.
1123 715 1300 788 gualoqueos
1317 717 1458 788 iudicium,
1473 717 1543 773 siout
1557 715 1687 790 scriptum
1712 726 1775 775 est:
1803 721 1836 779 Os
1846 721 1926 790 justi

310 836 337 891 6,
356 813 464 889 'Videor
484 825 551 881 mihi
570 823 647 897 quasi
668 821 760 878 audire
788 820 898 878 fratrem
922 835 1011 876 meum
1031 819 1072 874 di.
1123 802 1926 880 meditatatorscpienttam,ettinqaoc'ostoqaetorjuus-

273 927 379 978 centem
396 940 402 976 :
420 914 657 988 Nunqutdmoter
670 910 794 968 obliuisci
806 910 911 982 potent
924 908 981 978 filii
993 910 1071 964 uteri
1125 895 1202 949 cium
1216 892 1303 964 (Psoi.
1320 910 1418 962 ΠΜ,
1431 897 1488 966 3⁰)-

274 1010 342 1068 sui?
355 1001 740 1074 Etsiitlooblitufuerit,epo
752 997 1071 1055 tamennonofrliuiscor
1159 991 1187 1044 7.
1203 989 1256 1045 Sed
1274 991 1338 1063 quid
1358 991 1412 1047 dixi
1440 989 1506 1050 foris
1528 1003 1651 1064 agentern
1671 993 1771 1051 illum?
1784 995 1865 1067 quasi
1880 995 1927 1049 in-

275 1102 320 1156 tm.
334 1101 398 1170 Usa·
422 1111 499 1154 xm·
519 1091 574 1164 45).
590 1091 648 1146 Non
673 1087 780 1159 ,xpegq
798 1102 921 1158 prorsus,
942 1085 1001 1142 Scis
1024 1085 1069 1140 ubi
1124 1085 1201 1133 terna
1227 1077 1359 1134 Girardus
1389 1080 1517 1150 nesciret,
1549 1095 1583 1137 ac
1614 1083 1795 1154 spiritualium
1826 1098 1928 1154 expers

273 1203 377 1253 „mg
397 1184 443 1241 uni
460 1184 572 1254 jaceam,
587 1177 633 1235 ubi
657 1175 798 1250 reliqueris
811 1191 874 1244 me3
895 1189 950 1230 non
965 1181 1006 1229 est
1022 1173 1070 1247 qui
1124 1171 1196 1220 esset
1209 1165 1352 1223 donorum.
1367 1167 1472 1224 Norunt
1486 1167 1533 1240 qui
1547 1169 1623 1226 illurn
1638 1179 1738 1229 norunt
1752 1171 1925 1246 spirituales,

274 1278 395 1352 porrigar
408 1287 526 1330 manum.
540 1269 582 1325 nd
598 1282 678 1323 omna
696 1265 766 1338 quod
783 1263 933 1336 emerserit,
953 1261 1069 1333 respicio
1124 1269 1204 1326 quam
1220 1256 1304 1314 verba
1317 1257 1377 1327 ejus
1402 1255 1528 1328 spiritum
1551 1259 1717 1318 redolerent.
1730 1262 1839 1320 Norunt
1854 1277 1928 1318 con·

274 1365 466 1423 adGirardum
485 1350 986 1423 utconsueveram,etnouest.lleul
1005 1363 1070 1408 tuuc
1124 1343 1287 1412 tabernulas,
1316 1361 1397 1419 quam
1410 1362 1503 1404 mores
1520 1349 1582 1420 ejus
1595 1356 1622 1405 et
1636 1349 1727 1406 studia
1743 1366 1800 1408 non
1814 1367 1928 1408 earnem

273 1453 423 1528 ingemisco
446 1450 537 1519 miser,
562 1449 631 1505 siout
644 1445 725 1500 bomo
740 1442 799 1500 siue
820 1440 966 1509 adiutorio.
981 1439 1068 1510 Quem
1124 1441 1262 1503 saperent,
1272 1435 1320 1490 sed
1345 1433 1479 1492 ferverent
1492 1436 1600 1510 spiritu.
1616 1436 1685 1507 Quis
1699 1438 1748 1495 illo
1764 1439 1880 1512 rigidior
1899 1439 1929 1495 in

274 1544 411 1604 consulam
426 1542 453 1595 iu
467 1535 625 1610 ambiguis?
646 1533 689 1591 cui
713 1533 741 1588 in
756 1530 876 1589 adversis
889 1527 995 1586 fidam?
1009 1526 1069 1601 quis
1124 1520 1246 1580 custodia
1260 1521 1431 1595 discipline?
1445 1526 1507 1597 quis
1520 1525 1549 1582 in
1559 1525 1719 1599 castigando
1733 1543 1833 1600 eorpus
1848 1544 1929 1586 suum

274 1632 390 1705 portabit
405 1627 509 1687 onere?
532 1625 593 1698 quis
617 1621 736 1695 pericula
756 1618 948 1693 propulsabit?
972 1617 1069 1673 Nonne
1123 1609 1280 1679 districtior,
1293 1612 1449 1684 suspensior
1459 1614 1500 1672 vel
1514 1615 1655 1671 sublimior
1668 1616 1696 1672 in
1707 1618 1930 1689 contemplando,

273 1723 374 1795 ubique
387 1735 497 1794 gressus
515 1730 592 1773 meos
611 1713 721 1770 Girardi
735 1709 807 1767 oculi
821 1707 958 1765 anteibant
972 1705 1068 1778 lolius,
1124 1699 1249 1756 subtilior
1256 1700 1283 1756 in
1297 1701 1477 1760 disserendo?
1493 1703 1607 1774 Quoties
1620 1721 1684 1762 cum
1698 1721 1732 1764 eo
1746 1705 1886 1766 deserens
1896 1723 1930 1764 ea
2030 1707 2031 1776 ,

273 1809 437 1882 animabant]
448 1810 462 1863 ‘l
472 1809 568 1863 Nonne
580 1813 666 1872 tuum,
676 1799 801 1868 Girarde,
812 1807 905 1870 pectus
918 1811 990 1851 oure
1004 1810 1071 1851 meae
1093 1829 1118 1908 Β
1130 1787 1211 1845 οἰοιοῖ
1221 1791 1454 1862 quaenesoicbam:
1465 1793 1543 1866 etqui
1555 1783 1686 1852 docturus
1696 1796 1871 1866 adveneram,
1881 1799 1931 1856 do-

275 1903 375 1970 nnaus,
401 1914 484 1972 quarn
507 1909 597 1950 meum
624 1891 709 1964 ipsius
739 1888 885 1953 habebant,
911 1883 1070 1940 familiarius
1131 1885 1189 1934 otus
1203 1880 1607 1954 magisabscessi?Necmirum
1616 1885 1784 1952 demessum
1796 1888 1931 1963 magniac

274 1989 455 2058 incursabant,
470 1984 560 2042 aurius
573 1982 707 2056 urgebant
717 1977 816 2051 (lddl‘l
830 1977 927 2032 Nonne
939 1975 966 2030 in
980 1974 1071 2048 lingua
1125 1967 1263 2040 sapientes
1276 1969 1328 2024 riri
1343 1971 1369 2024 id
1385 1971 1473 2041 ipsum
1486 1972 1660 2032 nihilomiuus
1675 1992 1707 2032 ex
1721 1975 1770 2032 illo
1786 1975 1839 2034 sibi
1852 1978 1930 2034 acci-

276 2089 321 2136 sus
349 2077 394 2133 illa
419 2074 544 2146 placabili
562 2078 590 2128 et
608 2070 710 2144 potenti
740 2081 827 2122 meam
859 2080 875 2120 a
901 2063 1073 2120 sermonibus
1124 2055 1417 2115 dissetestentur.Non
1436 2062 1931 2136 cognovitlitteraturam;sedbabuit

277 2167 368 2224 seculi
390 2162 609 2237 frequentissime
628 2157 794 2221 vindicabas,
812 2150 924 2210 1356
947 2161 974 2208 et
986 2155 1072 2207 amico
1125 2144 1273 2202 litterarum
1282 2147 1450 2205 inventorem
1459 2165 1578 2218 sensum,
1590 2151 1681 2208 habuit
1692 2154 1930 2212 etilluminantem
2030 2227 2031 2230 Ἴ

275 2256 409 2313 reddebas
442 2251 571 2310 silentio?
597 2246 726 2306 Dominus
754 2244 863 2300 dederat
890 2241 929 2296 illi
953 2239 1074 2312 linguam
1125 2233 1263 2306 Spiritum.
1276 2238 1331 2293 Neo
1341 2237 1368 2294 in
1383 2239 1508 2296 maximis
1518 2243 1724 2311 tautum,sediu
1735 2245 1854 2302 minimis
1867 2261 1931 2302 ma-

276 2347 419 2413 ernditam,
436 2353 466 2400 ut
485 2345 566 2400 sciret
578 2338 687 2412 quando
701 2335 813 2394 deberet
838 2331 956 2405 proferre
969 2345 1073 2387 sermo·
1126 2323 1216 2380 ximus
1229 2335 1295 2382 erat.
1311 2326 1392 2398 Quid,
1408 2329 1485 2386 verbi
1498 2346 1590 2399 causa,
1606 2331 1634 2386 in
1647 2330 1774 2399 edificiis,
1799 2333 1826 2389 in
1842 2335 1930 2408 agris,

277 2453 351 2494 nem.
366 2436 406 2492 lta
420 2431 536 2504 denique
550 2431 577 2486 in
592 2425 938 2500 prudentiaresponsornm
952 2434 1073 2486 suorum,
1127 2412 1224 2484 hortis,
1238 2413 1326 2486 aquis,
1341 2417 1444 2472 cunctis
1460 2418 1576 2492 denique
1608 2419 1711 2478 artibus
1738 2425 1931 2496 senopefibus
2030 2425 2031 2436 ³

276 2534 304 2584 et
324 2526 351 2580 iu
366 2525 452 2596 gratia
466 2524 528 2579 data
550 2518 605 2574 sibi
627 2519 757 2588 desuper,
782 2521 809 2568 ,q
822 2509 978 2568 domegch,
996 2509 1077 2568 ggqis.
1128 2499 1313 2560 rusticorum?
1334 2505 1408 2575 quid,
1429 2506 1549 2580 iuquam,
1564 2509 1643 2566 velin
1657 2510 1710 2568 hoo
1723 2528 1813 2569 rerum
1827 2529 1930 2586 genere

275 2613 381 2670 facieba
404 2621 431 2669 ει
446 2608 554 2674 exteris,
571 2615 600 2662 ut
614 2621 685 2677 pene
705 2619 748 2660 me
762 2616 841 2657 nemo
858 2599 1015 2672 requireret,
1030 2599 1074 2657 cui
1127 2589 1236 2648 Girardi
1259 2592 1420 2670 subterfugit
1442 2596 1592 2667 peritiam?
1606 2599 1801 2670 Casmentariia,
1826 2601 1926 2674 fabris,

275 2702 352 2776 prior
375 2701 444 2758 forte
457 2696 590 2756 Girardus
610 2692 780 2751 occurrisset.
805 2689 972 2747 Occurrebat
984 2695 1074 2744 autem
1128 2679 1263 2754 agricolis,
1299 2683 1458 2752 hortulanis,
1487 2685 1633 2760 sutoribus,
1660 2699 1743 2763 atque
1774 2693 1930 2750 textoribus

275 2788 489 2854 adserentibus.
510 2797 649 2858 opponens
663 2797 703 2853 se,
726 2793 761 2835 ue
775 2777 865 2834 subito
879 2791 969 2832 meum
988 2775 1074 2833 ouum
1128 2768 1206 2826 facile
1228 2770 1354 2844 magister
1366 2779 1432 2829 erat.
1449 2773 1572 2849 Cumque
1589 2777 1711 2835 omnium
1735 2779 1837 2851 judicio
1871 2797 1933 2840 orn-

275 2879 456 2936 inoursarent.
477 2873 507 2930 Si
530 2871 629 2945 quibus
651 2884 716 2926 sane
738 2882 788 2941 per
802 2881 833 2922 se
848 2864 1004 2921 satisfacere
1018 2882 1074 2923 non
1127 2859 1208 2915 uibus
1223 2868 1295 2917 esset
1313 2861 1469 2934 sapientior,
1488 2866 1554 2924 solis
1574 2866 1601 2922 in
1623 2868 1680 2925 suis
1694 2870 1780 2926 oculis
1803 2886 1859 2928 non
1873 2877 1932 2929 aral

277 2967 379 3038 quibat,
402 2967 453 3021 bos
481 2959 647 3036 perducebat
665 2958 700 3012 ad
722 2972 774 3023 me,
800 2963 912 3012 caeteros
927 2955 1073 3012 emittebat.
1127 2948 1246 3021 sapiens.
1266 2951 1373 3008 Utinam
1388 2955 1496 3024 multos,
1525 2956 1578 3013 etsi
1603 2957 1693 3016 minus
1707 2961 1858 3033 sapientes,
1873 2977 1929 3020 non

275 3055 406 3114 Ovirnm
420 3049 601 3108 industriuml
626 3063 643 3104 o
666 3047 784 3103 amicum
798 3043 920 3101 fideleml
942 3052 970 3101 et
988 3045 1074 3101 amico
1128 3036 1188 3108 plus
1202 3040 1377 3112 tangeretilla
1392 3042 1544 3100 maledictio
1561 3062 1568 3101 ε
1589 3048 1631 3104 Vre
1644 3049 1844 3122 quisupientea
1859 3055 1929 3108 estis

274 3141 389 3217 gerebat
408 3154 527 3210 morem,
549 3145 578 3192 et
601 3133 702 3192 officiis
726 3132 866 3190 charitatis
895 3148 951 3216 non
977 3130 1080 3190 deerat.
1097 3115 1151 3194 tin
1165 3129 1255 3186 oculis
1268 3131 1369 3186 uestris
1384 3129 1449 3205 (lan.
1465 3149 1494 3204 u,
1511 3133 1575 3208 dl)l
1592 3136 1802 3195 scientibusista
1817 3141 1928 3214 loquor,

275 3232 344 3303 Quis
361 3245 446 3289 vacua
459 3231 493 3285 ab
514 3241 546 3284 eo
562 3224 673 3283 recessit
695 3224 798 3280 manu?
822 3221 850 3278 Si
874 3220 960 3290 dines,
981 3222 1072 3279 consi-
1127 3222 1154 3271 θῐ
1168 3217 1254 3274 adhuc
1268 3219 1345 3290 plura
1354 3219 1397 3276 111³
1410 3221 1444 3276 de
1455 3220 1514 3291 1¹¹⁰,
1532 3225 1846 3301 el¹¹¹flt'01’l2Wlfflin&
1864 3228 1929 3287 pff·

273 3319 357 3390 lium;
374 3315 398 3373 si
411 3330 524 3390 pauper,
544 3311 694 3367 subsidium
713 3307 879 3381 reportabat.
896 3308 953 3364 Nec
972 3323 1075 3382 quaere-
1127 3319 1159 3360 co
1182 3313 1281 3376 tamen,
1295 3309 1358 3380 quia
1384 3325 1447 3367 caro
1462 3327 1530 3380 urea,
1543 3321 1570 3370 et
1582 3313 1665 3371 frater
1690 3323 1742 3375 est.
1760 3317 1817 3375 lloc
1837 3327 1927 3376 umen

273 3406 320 3462 bag
334 3421 395 3478 quoe
416 3420 465 3460 ,ua
483 3408 556 3470 sunt,
570 3399 615 3472 qui
630 3413 661 3454 sc
675 3395 774 3452 mediis
787 3394 929 3467 ingerebat
946 3397 1029 3468 curis,
1043 3408 1075 3453 us
1126 3407 1239 3451 securus
1252 3394 1321 3452 addo
1337 3413 1345 3452 ε
1360 3398 1427 3453 milri
1454 3399 1564 3472 utilisgin
1588 3403 1724 3478 omnibus,
1739 3413 1768 3462 et
1792 3421 1850 3478 prae
1868 3423 1929 3464 om-

273 3510 326 3570 030
340 3509 473 3554 mmm,
492 3489 625 3562 sperabas
639 3485 723 3556 eninr,
738 3485 808 3542 sicut
822 3493 881 3541 erat
892 3483 1071 3557 humillimus,
1125 3480 1226 3550 uibus;
1241 3482 1291 3539 fuit
1304 3485 1376 3542 utilia
1402 3486 1430 3542 iu
1445 3489 1534 3560 parvis
1552 3498 1579 3548 et
1591 3493 1708 3566 magnis,
1723 3493 1752 3550 io
1773 3496 1887 3568 privatis
1900 3506 1929 3554 et

273 3584 406 3653 maiorem
421 3581 455 3636 de
470 3575 805 3648 nostraquietelructum,
821 3587 902 3645 quam
925 3571 1073 3630 sivaoaret
1124 3570 1564 3642 publicis,forisetintus.llerito
1579 3597 1615 3638 ea
1629 3597 1661 3638 eo
1676 3585 1828 3655 pendebam
1843 3595 1925 3654 totus,
2030 3609 2031 3616 ¹

283 3688 344 3744 pse.
369 3670 504 3728 interdum
524 3676 613 3723 tannen
635 3661 787 3734 postulabat
809 3661 921 3726 absolvi,
944 3668 971 3716 et
993 3662 1071 3718 alteri
1124 3659 1170 3730 qui
1189 3659 1256 3717 mibi
1279 3670 1364 3720 toturn
1377 3677 1445 3723 erat.
1464 3665 1575 3727 1351
1591 3670 1685 3726 Solum
1698 3673 1927 3746 penereliqueraa

273 3761 379 3830 cedere,
395 3758 473 3830 quasi
486 3755 532 3828 qui
547 3753 643 3810 melius
657 3750 818 3824 provideret.
835 3749 890 3806 Sed
905 3749 952 3805 ubi
967 3749 1013 3805 ille
1026 3750 1071 3806 in·
1123 3749 1191 3818 milri
1202 3751 1351 3821 provisoris
1365 3756 1494 3813 honorem
1509 3765 1536 3814 et
1550 3774 1648 3816 nomen
1664 3778 1672 3815 ε
1700 3775 1764 3818 uam
1776 3777 1854 3836 ,opas
1870 3767 1927 3838 ipae

273 3845 429 3907 veniretur?
447 3846 503 3901 Nec
530 3843 661 3916 petulanti
687 3839 789 3912 aliquo,
812 3845 842 3893 ut
863 3838 972 3906 assolet,
987 3839 1018 3892 in
1036 3854 1069 3895 eo
1123 3839 1246 3897 faciebat.
1263 3843 1322 3916 Ego
1349 3845 1485 3902 vocitabar
1511 3848 1606 3921 abbas,
1627 3851 1675 3906 sed
1697 3850 1745 3907 ille
1760 3860 1878 3923 praeerat
1897 3855 1925 3912 in

274 3935 357 3992 oflicii
370 3932 538 3990 detinebatur
552 3929 661 3994 affectu,
675 3927 722 3984 aed
738 3927 795 3982 solo
810 3925 907 3980 intuitu
921 3925 1069 3984 charitatis.
1123 3929 1316 3988 sollicitudine.
1332 3933 1426 3991 llerito
1441 3936 1572 4009 requierit
1591 3939 1620 3994 in
1645 3937 1693 3996 illo
1714 3940 1828 4012 spiritus
1840 3959 1924 4010 meus,

273 4023 413 4097 Siquidem
424 4019 619 4092 plusomnibus
633 4015 781 4086 laborabat,
796 4022 824 4072 et
838 4014 928 4070 miuus
942 4015 1071 4074 omnibus
1125 4035 1267 4093 perquem
1293 4021 1392 4079 licebat
1420 4024 1545 4082 delectari
1578 4026 1606 4082 in
1628 4026 1756 4098 Domino,
1778 4031 1925 4100 predicare

273 4113 439 4185 accipiebat;
467 4110 507 4166 ita
521 4117 551 4164 ut
570 4122 652 4178 saepe,
668 4121 730 4163 cum
751 4104 811 4160 aliis
825 4105 977 4160 necessaria
992 4105 1072 4161 mini·
1124 4107 1244 4176 liberius
1260 4125 1339 4168 orare
1353 4113 1483 4170 securius.
1501 4116 1549 4172 Per
1560 4116 1727 4190 te,inquam,
1750 4120 1831 4191 mibi,
1845 4122 1926 4179 frater
2030 4159 2031 4193 ,

273 4212 379 4270 straret,
394 4207 487 4274 egeret
509 4197 569 4271 ipse
588 4196 615 4251 in
640 4195 772 4268 pluribus,
795 4193 871 4252 serbi
894 4209 987 4268 cause,
1008 4196 1070 4252 cibo
1124 4197 1171 4268 mi,
1201 4215 1277 4255 mens
1296 4202 1389 4258 sobria
1400 4211 1427 4260 et
1450 4213 1528 4277 grata
1540 4207 1628 4278 quies,
1658 4223 1748 4266 sermo
1776 4209 1925 4278 efficacior,

273 4303 320 4350 aut
341 4301 426 4350 veste.
449 4288 572 4360 Denique
590 4301 653 4342 cum
672 4300 701 4341 se
723 4283 834 4342 sentiret
859 4283 984 4340 decessui
996 4286 1071 4357 {pro-
1088 4296 1110 4372 p
1126 4287 1252 4360 pinguior
1273 4291 1368 4362 oratio,
1413 4293 1578 4368 frequentior
1619 4296 1699 4355 leotio
1726 4306 1752 4355 et
1781 4298 1928 4360 fescennio,

271 4383 404 4456 pinquere
430 4395 437 4438 t
457 4399 470 4430 ι
489 4380 573 4446 Deus,
591 4395 603 4428 a
629 4375 728 4446 inquit,
746 4392 758 4427 r
775 4381 804 4429 tu
828 4374 883 4430 sois
896 4375 968 4446 quud
984 4392 1071 4448 quan·
1125 4375 1253 4436 affectus,

274 4483 331 4530 tum
347 4471 374 4526 iu
396 4483 441 4525 me
461 4465 523 4534 fuit,
549 4479 655 4537 semper
671 4462 765 4535 optavi
790 4463 927 4536 quietem3
944 4465 1010 4520 milri
1030 4467 1072 4521 in·
1162 4471 1188 4521 8.
1206 4467 1263 4524 fleu
1274 4467 1280 4522 !
1293 4470 1413 4528 sublatus
1430 4487 1471 4540 es,
1493 4481 1520 4528 ot
1534 4476 1592 4531 hee
1605 4475 1699 4532 omnia
1712 4476 1805 4536 simul,
1822 4479 1927 4536 Tecum

272 4562 392 4629 tendere,
419 4555 469 4612 tibi
495 4569 600 4614 vacare.
623 4552 677 4610 Sed
698 4552 857 4625 implicitum
879 4554 964 4610 tenuit
990 4554 1072 4612 timor
1125 4569 1221 4612 omnes
1236 4557 1337 4630 pariter
1355 4560 1448 4618 abiere
1475 4561 1592 4632 delicie,
1608 4575 1636 4621 et
1650 4565 1750 4623 laetitia
1773 4582 1855 4624 nreae.
1869 4569 1928 4624 tm

272 4659 343 4718 tuus,
386 4647 509 4707 voluntas
552 4643 673 4713 fratrum,
707 4650 734 4698 et
760 4641 878 4698 studium
912 4642 1069 4712 obediendi,
1125 4659 1198 4700 ourae
1220 4646 1336 4722 irruunt,
1367 4650 1425 4718 ianr
1453 4653 1584 4710 molestie
1599 4654 1661 4711 binc
1686 4655 1930 4729 iudepulsanaer

272 4755 355 4811 super
386 4735 476 4794 omnia
503 4731 609 4788 abbatis
642 4730 744 4804 pariter
771 4740 799 4787 et
829 4730 920 4786 fratris
939 4747 1070 4804 germana
1124 4735 1391 4812 angustiaeundique
1409 4741 1496 4798 solum
1516 4756 1559 4798 me
1581 4752 1748 4816 repererunt,
1766 4745 1835 4803 solae
1863 4746 1930 4804 milui

271 4827 390 4884 dileetio.
407 4845 420 4880 n
437 4825 477 4882 lta
498 4832 549 4880 est.
565 4821 673 4878 Gratius
688 4819 746 4889 tibi,
767 4819 860 4891 frater,
875 4821 909 4877 de
924 4821 997 4876 omni
1013 4822 1070 4878 fru·
1124 4840 1150 4894 qe
1160 4826 1276 4883 abeunte
1285 4839 1481 4898 remanserunt,
1491 4831 1565 4888 solus
1579 4835 1629 4890 sub
1639 4833 1743 4891 sarcina
1756 4851 1853 4910 gemo.
1875 4839 1931 4894 Aua

271 4927 316 4976 ctu
338 4931 469 4983 meorum,
494 4915 517 4969 si
544 4914 606 4986 quis
632 4920 685 4984 est,
711 4912 738 4965 in
766 4907 883 4965 Domino
907 4909 1068 4970 studiomm.
1123 4928 1233 4986 ponere,
1248 4924 1295 4972 ant
1314 4919 1430 4990 opprimi
1458 4936 1569 4979 necesse
1582 4930 1633 4992 est,
1661 4923 1727 4996 quia
1746 4932 1778 4982 tu
1796 4933 1861 4984 auos
1875 4927 1931 4984 hu.

271 5007 332 5062 Tibi
358 5005 445 5061 dobeo
471 5005 495 5060 si
525 5003 635 5074 profeci,
660 5000 684 5056 si
707 5000 805 5071 profui.
826 5001 868 5057 'fu
887 5000 1067 5073 intricabaris,
1123 5019 1212 5060 meros
1236 5006 1396 5065 subduxisti.
1412 5007 1481 5077 Quis
1506 5010 1573 5067 milri
1591 5011 1691 5068 tribuat
1709 5013 1763 5070 cito
1780 5015 1851 5071 mori
1867 5027 1931 5088 post

269 5105 297 5154 et
323 5109 376 5170 ego
401 5101 448 5150 tuo
473 5091 606 5150 beneficio
634 5091 743 5146 feriatus
771 5090 899 5145 sedebam
923 5091 999 5162 mihi,
1023 5101 1070 5149 aut
1123 5103 1148 5150 te
1162 5094 1176 5147 ι
1190 5093 1260 5150 Nam
1286 5110 1335 5168 pro
1354 5105 1380 5153 te
1394 5097 1487 5168 nolim,
1504 5115 1555 5156 nec
1582 5109 1609 5158 te
1625 5108 1671 5158 tua
1687 5102 1815 5160 fraudare
1841 5107 1931 5178 gloria

268 5192 341 5246 certe
364 5182 463 5240 diuinis
485 5180 623 5253 obsequiis
647 5181 764 5236 sanetius
784 5180 945 5250 occupabar,
961 5186 1007 5236 aut
1020 5183 1068 5238 do·
1123 5181 1207 5238 Porro
1217 5184 1389 5256 supervivere
1405 5186 1462 5254 tibi,
1481 5185 1558 5244 labor
1571 5196 1597 5244 et
1609 5189 1698 5248 dolor.
1718 5191 1826 5262 Vivam,
1839 5195 1932 5264 quoad

267 5279 359 5334 ctrinae
372 5273 492 5331 liliorum
507 5269 597 5326 utilius
608 5269 792 5324 intendebam.
808 5269 860 5324 Cur
870 5269 941 5324 onim
957 5284 1069 5326 securus
1122 5267 1220 5334 vivam,
1243 5267 1271 5323 in
1295 5271 1489 5342 amaritudiue;
1505 5274 1594 5332 vivam
1609 5274 1637 5330 in
1667 5291 1787 5333 moerore
1804 5293 1814 5350 ς
1830 5285 1859 5333 et
1874 5279 1932 5334 baee

267 5377 346 5424 entus
368 5380 424 5421 non
453 5377 550 5426 essem
582 5375 644 5414 cum
669 5365 694 5414 te
722 5357 818 5415 scirem
846 5357 966 5430 agintem
995 5357 1064 5416 foris
1122 5354 1157 5410 sit
1171 5355 1407 5432 maniconsolario,
1423 5367 1453 5415 ut
1479 5363 1620 5419 moerendo
1639 5363 1754 5440 affligar.
1776 5365 1840 5423 Non
1863 5381 1933 5439 par.

267 5471 374 5513 mauum
388 5453 533 5510 dexteram*
550 5465 648 5518 meam,
669 5449 759 5504 lumen
773 5448 915 5506 oculormn
930 5463 1062 5523 meorum,
1120 5460 1198 5520 cam3
1219 5455 1248 5504 et
1272 5448 1373 5518 juvabo
1400 5465 1511 5508 manum
1538 5451 1670 5513 Domini:
1702 5453 1802 5514 etenim
1830 5471 1928 5512 mmm

266 5609 376 5736 Visera)
401 5610 431 5666 td
445 5618 565 5740 &statur
592 5607 719 5667 Bernardi
734 5622 781 5680 per
807 5607 952 5666 Girardum
980 5608 1118 5685 increpato
1145 5613 1180 5670 dc
1206 5610 1342 5671 miraculis
1382 5626 1416 5671 ae
1444 5613 1467 5672 is
1495 5613 1559 5674 inde
1586 5613 1777 5688 insolesceret,
1792 5615 1833 5674 in.
1848 5614 1928 5674 tib.r

336 5699 429 5747 ,ttuttn
482 5723 490 5740 .
