<?xml version="1.0" encoding="UTF-8"?>
<!DOCTYPE html PUBLIC "-//W3C//DTD XHTML 1.0 Transitional//EN"
    "http://www.w3.org/TR/xhtml1/DTD/xhtml1-transitional.dtd">
<html xmlns="http://www.w3.org/1999/xhtml" xml:lang="en" lang="en">
 <head>
  <title>
</title>
<meta http-equiv="Content-Type" content="text/html;charset=utf-8" />
  <meta name='ocr-system' content='tesseract 3.04.00' />
  <meta name='ocr-capabilities' content='ocr_page ocr_carea ocr_par ocr_line ocrx_word'/>
</head>
<body>
  <div class='ocr_page' id='page_1' title='image "./patrologiaecurs142unkngoog_0245.png"; bbox 0 0 4150 6348; ppageno 0'>
   <div class='ocr_carea' id='block_1_1' title="bbox 270 435 1916 523">
    <p class='ocr_par' dir='ltr' id='par_1_1' title="bbox 270 435 1916 523">
     <span class='ocr_line' id='line_1_1' title="bbox 270 435 1916 523; baseline 0.002 -27"><span class='ocrx_word' id='word_1_1' title='bbox 270 437 323 498; x_wconf 84' lang='grc'>171</span> <span class='ocrx_word' id='word_1_2' title='bbox 744 437 775 502; x_wconf 85' lang='lat' dir='ltr'>S·</span> <span class='ocrx_word' id='word_1_3' title='bbox 790 435 960 500; x_wconf 69' lang='lat' dir='ltr'>mutuent</span> <span class='ocrx_word' id='word_1_4' title='bbox 979 435 1115 500; x_wconf 78' lang='lat' dir='ltr'>tuellis</span> <span class='ocrx_word' id='word_1_5' title='bbox 1128 437 1446 523; x_wconf 46' lang='grc' dir='ltr'>ΜΔΕ-1111111818</span> <span class='ocrx_word' id='word_1_6' title='bbox 1849 441 1916 501; x_wconf 58' lang='lat' dir='ltr'>‘ste</span> 
     </span>
    </p>
   </div>
   <div class='ocr_carea' id='block_1_2' title="bbox 267 558 1926 2768">
    <p class='ocr_par' dir='ltr' id='par_1_2' title="bbox 267 558 1926 2768">
     <span class='ocr_line' id='line_1_2' title="bbox 269 558 1916 660; baseline 0.002 -40"><span class='ocrx_word' id='word_1_7' title='bbox 269 561 347 626; x_wconf 87' lang='lat' dir='ltr'>Unde</span> <span class='ocrx_word' id='word_1_8' title='bbox 366 567 395 618; x_wconf 90' lang='lat' dir='ltr'>et</span> <span class='ocrx_word' id='word_1_9' title='bbox 411 560 545 632; x_wconf 76' lang='lat' dir='ltr'><strong>Propheta</strong></span> <span class='ocrx_word' id='word_1_10' title='bbox 567 558 706 632; x_wconf 70' lang='lat' dir='ltr'><strong>signanter</strong></span> <span class='ocrx_word' id='word_1_11' title='bbox 728 561 813 622; x_wconf 63' lang='lat' dir='ltr'>futuri,</span> <span class='ocrx_word' id='word_1_12' title='bbox 831 563 963 638; x_wconf 87' lang='lat' dir='ltr'>temporis</span> <span class='ocrx_word' id='word_1_13' title='bbox 980 565 1103 660; x_wconf 62' lang='lat' dir='ltr'>verbop</span> <span class='ocrx_word' id='word_1_14' title='bbox 1120 581 1212 624; x_wconf 86' lang='lat' dir='ltr'>cessus</span> <span class='ocrx_word' id='word_1_15' title='bbox 1228 561 1916 640; x_wconf 71' lang='lat' dir='ltr'>:sedproviderateisbomiuuainialsraoipsottu)</span> 
     </span>
     <span class='ocr_line' id='line_1_3' title="bbox 267 647 1915 730; baseline 0.005 -26"><span class='ocrx_word' id='word_1_16' title='bbox 267 665 334 710; x_wconf 87' lang='lat' dir='ltr'>usus</span> <span class='ocrx_word' id='word_1_17' title='bbox 347 648 474 720; x_wconf 81' lang='lat' dir='ltr'>videtur:</span> <span class='ocrx_word' id='word_1_18' title='bbox 489 650 578 720; x_wconf 79' lang='lat' dir='ltr'>Baeti,</span> <span class='ocrx_word' id='word_1_19' title='bbox 590 647 728 721; x_wconf 86' lang='lat' dir='ltr'>inquiens,</span> <span class='ocrx_word' id='word_1_20' title='bbox 739 654 787 726; x_wconf 83' lang='lat' dir='ltr'>qui</span> <span class='ocrx_word' id='word_1_21' title='bbox 797 653 973 715; x_wconf 66' lang='lat' dir='ltr'>mutuatis</span> <span class='ocrx_word' id='word_1_22' title='bbox 983 656 1064 714; x_wconf 89' lang='lat' dir='ltr'>domo</span> <span class='ocrx_word' id='word_1_23' title='bbox 1119 656 1208 712; x_wconf 81' lang='lat' dir='ltr'>locum</span> <span class='ocrx_word' id='word_1_24' title='bbox 1221 655 1321 729; x_wconf 89' lang='lat' dir='ltr'>quietis</span> <span class='ocrx_word' id='word_1_25' title='bbox 1335 654 1512 730; x_wconf 81' lang='lat' dir='ltr'>etrelrigarii,</span> <span class='ocrx_word' id='word_1_26' title='bbox 1528 654 1915 726; x_wconf 83' lang='lat' dir='ltr'>chaosmagnumfiumaoain-</span> 
     </span>
     <span class='ocr_line' id='line_1_4' title="bbox 268 737 1915 815; baseline 0.004 -19"><span class='ocrx_word' id='word_1_27' title='bbox 268 741 329 804; x_wconf 80' lang='lat' dir='ltr'>ma,</span> <span class='ocrx_word' id='word_1_28' title='bbox 342 738 478 805; x_wconf 83' lang='lat' dir='ltr'>Domioe;</span> <span class='ocrx_word' id='word_1_29' title='bbox 493 737 526 793; x_wconf 84' lang='lat' dir='ltr'>ic</span> <span class='ocrx_word' id='word_1_30' title='bbox 540 739 646 794; x_wconf 80' lang='lat' dir='ltr'>saeculo</span> <span class='ocrx_word' id='word_1_31' title='bbox 663 741 832 798; x_wconf 79' lang='lat' dir='ltr'>seculorum</span> <span class='ocrx_word' id='word_1_32' title='bbox 854 741 1012 801; x_wconf 73' lang='lat' dir='ltr'>uocabant</span> <span class='ocrx_word' id='word_1_33' title='bbox 1037 747 1065 798; x_wconf 83' lang='lat' dir='ltr'>le</span> <span class='ocrx_word' id='word_1_34' title='bbox 1122 754 1162 801; x_wconf 90' lang='lat' dir='ltr'>ter</span> <span class='ocrx_word' id='word_1_35' title='bbox 1176 744 1614 811; x_wconf 85' lang='lat' dir='ltr'>sauctaoillsstuimas,etauimas</span> <span class='ocrx_word' id='word_1_36' title='bbox 1625 743 1915 815; x_wconf 83' lang='lat' dir='ltr'>impiorum,Qusmvis</span> 
     </span>
     <span class='ocr_line' id='line_1_5' title="bbox 268 825 1918 908; baseline 0.006 -26"><span class='ocrx_word' id='word_1_37' title='bbox 268 826 355 898; x_wconf 85' lang='lat' dir='ltr'>(Paul.</span> <span class='ocrx_word' id='word_1_38' title='bbox 378 840 500 894; x_wconf 81' lang='lat' dir='ltr'>uxunu,</span> <span class='ocrx_word' id='word_1_39' title='bbox 517 825 555 895; x_wconf 82' lang='lat' dir='ltr'>b).</span> <span class='ocrx_word' id='word_1_40' title='bbox 571 826 640 881; x_wconf 90' lang='lat' dir='ltr'>Nam</span> <span class='ocrx_word' id='word_1_41' title='bbox 659 836 686 880; x_wconf 91' lang='lat' dir='ltr'>et</span> <span class='ocrx_word' id='word_1_42' title='bbox 704 827 798 884; x_wconf 84' lang='lat' dir='ltr'>beatus</span> <span class='ocrx_word' id='word_1_43' title='bbox 811 829 928 886; x_wconf 87' lang='lat' dir='ltr'>loannes</span> <span class='ocrx_word' id='word_1_44' title='bbox 947 831 975 886; x_wconf 90' lang='lat' dir='ltr'>io</span> <span class='ocrx_word' id='word_1_45' title='bbox 998 833 1069 903; x_wconf 81' lang='lat' dir='ltr'>Apo·</span> <span class='ocrx_word' id='word_1_46' title='bbox 1121 835 1194 890; x_wconf 87' lang='lat' dir='ltr'>enim</span> <span class='ocrx_word' id='word_1_47' title='bbox 1208 833 1367 906; x_wconf 79' lang='lat' dir='ltr'>utraquein</span> <span class='ocrx_word' id='word_1_48' title='bbox 1380 832 1499 889; x_wconf 86' lang='lat' dir='ltr'>tenebris</span> <span class='ocrx_word' id='word_1_49' title='bbox 1513 840 1612 899; x_wconf 90' lang='lat' dir='ltr'>essent,</span> <span class='ocrx_word' id='word_1_50' title='bbox 1632 847 1687 888; x_wconf 92' lang='lat' dir='ltr'>non</span> <span class='ocrx_word' id='word_1_51' title='bbox 1703 839 1827 908; x_wconf 85' lang='lat' dir='ltr'>utrasque</span> <span class='ocrx_word' id='word_1_52' title='bbox 1840 845 1918 892; x_wconf 87' lang='lat' dir='ltr'>orant</span> 
     </span>
     <span class='ocr_line' id='line_1_6' title="bbox 268 913 1915 994; baseline 0.006 -22"><span class='ocrx_word' id='word_1_53' title='bbox 268 913 373 987; x_wconf 78' lang='lat' dir='ltr'>calypsi</span> <span class='ocrx_word' id='word_1_54' title='bbox 387 928 441 971; x_wconf 93' lang='lat' dir='ltr'>non</span> <span class='ocrx_word' id='word_1_55' title='bbox 464 929 561 972; x_wconf 89' lang='lat' dir='ltr'>vocem</span> <span class='ocrx_word' id='word_1_56' title='bbox 574 913 671 982; x_wconf 89' lang='lat' dir='ltr'>landis,</span> <span class='ocrx_word' id='word_1_57' title='bbox 694 915 741 970; x_wconf 91' lang='lat' dir='ltr'>sed</span> <span class='ocrx_word' id='word_1_58' title='bbox 761 916 851 988; x_wconf 89' lang='lat' dir='ltr'>potius</span> <span class='ocrx_word' id='word_1_59' title='bbox 870 933 964 976; x_wconf 80' lang='lat' dir='ltr'>vocam</span> <span class='ocrx_word' id='word_1_60' title='bbox 980 920 1068 988; x_wconf 89' lang='lat' dir='ltr'>precis</span> <span class='ocrx_word' id='word_1_61' title='bbox 1121 922 1149 978; x_wconf 90' lang='lat' dir='ltr'>in</span> <span class='ocrx_word' id='word_1_62' title='bbox 1163 923 1268 994; x_wconf 86' lang='lat' dir='ltr'>poenis;</span> <span class='ocrx_word' id='word_1_63' title='bbox 1288 922 1334 978; x_wconf 88' lang='lat' dir='ltr'>aed</span> <span class='ocrx_word' id='word_1_64' title='bbox 1350 921 1538 980; x_wconf 88' lang='lat' dir='ltr'>cruciabantur</span> <span class='ocrx_word' id='word_1_65' title='bbox 1549 921 1635 993; x_wconf 90' lang='lat' dir='ltr'>impii,</span> <span class='ocrx_word' id='word_1_66' title='bbox 1649 922 1716 992; x_wconf 84' lang='lat' dir='ltr'>justi</span> <span class='ocrx_word' id='word_1_67' title='bbox 1734 939 1799 980; x_wconf 88' lang='lat' dir='ltr'>vero</span> <span class='ocrx_word' id='word_1_68' title='bbox 1813 939 1915 982; x_wconf 91' lang='lat' dir='ltr'>conso-</span> 
     </span>
     <span class='ocr_line' id='line_1_7' title="bbox 269 1003 1913 1081; baseline 0.006 -21"><span class='ocrx_word' id='word_1_69' title='bbox 269 1004 382 1062; x_wconf 88' lang='lat' dir='ltr'>audivit.</span> <span class='ocrx_word' id='word_1_70' title='bbox 395 1003 439 1062; x_wconf 90' lang='lat' dir='ltr'>Sic</span> <span class='ocrx_word' id='word_1_71' title='bbox 453 1003 524 1060; x_wconf 88' lang='lat' dir='ltr'>euim</span> <span class='ocrx_word' id='word_1_72' title='bbox 534 1003 632 1062; x_wconf 88' lang='lat' dir='ltr'>habes:</span> <span class='ocrx_word' id='word_1_73' title='bbox 649 1003 704 1062; x_wconf 75' lang='lat' dir='ltr'>snb</span> <span class='ocrx_word' id='word_1_74' title='bbox 718 1004 811 1062; x_wconf 84' lang='lat' dir='ltr'>altore</span> <span class='ocrx_word' id='word_1_75' title='bbox 821 1009 871 1064; x_wconf 82' lang='lat' dir='ltr'>Dei</span> <span class='ocrx_word' id='word_1_76' title='bbox 884 1008 982 1066; x_wconf 81' lang='lat' dir='ltr'>audiui</span> <span class='ocrx_word' id='word_1_77' title='bbox 991 1025 1067 1067; x_wconf 87' lang='lat' dir='ltr'>uoces</span> <span class='ocrx_word' id='word_1_78' title='bbox 1119 1012 1254 1075; x_wconf 74' lang='lat' dir='ltr'>labantur,</span> <span class='ocrx_word' id='word_1_79' title='bbox 1269 1009 1347 1080; x_wconf 88' lang='lat' dir='ltr'>Quod</span> <span class='ocrx_word' id='word_1_80' title='bbox 1362 1021 1452 1066; x_wconf 88' lang='lat' dir='ltr'>autem</span> <span class='ocrx_word' id='word_1_81' title='bbox 1478 1009 1640 1067; x_wconf 89' lang='lat' dir='ltr'>intenebris</span> <span class='ocrx_word' id='word_1_82' title='bbox 1663 1019 1764 1081; x_wconf 80' lang='lat' dir='ltr'>emant,</span> <span class='ocrx_word' id='word_1_83' title='bbox 1781 1013 1851 1070; x_wconf 87' lang='lat' dir='ltr'>beati</span> <span class='ocrx_word' id='word_1_84' title='bbox 1861 1014 1913 1070; x_wconf 84' lang='lat' dir='ltr'>lob</span> 
     </span>
     <span class='ocr_line' id='line_1_8' title="bbox 270 1092 1912 1170; baseline 0.004 -18"><span class='ocrx_word' id='word_1_85' title='bbox 270 1092 626 1163; x_wconf 77' lang='lat' dir='ltr'>occisorquuasvocesl</span> <span class='ocrx_word' id='word_1_86' title='bbox 639 1093 1069 1170; x_wconf 73' lang='lat' dir='ltr'>Vtadtrqbomiuesmpaamm</span> <span class='ocrx_word' id='word_1_87' title='bbox 1122 1098 1275 1156; x_wconf 89' lang='lat' dir='ltr'>testimonio</span> <span class='ocrx_word' id='word_1_88' title='bbox 1289 1098 1443 1167; x_wconf 77' lang='lat' dir='ltr'>didicimus,</span> <span class='ocrx_word' id='word_1_89' title='bbox 1461 1099 1509 1170; x_wconf 89' lang='lat' dir='ltr'>qni</span> <span class='ocrx_word' id='word_1_90' title='bbox 1522 1113 1665 1170; x_wconf 88' lang='lat' dir='ltr'>aequoque</span> <span class='ocrx_word' id='word_1_91' title='bbox 1679 1098 1707 1154; x_wconf 88' lang='lat' dir='ltr'>in</span> <span class='ocrx_word' id='word_1_92' title='bbox 1726 1098 1818 1158; x_wconf 89' lang='lat' dir='ltr'>locum</span> <span class='ocrx_word' id='word_1_93' title='bbox 1833 1107 1912 1158; x_wconf 88' lang='lat' dir='ltr'>tene·</span> 
     </span>
     <span class='ocr_line' id='line_1_9' title="bbox 269 1183 1900 1261; baseline 0.004 -19"><span class='ocrx_word' id='word_1_94' title='bbox 269 1188 432 1243; x_wconf 75' lang='lat' dir='ltr'>summram</span> <span class='ocrx_word' id='word_1_95' title='bbox 447 1187 565 1240; x_wconf 81' lang='lat' dir='ltr'>tuorum</span> <span class='ocrx_word' id='word_1_96' title='bbox 586 1183 635 1257; x_wconf 83' lang='lat' dir='ltr'>qui</span> <span class='ocrx_word' id='word_1_97' title='bbox 656 1184 766 1254; x_wconf 72' lang='lat' dir='ltr'>effusos</span> <span class='ocrx_word' id='word_1_98' title='bbox 790 1185 1058 1261; x_wconf 65' lang='lat' dir='ltr'>nemeamque)</span> <span class='ocrx_word' id='word_1_99' title='bbox 1122 1188 1231 1244; x_wconf 87' lang='lat' dir='ltr'>brosum</span> <span class='ocrx_word' id='word_1_100' title='bbox 1252 1195 1279 1242; x_wconf 91' lang='lat' dir='ltr'>et</span> <span class='ocrx_word' id='word_1_101' title='bbox 1292 1193 1414 1258; x_wconf 87' lang='lat' dir='ltr'>opertum</span> <span class='ocrx_word' id='word_1_102' title='bbox 1434 1187 1527 1244; x_wconf 91' lang='lat' dir='ltr'>mortis</span> <span class='ocrx_word' id='word_1_103' title='bbox 1553 1187 1666 1258; x_wconf 78' lang='lat' dir='ltr'>ealigine</span> <span class='ocrx_word' id='word_1_104' title='bbox 1682 1189 1839 1256; x_wconf 73' lang='lat' dir='ltr'>perhibebat</span> <span class='ocrx_word' id='word_1_105' title='bbox 1862 1191 1900 1248; x_wconf 91' lang='lat' dir='ltr'>itu</span> 
     </span>
     <span class='ocr_line' id='line_1_10' title="bbox 270 1270 1919 1353; baseline 0.003 -22"><span class='ocrx_word' id='word_1_106' title='bbox 270 1271 329 1331; x_wconf 83' lang='lat' dir='ltr'>Vox</span> <span class='ocrx_word' id='word_1_107' title='bbox 345 1272 441 1343; x_wconf 90' lang='lat' dir='ltr'>precis,</span> <span class='ocrx_word' id='word_1_108' title='bbox 451 1287 505 1330; x_wconf 92' lang='lat' dir='ltr'>noo</span> <span class='ocrx_word' id='word_1_109' title='bbox 520 1270 656 1328; x_wconf 88' lang='lat' dir='ltr'>laudisest</span> <span class='ocrx_word' id='word_1_110' title='bbox 667 1271 731 1326; x_wconf 87' lang='lat' dir='ltr'>ista.</span> <span class='ocrx_word' id='word_1_111' title='bbox 741 1271 792 1329; x_wconf 87' lang='lat' dir='ltr'>Sed</span> <span class='ocrx_word' id='word_1_112' title='bbox 806 1287 947 1344; x_wconf 87' lang='lat' dir='ltr'>quousque</span> <span class='ocrx_word' id='word_1_113' title='bbox 962 1274 1070 1348; x_wconf 84' lang='lat' dir='ltr'>alonge</span> <span class='ocrx_word' id='word_1_114' title='bbox 1122 1293 1181 1333; x_wconf 87' lang='lat' dir='ltr'>rum</span> <span class='ocrx_word' id='word_1_115' title='bbox 1197 1275 1255 1347; x_wconf 78' lang='lat' dir='ltr'>(tab</span> <span class='ocrx_word' id='word_1_116' title='bbox 1274 1291 1304 1342; x_wconf 84' lang='lat' dir='ltr'>x,</span> <span class='ocrx_word' id='word_1_117' title='bbox 1324 1275 1379 1348; x_wconf 81' lang='lat' dir='ltr'>tt).</span> <span class='ocrx_word' id='word_1_118' title='bbox 1405 1276 1482 1332; x_wconf 83' lang='lat' dir='ltr'>Hunc</span> <span class='ocrx_word' id='word_1_119' title='bbox 1495 1291 1560 1350; x_wconf 79' lang='lat' dir='ltr'>ergo</span> <span class='ocrx_word' id='word_1_120' title='bbox 1574 1277 1677 1342; x_wconf 86' lang='lat' dir='ltr'>locum,</span> <span class='ocrx_word' id='word_1_121' title='bbox 1691 1277 1835 1335; x_wconf 88' lang='lat' dir='ltr'>obscurum</span> <span class='ocrx_word' id='word_1_122' title='bbox 1854 1281 1919 1353; x_wconf 82' lang='lat' dir='ltr'>qai·</span> 
     </span>
     <span class='ocr_line' id='line_1_11' title="bbox 270 1358 1916 1439; baseline 0.004 -21"><span class='ocrx_word' id='word_1_123' title='bbox 270 1360 466 1418; x_wconf 73' lang='lat' dir='ltr'>circumdamus</span> <span class='ocrx_word' id='word_1_124' title='bbox 493 1359 578 1415; x_wconf 85' lang='lat' dir='ltr'>altare</span> <span class='ocrx_word' id='word_1_125' title='bbox 604 1358 687 1427; x_wconf 89' lang='lat' dir='ltr'>istud,</span> <span class='ocrx_word' id='word_1_126' title='bbox 717 1369 743 1414; x_wconf 90' lang='lat' dir='ltr'>et</span> <span class='ocrx_word' id='word_1_127' title='bbox 771 1375 895 1416; x_wconf 89' lang='lat' dir='ltr'>veremur</span> <span class='ocrx_word' id='word_1_128' title='bbox 916 1362 1069 1420; x_wconf 69' lang='lat' dir='ltr'>accedere?</span> <span class='ocrx_word' id='word_1_129' title='bbox 1121 1367 1193 1434; x_wconf 88' lang='lat' dir='ltr'>dem,</span> <span class='ocrx_word' id='word_1_130' title='bbox 1208 1367 1255 1422; x_wconf 91' lang='lat' dir='ltr'>sed</span> <span class='ocrx_word' id='word_1_131' title='bbox 1273 1365 1406 1439; x_wconf 88' lang='lat' dir='ltr'>quietum,</span> <span class='ocrx_word' id='word_1_132' title='bbox 1422 1367 1510 1422; x_wconf 89' lang='lat' dir='ltr'>sinum</span> <span class='ocrx_word' id='word_1_133' title='bbox 1526 1366 1641 1421; x_wconf 77' lang='lat' dir='ltr'>Abrahae</span> <span class='ocrx_word' id='word_1_134' title='bbox 1659 1367 1793 1422; x_wconf 77' lang='lat' dir='ltr'>Dominus</span> <span class='ocrx_word' id='word_1_135' title='bbox 1812 1379 1916 1424; x_wconf 82' lang='lat' dir='ltr'>vorat:</span> 
     </span>
     <span class='ocr_line' id='line_1_12' title="bbox 270 1446 1919 1528; baseline 0.004 -23"><span class='ocrx_word' id='word_1_136' title='bbox 270 1450 422 1515; x_wconf 78' lang='lat' dir='ltr'>Desiderat,</span> <span class='ocrx_word' id='word_1_137' title='bbox 437 1448 491 1504; x_wconf 89' lang='lat' dir='ltr'>nisi</span> <span class='ocrx_word' id='word_1_138' title='bbox 514 1448 603 1514; x_wconf 89' lang='lat' dir='ltr'>lallor,</span> <span class='ocrx_word' id='word_1_139' title='bbox 625 1446 743 1504; x_wconf 87' lang='lat' dir='ltr'>charitas</span> <span class='ocrx_word' id='word_1_140' title='bbox 764 1458 853 1505; x_wconf 87' lang='lat' dir='ltr'>vestra</span> <span class='ocrx_word' id='word_1_141' title='bbox 876 1450 969 1506; x_wconf 92' lang='lat' dir='ltr'>audire</span> <span class='ocrx_word' id='word_1_142' title='bbox 988 1467 1065 1509; x_wconf 86' lang='lat' dir='ltr'>sacra</span> <span class='ocrx_word' id='word_1_143' title='bbox 1121 1471 1170 1528; x_wconf 91' lang='lat' dir='ltr'>pro</span> <span class='ocrx_word' id='word_1_144' title='bbox 1183 1471 1227 1523; x_wconf 88' lang='lat' dir='ltr'>eo,</span> <span class='ocrx_word' id='word_1_145' title='bbox 1246 1465 1277 1511; x_wconf 94' lang='lat' dir='ltr'>ut</span> <span class='ocrx_word' id='word_1_146' title='bbox 1293 1455 1420 1521; x_wconf 78' lang='lat' dir='ltr'>arbitror,</span> <span class='ocrx_word' id='word_1_147' title='bbox 1443 1453 1514 1526; x_wconf 90' lang='lat' dir='ltr'>quod</span> <span class='ocrx_word' id='word_1_148' title='bbox 1529 1455 1556 1510; x_wconf 90' lang='lat' dir='ltr'>io</span> <span class='ocrx_word' id='word_1_149' title='bbox 1586 1453 1639 1510; x_wconf 87' lang='lat' dir='ltr'>lide</span> <span class='ocrx_word' id='word_1_150' title='bbox 1662 1461 1690 1510; x_wconf 90' lang='lat' dir='ltr'>et</span> <span class='ocrx_word' id='word_1_151' title='bbox 1718 1457 1919 1527; x_wconf 77' lang='lat' dir='ltr'>exspectatione</span> 
     </span>
     <span class='ocr_line' id='line_1_13' title="bbox 269 1537 1919 1611; baseline 0.003 -17"><span class='ocrx_word' id='word_1_152' title='bbox 269 1547 393 1594; x_wconf 91' lang='lat' dir='ltr'>mentum</span> <span class='ocrx_word' id='word_1_153' title='bbox 414 1537 505 1594; x_wconf 88' lang='lat' dir='ltr'>altaris</span> <span class='ocrx_word' id='word_1_154' title='bbox 519 1539 610 1607; x_wconf 84' lang='lat' dir='ltr'>hujus,</span> <span class='ocrx_word' id='word_1_155' title='bbox 626 1547 652 1593; x_wconf 91' lang='lat' dir='ltr'>et</span> <span class='ocrx_word' id='word_1_156' title='bbox 667 1553 773 1594; x_wconf 85' lang='lat' dir='ltr'>sacrum</span> <span class='ocrx_word' id='word_1_157' title='bbox 789 1547 976 1611; x_wconf 87' lang='lat' dir='ltr'>secretumque</span> <span class='ocrx_word' id='word_1_158' title='bbox 990 1556 1070 1598; x_wconf 85' lang='lat' dir='ltr'>nosse</span> <span class='ocrx_word' id='word_1_159' title='bbox 1121 1543 1271 1610; x_wconf 74' lang='lat' dir='ltr'>quiesceret</span> <span class='ocrx_word' id='word_1_160' title='bbox 1288 1542 1443 1601; x_wconf 78' lang='lat' dir='ltr'>Salv-storia.</span> <span class='ocrx_word' id='word_1_161' title='bbox 1460 1543 1574 1598; x_wconf 80' lang='lat' dir='ltr'>Abrahae</span> <span class='ocrx_word' id='word_1_162' title='bbox 1589 1541 1661 1598; x_wconf 91' lang='lat' dir='ltr'>euim</span> <span class='ocrx_word' id='word_1_163' title='bbox 1676 1542 1742 1599; x_wconf 88' lang='lat' dir='ltr'>fides</span> <span class='ocrx_word' id='word_1_164' title='bbox 1757 1551 1812 1600; x_wconf 82' lang='lat' dir='ltr'>um</span> <span class='ocrx_word' id='word_1_165' title='bbox 1832 1544 1919 1601; x_wconf 87' lang='lat' dir='ltr'>maai·</span> 
     </span>
     <span class='ocr_line' id='line_1_14' title="bbox 270 1624 1916 1706; baseline 0.004 -24"><span class='ocrx_word' id='word_1_166' title='bbox 270 1627 439 1699; x_wconf 83' lang='lat' dir='ltr'>mysterium.</span> <span class='ocrx_word' id='word_1_167' title='bbox 455 1624 508 1684; x_wconf 87' lang='lat' dir='ltr'>Sed</span> <span class='ocrx_word' id='word_1_168' title='bbox 523 1625 584 1696; x_wconf 85' lang='lat' dir='ltr'>quis</span> <span class='ocrx_word' id='word_1_169' title='bbox 603 1641 655 1697; x_wconf 81' lang='lat' dir='ltr'>ego</span> <span class='ocrx_word' id='word_1_170' title='bbox 670 1641 742 1688; x_wconf 91' lang='lat' dir='ltr'>sum,</span> <span class='ocrx_word' id='word_1_171' title='bbox 758 1627 803 1698; x_wconf 90' lang='lat' dir='ltr'>qui</span> <span class='ocrx_word' id='word_1_172' title='bbox 821 1637 973 1684; x_wconf 88' lang='lat' dir='ltr'>sauctorum</span> <span class='ocrx_word' id='word_1_173' title='bbox 990 1629 1069 1684; x_wconf 85' lang='lat' dir='ltr'>eubi-</span> <span class='ocrx_word' id='word_1_174' title='bbox 1122 1631 1189 1689; x_wconf 86' lang='lat' dir='ltr'>feste</span> <span class='ocrx_word' id='word_1_175' title='bbox 1203 1633 1316 1704; x_wconf 85' lang='lat' dir='ltr'>probata</span> <span class='ocrx_word' id='word_1_176' title='bbox 1330 1640 1382 1698; x_wconf 92' lang='lat' dir='ltr'>est,</span> <span class='ocrx_word' id='word_1_177' title='bbox 1401 1639 1428 1688; x_wconf 86' lang='lat' dir='ltr'>et</span> <span class='ocrx_word' id='word_1_178' title='bbox 1446 1631 1642 1702; x_wconf 63' lang='lat' dir='ltr'>approbatum</span> <span class='ocrx_word' id='word_1_179' title='bbox 1656 1632 1826 1706; x_wconf 87' lang='lat' dir='ltr'>primnsipse</span> <span class='ocrx_word' id='word_1_180' title='bbox 1840 1631 1916 1689; x_wconf 80' lang='lat' dir='ltr'>iutu-</span> 
     </span>
     <span class='ocr_line' id='line_1_15' title="bbox 270 1713 1919 1791; baseline 0.002 -18"><span class='ocrx_word' id='word_1_181' title='bbox 270 1717 362 1773; x_wconf 91' lang='lat' dir='ltr'>culum</span> <span class='ocrx_word' id='word_1_182' title='bbox 376 1713 455 1772; x_wconf 91' lang='lat' dir='ltr'>lacile</span> <span class='ocrx_word' id='word_1_183' title='bbox 469 1714 586 1771; x_wconf 88' lang='lat' dir='ltr'>audeam</span> <span class='ocrx_word' id='word_1_184' title='bbox 600 1715 760 1770; x_wconf 89' lang='lat' dir='ltr'>temerarius</span> <span class='ocrx_word' id='word_1_185' title='bbox 777 1723 957 1784; x_wconf 85' lang='lat' dir='ltr'>perscrutator</span> <span class='ocrx_word' id='word_1_186' title='bbox 975 1715 1071 1772; x_wconf 89' lang='lat' dir='ltr'>irrum·</span> <span class='ocrx_word' id='word_1_187' title='bbox 1121 1737 1159 1777; x_wconf 85' lang='lat' dir='ltr'>rte</span> <span class='ocrx_word' id='word_1_188' title='bbox 1177 1721 1370 1778; x_wconf 89' lang='lat' dir='ltr'>incarnationis</span> <span class='ocrx_word' id='word_1_189' title='bbox 1383 1720 1483 1778; x_wconf 85' lang='lat' dir='ltr'>Christi</span> <span class='ocrx_word' id='word_1_190' title='bbox 1505 1721 1650 1778; x_wconf 88' lang='lat' dir='ltr'>meruisset</span> <span class='ocrx_word' id='word_1_191' title='bbox 1663 1721 1785 1791; x_wconf 89' lang='lat' dir='ltr'>accipere</span> <span class='ocrx_word' id='word_1_192' title='bbox 1799 1720 1919 1791; x_wconf 87' lang='lat' dir='ltr'>promis-</span> 
     </span>
     <span class='ocr_line' id='line_1_16' title="bbox 269 1801 1922 1883; baseline 0.002 -22"><span class='ocrx_word' id='word_1_193' title='bbox 269 1803 355 1876; x_wconf 83' lang='lat' dir='ltr'>pere?</span> <span class='ocrx_word' id='word_1_194' title='bbox 374 1802 456 1872; x_wconf 85' lang='lat' dir='ltr'>Quasi</span> <span class='ocrx_word' id='word_1_195' title='bbox 475 1817 541 1858; x_wconf 87' lang='lat' dir='ltr'>vero</span> <span class='ocrx_word' id='word_1_196' title='bbox 561 1817 614 1859; x_wconf 89' lang='lat' dir='ltr'>non</span> <span class='ocrx_word' id='word_1_197' title='bbox 629 1801 740 1874; x_wconf 81' lang='lat' dir='ltr'>legerim</span> <span class='ocrx_word' id='word_1_198' title='bbox 756 1812 931 1860; x_wconf 80' lang='lat' dir='ltr'>scrutatorem</span> <span class='ocrx_word' id='word_1_199' title='bbox 947 1806 1073 1874; x_wconf 87' lang='lat' dir='ltr'>majesta·</span> <span class='ocrx_word' id='word_1_200' title='bbox 1127 1809 1242 1867; x_wconf 64' lang='lat' dir='ltr'>monem.</span> <span class='ocrx_word' id='word_1_201' title='bbox 1270 1811 1299 1866; x_wconf 83' lang='lat' dir='ltr'>lq</span> <span class='ocrx_word' id='word_1_202' title='bbox 1337 1811 1408 1866; x_wconf 86' lang='lat' dir='ltr'>hunc</span> <span class='ocrx_word' id='word_1_203' title='bbox 1429 1824 1496 1883; x_wconf 83' lang='lat' dir='ltr'>ergo</span> <span class='ocrx_word' id='word_1_204' title='bbox 1529 1809 1617 1866; x_wconf 81' lang='lat' dir='ltr'>locum</span> <span class='ocrx_word' id='word_1_205' title='bbox 1654 1807 1771 1868; x_wconf 70' lang='lat' dir='ltr'>lose</span> <span class='ocrx_word' id='word_1_206' title='bbox 1798 1809 1922 1867; x_wconf 85' lang='lat' dir='ltr'>Salvator</span> 
     </span>
     <span class='ocr_line' id='line_1_17' title="bbox 270 1889 1923 1970; baseline 0.004 -22"><span class='ocrx_word' id='word_1_207' title='bbox 270 1892 308 1954; x_wconf 85' lang='lat' dir='ltr'>tis</span> <span class='ocrx_word' id='word_1_208' title='bbox 322 1891 530 1964; x_wconf 91' lang='lat' dir='ltr'>opprimendum</span> <span class='ocrx_word' id='word_1_209' title='bbox 547 1906 563 1947; x_wconf 87' lang='lat' dir='ltr'>a</span> <span class='ocrx_word' id='word_1_210' title='bbox 580 1889 667 1962; x_wconf 88' lang='lat' dir='ltr'>gloria</span> <span class='ocrx_word' id='word_1_211' title='bbox 688 1890 781 1963; x_wconf 79' lang='lat' dir='ltr'>(Prou.</span> <span class='ocrx_word' id='word_1_212' title='bbox 802 1906 873 1962; x_wconf 80' lang='lat' dir='ltr'>xxv,</span> <span class='ocrx_word' id='word_1_213' title='bbox 890 1892 946 1965; x_wconf 77' lang='grc'>11).</span> <span class='ocrx_word' id='word_1_214' title='bbox 962 1893 1074 1950; x_wconf 80' lang='lat' dir='ltr'>Verum.</span> <span class='ocrx_word' id='word_1_215' title='bbox 1128 1899 1298 1956; x_wconf 88' lang='lat' dir='ltr'>descendeus</span> <span class='ocrx_word' id='word_1_216' title='bbox 1310 1897 1437 1955; x_wconf 88' lang='lat' dir='ltr'>contrivit</span> <span class='ocrx_word' id='word_1_217' title='bbox 1451 1905 1542 1970; x_wconf 84' lang='lat' dir='ltr'>portas</span> <span class='ocrx_word' id='word_1_218' title='bbox 1555 1913 1649 1964; x_wconf 71' lang='lat' dir='ltr'>sareas,</span> <span class='ocrx_word' id='word_1_219' title='bbox 1670 1909 1696 1954; x_wconf 89' lang='lat' dir='ltr'>et</span> <span class='ocrx_word' id='word_1_220' title='bbox 1710 1905 1802 1954; x_wconf 88' lang='lat' dir='ltr'>vectes</span> <span class='ocrx_word' id='word_1_221' title='bbox 1819 1898 1923 1956; x_wconf 79' lang='lat' dir='ltr'>ferreos</span> 
     </span>
     <span class='ocr_line' id='line_1_18' title="bbox 275 1979 1922 2060; baseline 0.005 -22"><span class='ocrx_word' id='word_1_222' title='bbox 275 1994 363 2038; x_wconf 90' lang='lat' dir='ltr'>tameo</span> <span class='ocrx_word' id='word_1_223' title='bbox 390 1995 538 2052; x_wconf 90' lang='lat' dir='ltr'>pausemus</span> <span class='ocrx_word' id='word_1_224' title='bbox 566 1980 625 2045; x_wconf 90' lang='lat' dir='ltr'>hic,</span> <span class='ocrx_word' id='word_1_225' title='bbox 656 1979 678 2034; x_wconf 88' lang='lat' dir='ltr'>si</span> <span class='ocrx_word' id='word_1_226' title='bbox 705 1979 808 2050; x_wconf 88' lang='lat' dir='ltr'>placet,</span> <span class='ocrx_word' id='word_1_227' title='bbox 837 1979 919 2035; x_wconf 88' lang='lat' dir='ltr'>hodie</span> <span class='ocrx_word' id='word_1_228' title='bbox 945 1981 967 2035; x_wconf 87' lang='lat' dir='ltr'>ei</span> <span class='ocrx_word' id='word_1_229' title='bbox 1000 1981 1069 2038; x_wconf 90' lang='lat' dir='ltr'>lorte</span> <span class='ocrx_word' id='word_1_230' title='bbox 1128 1986 1274 2060; x_wconf 76' lang='lat' dir='ltr'>confregit,</span> <span class='ocrx_word' id='word_1_231' title='bbox 1290 1987 1566 2060; x_wconf 85' lang='lat' dir='ltr'>eductosquevinctos</span> <span class='ocrx_word' id='word_1_232' title='bbox 1582 1987 1714 2044; x_wconf 88' lang='lat' dir='ltr'>dedomo</span> <span class='ocrx_word' id='word_1_233' title='bbox 1732 1989 1858 2054; x_wconf 88' lang='lat' dir='ltr'>carceris,</span> <span class='ocrx_word' id='word_1_234' title='bbox 1875 2003 1922 2046; x_wconf 86' lang='lat' dir='ltr'>se-</span> 
     </span>
     <span class='ocr_line' id='line_1_19' title="bbox 273 2065 1925 2149; baseline 0.005 -23"><span class='ocrx_word' id='word_1_235' title='bbox 273 2068 443 2144; x_wconf 88' lang='lat' dir='ltr'>pulsautihua</span> <span class='ocrx_word' id='word_1_236' title='bbox 456 2067 535 2124; x_wconf 91' lang='lat' dir='ltr'>nobis</span> <span class='ocrx_word' id='word_1_237' title='bbox 549 2067 656 2140; x_wconf 86' lang='lat' dir='ltr'>aperire</span> <span class='ocrx_word' id='word_1_238' title='bbox 672 2065 818 2140; x_wconf 76' lang='lat' dir='ltr'>dignentur</span> <span class='ocrx_word' id='word_1_239' title='bbox 832 2068 992 2139; x_wconf 85' lang='lat' dir='ltr'>mysterium</span> <span class='ocrx_word' id='word_1_240' title='bbox 1007 2067 1074 2126; x_wconf 87' lang='lat' dir='ltr'>alta·</span> <span class='ocrx_word' id='word_1_241' title='bbox 1127 2075 1336 2146; x_wconf 77' lang='lat' dir='ltr'>dentesquidem</span> <span class='ocrx_word' id='word_1_242' title='bbox 1352 2121 1359 2146; x_wconf 90' lang='lat'><strong><em>‚</em></strong></span> <span class='ocrx_word' id='word_1_243' title='bbox 1380 2077 1433 2132; x_wconf 90' lang='lat' dir='ltr'>hoc</span> <span class='ocrx_word' id='word_1_244' title='bbox 1445 2083 1487 2132; x_wconf 86' lang='lat' dir='ltr'>est</span> <span class='ocrx_word' id='word_1_245' title='bbox 1502 2075 1683 2149; x_wconf 85' lang='lat' dir='ltr'>quiescentes,</span> <span class='ocrx_word' id='word_1_246' title='bbox 1698 2077 1745 2132; x_wconf 88' lang='lat' dir='ltr'>sed</span> <span class='ocrx_word' id='word_1_247' title='bbox 1761 2075 1925 2134; x_wconf 87' lang='lat' dir='ltr'>intenebris</span> 
     </span>
     <span class='ocr_line' id='line_1_20' title="bbox 272 2155 1926 2236; baseline 0.002 -24"><span class='ocrx_word' id='word_1_248' title='bbox 272 2158 396 2216; x_wconf 85' lang='lat' dir='ltr'>risillius</span> <span class='ocrx_word' id='word_1_249' title='bbox 419 2155 636 2212; x_wconf 88' lang='lat' dir='ltr'>inhabitatrices</span> <span class='ocrx_word' id='word_1_250' title='bbox 654 2155 750 2212; x_wconf 81' lang='lat' dir='ltr'>animae</span> <span class='ocrx_word' id='word_1_251' title='bbox 772 2163 882 2224; x_wconf 85' lang='lat' dir='ltr'>sanctae,</span> <span class='ocrx_word' id='word_1_252' title='bbox 898 2171 951 2212; x_wconf 91' lang='lat' dir='ltr'>nou</span> <span class='ocrx_word' id='word_1_253' title='bbox 975 2168 1069 2214; x_wconf 89' lang='lat' dir='ltr'>nostro</span> <span class='ocrx_word' id='word_1_254' title='bbox 1130 2172 1158 2220; x_wconf 80' lang='lat' dir='ltr'>ee</span> <span class='ocrx_word' id='word_1_255' title='bbox 1169 2163 1264 2220; x_wconf 84' lang='lat' dir='ltr'>umbra</span> <span class='ocrx_word' id='word_1_256' title='bbox 1278 2163 1382 2232; x_wconf 87' lang='lat' dir='ltr'>mortis,</span> <span class='ocrx_word' id='word_1_257' title='bbox 1402 2164 1458 2235; x_wconf 88' lang='lat' dir='ltr'>jam</span> <span class='ocrx_word' id='word_1_258' title='bbox 1478 2171 1542 2220; x_wconf 89' lang='lat' dir='ltr'>tunc</span> <span class='ocrx_word' id='word_1_259' title='bbox 1568 2163 1678 2236; x_wconf 92' lang='lat' dir='ltr'>quidem</span> <span class='ocrx_word' id='word_1_260' title='bbox 1702 2165 1752 2220; x_wconf 92' lang='lat' dir='ltr'>sub</span> <span class='ocrx_word' id='word_1_261' title='bbox 1774 2161 1858 2218; x_wconf 87' lang='lat' dir='ltr'>altare</span> <span class='ocrx_word' id='word_1_262' title='bbox 1873 2160 1926 2220; x_wconf 84' lang='lat' dir='ltr'>Dei</span> 
     </span>
     <span class='ocr_line' id='line_1_21' title="bbox 274 2242 1924 2318; baseline 0.005 -18"><span class='ocrx_word' id='word_1_263' title='bbox 274 2244 370 2302; x_wconf 90' lang='lat' dir='ltr'>merito</span> <span class='ocrx_word' id='word_1_264' title='bbox 384 2260 460 2310; x_wconf 90' lang='lat' dir='ltr'>sane,</span> <span class='ocrx_word' id='word_1_265' title='bbox 475 2242 522 2299; x_wconf 89' lang='lat' dir='ltr'>aed</span> <span class='ocrx_word' id='word_1_266' title='bbox 531 2251 644 2317; x_wconf 88' lang='lat' dir='ltr'>propter</span> <span class='ocrx_word' id='word_1_267' title='bbox 653 2259 716 2300; x_wconf 91' lang='lat' dir='ltr'>eum</span> <span class='ocrx_word' id='word_1_268' title='bbox 731 2244 779 2314; x_wconf 90' lang='lat' dir='ltr'>qui</span> <span class='ocrx_word' id='word_1_269' title='bbox 792 2244 886 2318; x_wconf 80' lang='lat' dir='ltr'>dilexit</span> <span class='ocrx_word' id='word_1_270' title='bbox 899 2261 961 2318; x_wconf 85' lang='lat' dir='ltr'>uos,</span> <span class='ocrx_word' id='word_1_271' title='bbox 972 2254 998 2302; x_wconf 90' lang='lat' dir='ltr'>et</span> <span class='ocrx_word' id='word_1_272' title='bbox 1012 2247 1076 2303; x_wconf 90' lang='lat' dir='ltr'>lavit</span> <span class='ocrx_word' id='word_1_273' title='bbox 1129 2251 1281 2318; x_wconf 85' lang='lat' dir='ltr'>collocavit,</span> <span class='ocrx_word' id='word_1_274' title='bbox 1297 2251 1465 2310; x_wconf 88' lang='lat' dir='ltr'>abscondens</span> <span class='ocrx_word' id='word_1_275' title='bbox 1479 2267 1527 2307; x_wconf 90' lang='lat' dir='ltr'>eos</span> <span class='ocrx_word' id='word_1_276' title='bbox 1541 2251 1570 2308; x_wconf 94' lang='lat' dir='ltr'>in</span> <span class='ocrx_word' id='word_1_277' title='bbox 1584 2251 1760 2308; x_wconf 87' lang='lat' dir='ltr'>tabernaculo</span> <span class='ocrx_word' id='word_1_278' title='bbox 1774 2266 1824 2308; x_wconf 84' lang='lat' dir='ltr'>tuo</span> <span class='ocrx_word' id='word_1_279' title='bbox 1837 2250 1865 2306; x_wconf 84' lang='lat' dir='ltr'>iu</span> <span class='ocrx_word' id='word_1_280' title='bbox 1878 2250 1924 2306; x_wconf 82' lang='lat' dir='ltr'>die</span> 
     </span>
     <span class='ocr_line' id='line_1_22' title="bbox 273 2333 1924 2415; baseline 0.001 -25"><span class='ocrx_word' id='word_1_281' title='bbox 273 2349 310 2390; x_wconf 91' lang='lat' dir='ltr'>no</span> <span class='ocrx_word' id='word_1_282' title='bbox 346 2333 603 2405; x_wconf 84' lang='lat' dir='ltr'>opecoatisnostris</span> <span class='ocrx_word' id='word_1_283' title='bbox 618 2333 644 2387; x_wconf 92' lang='lat' dir='ltr'>in</span> <span class='ocrx_word' id='word_1_284' title='bbox 664 2333 796 2404; x_wconf 79' lang='lat' dir='ltr'>sauguine</span> <span class='ocrx_word' id='word_1_285' title='bbox 809 2349 878 2390; x_wconf 92' lang='lat' dir='ltr'>suo:</span> <span class='ocrx_word' id='word_1_286' title='bbox 894 2343 1077 2406; x_wconf 79' lang='lat' dir='ltr'>agnoscentes</span> <span class='ocrx_word' id='word_1_287' title='bbox 1127 2340 1272 2408; x_wconf 90' lang='lat' dir='ltr'>malorum,</span> <span class='ocrx_word' id='word_1_288' title='bbox 1293 2347 1476 2415; x_wconf 87' lang='lat' dir='ltr'>etprotegens</span> <span class='ocrx_word' id='word_1_289' title='bbox 1490 2339 1573 2398; x_wconf 85' lang='lat' dir='ltr'>ausin</span> <span class='ocrx_word' id='word_1_290' title='bbox 1586 2340 1745 2398; x_wconf 85' lang='lat' dir='ltr'>abscondito</span> <span class='ocrx_word' id='word_1_291' title='bbox 1760 2337 1924 2396; x_wconf 83' lang='lat' dir='ltr'>tabernaculi</span> 
     </span>
     <span class='ocr_line' id='line_1_23' title="bbox 273 2421 1922 2500; baseline 0.002 -21"><span class='ocrx_word' id='word_1_292' title='bbox 273 2435 300 2482; x_wconf 92' lang='lat' dir='ltr'>et</span> <span class='ocrx_word' id='word_1_293' title='bbox 317 2439 367 2478; x_wconf 92' lang='lat' dir='ltr'>nos</span> <span class='ocrx_word' id='word_1_294' title='bbox 390 2423 460 2479; x_wconf 87' lang='lat' dir='ltr'>inter</span> <span class='ocrx_word' id='word_1_295' title='bbox 473 2421 547 2478; x_wconf 84' lang='lat' dir='ltr'>ciues</span> <span class='ocrx_word' id='word_1_296' title='bbox 564 2427 592 2476; x_wconf 90' lang='lat' dir='ltr'>et</span> <span class='ocrx_word' id='word_1_297' title='bbox 611 2421 775 2480; x_wconf 88' lang='lat' dir='ltr'>domesticos</span> <span class='ocrx_word' id='word_1_298' title='bbox 796 2423 855 2494; x_wconf 86' lang='lat' dir='ltr'>Dei,</span> <span class='ocrx_word' id='word_1_299' title='bbox 876 2440 926 2480; x_wconf 89' lang='lat' dir='ltr'>nec</span> <span class='ocrx_word' id='word_1_300' title='bbox 948 2432 1075 2498; x_wconf 85' lang='lat' dir='ltr'>tanquam</span> <span class='ocrx_word' id='word_1_301' title='bbox 1129 2429 1181 2495; x_wconf 81' lang='lat' dir='ltr'>eui,</span> <span class='ocrx_word' id='word_1_302' title='bbox 1195 2429 1283 2486; x_wconf 83' lang='lat' dir='ltr'>donec</span> <span class='ocrx_word' id='word_1_303' title='bbox 1295 2428 1387 2485; x_wconf 77' lang='lat' dir='ltr'>veniat</span> <span class='ocrx_word' id='word_1_304' title='bbox 1401 2437 1518 2500; x_wconf 86' lang='lat' dir='ltr'>tempus,</span> <span class='ocrx_word' id='word_1_305' title='bbox 1539 2443 1594 2500; x_wconf 88' lang='lat' dir='ltr'>quo</span> <span class='ocrx_word' id='word_1_306' title='bbox 1617 2428 1767 2500; x_wconf 90' lang='lat' dir='ltr'>procedant</span> <span class='ocrx_word' id='word_1_307' title='bbox 1785 2427 1922 2500; x_wconf 87' lang='lat' dir='ltr'>completo</span> 
     </span>
     <span class='ocr_line' id='line_1_24' title="bbox 271 2511 1923 2589; baseline 0.001 -19"><span class='ocrx_word' id='word_1_308' title='bbox 271 2512 394 2584; x_wconf 88' lang='lat' dir='ltr'>hospites</span> <span class='ocrx_word' id='word_1_309' title='bbox 417 2519 445 2567; x_wconf 92' lang='lat' dir='ltr'>et</span> <span class='ocrx_word' id='word_1_310' title='bbox 467 2511 587 2569; x_wconf 90' lang='lat' dir='ltr'>advenas</span> <span class='ocrx_word' id='word_1_311' title='bbox 601 2525 618 2566; x_wconf 94' lang='lat' dir='ltr'>a</span> <span class='ocrx_word' id='word_1_312' title='bbox 632 2519 736 2568; x_wconf 87' lang='lat' dir='ltr'>secreta</span> <span class='ocrx_word' id='word_1_313' title='bbox 757 2511 802 2568; x_wconf 83' lang='lat' dir='ltr'>illa</span> <span class='ocrx_word' id='word_1_314' title='bbox 819 2511 988 2570; x_wconf 88' lang='lat' dir='ltr'>habitatione</span> <span class='ocrx_word' id='word_1_315' title='bbox 1005 2529 1074 2571; x_wconf 91' lang='lat' dir='ltr'>cen·</span> <span class='ocrx_word' id='word_1_316' title='bbox 1127 2519 1182 2589; x_wconf 84' lang='lat' dir='ltr'>jam</span> <span class='ocrx_word' id='word_1_317' title='bbox 1197 2533 1309 2575; x_wconf 88' lang='lat' dir='ltr'>numero</span> <span class='ocrx_word' id='word_1_318' title='bbox 1324 2517 1484 2588; x_wconf 80' lang='lat' dir='ltr'>fratrum‚et</span> <span class='ocrx_word' id='word_1_319' title='bbox 1497 2517 1645 2589; x_wconf 84' lang='lat' dir='ltr'>percipiant</span> <span class='ocrx_word' id='word_1_320' title='bbox 1661 2533 1785 2586; x_wconf 81' lang='lat' dir='ltr'>reguum,</span> <span class='ocrx_word' id='word_1_321' title='bbox 1801 2515 1923 2588; x_wconf 87' lang='lat' dir='ltr'>quodeis</span> 
     </span>
     <span class='ocr_line' id='line_1_25' title="bbox 273 2599 1924 2682; baseline 0.001 -22"><span class='ocrx_word' id='word_1_322' title='bbox 273 2609 351 2662; x_wconf 86' lang='lat' dir='ltr'>scant</span> <span class='ocrx_word' id='word_1_323' title='bbox 364 2599 573 2672; x_wconf 89' lang='lat' dir='ltr'>propulsandos.</span> <span class='ocrx_word' id='word_1_324' title='bbox 1128 2610 1254 2680; x_wconf 86' lang='lat' dir='ltr'>paratum</span> <span class='ocrx_word' id='word_1_325' title='bbox 1269 2613 1308 2664; x_wconf 92' lang='lat' dir='ltr'>est</span> <span class='ocrx_word' id='word_1_326' title='bbox 1324 2607 1358 2664; x_wconf 88' lang='lat' dir='ltr'>ab</span> <span class='ocrx_word' id='word_1_327' title='bbox 1377 2607 1482 2682; x_wconf 84' lang='lat' dir='ltr'>origiue</span> <span class='ocrx_word' id='word_1_328' title='bbox 1496 2606 1668 2664; x_wconf 80' lang='lat' dir='ltr'>mundilam</span> <span class='ocrx_word' id='word_1_329' title='bbox 1683 2619 1748 2663; x_wconf 88' lang='lat' dir='ltr'>vero</span> <span class='ocrx_word' id='word_1_330' title='bbox 1756 2604 1843 2662; x_wconf 89' lang='lat' dir='ltr'>sicubi</span> <span class='ocrx_word' id='word_1_331' title='bbox 1852 2605 1924 2662; x_wconf 86' lang='lat' dir='ltr'>lorte</span> 
     </span>
     <span class='ocr_line' id='line_1_26' title="bbox 583 2694 1923 2768; baseline 0 -19"><span class='ocrx_word' id='word_1_332' title='bbox 583 2705 700 2764; x_wconf 74' lang='lat' dir='ltr'>sgpppo</span> <span class='ocrx_word' id='word_1_333' title='bbox 719 2707 765 2764; x_wconf 78' lang='lat' dir='ltr'>pv,</span> <span class='ocrx_word' id='word_1_334' title='bbox 1129 2711 1250 2768; x_wconf 73' lang='lat' dir='ltr'>praesens</span> <span class='ocrx_word' id='word_1_335' title='bbox 1268 2711 1375 2768; x_wconf 88' lang='lat' dir='ltr'>quoque</span> <span class='ocrx_word' id='word_1_336' title='bbox 1392 2703 1548 2753; x_wconf 85' lang='lat' dir='ltr'>sanctorum</span> <span class='ocrx_word' id='word_1_337' title='bbox 1565 2695 1673 2766; x_wconf 82' lang='lat' dir='ltr'>requies</span> <span class='ocrx_word' id='word_1_338' title='bbox 1701 2694 1819 2752; x_wconf 74' lang='lat' dir='ltr'>Abrahae</span> <span class='ocrx_word' id='word_1_339' title='bbox 1845 2694 1923 2750; x_wconf 77' lang='lat' dir='ltr'>sium</span> 
     </span>
    </p>
   </div>
   <div class='ocr_carea' id='block_1_3' title="bbox 276 2781 1923 2888">
    <p class='ocr_par' dir='ltr' id='par_1_3' title="bbox 276 2781 1923 2888">
     <span class='ocr_line' id='line_1_27' title="bbox 276 2781 1923 2888; baseline 0.002 -12"><span class='ocrx_word' id='word_1_340' title='bbox 276 2819 315 2876; x_wconf 83' lang='lat' dir='ltr'>De</span> <span class='ocrx_word' id='word_1_341' title='bbox 328 2816 396 2872; x_wconf 78' lang='lat' dir='ltr'>siste</span> <span class='ocrx_word' id='word_1_342' title='bbox 410 2814 538 2881; x_wconf 75' lang='lat' dir='ltr'>amate,</span> <span class='ocrx_word' id='word_1_343' title='bbox 554 2820 580 2872; x_wconf 84' lang='lat' dir='ltr'>et</span> <span class='ocrx_word' id='word_1_344' title='bbox 594 2815 685 2872; x_wconf 84' lang='lat' dir='ltr'>cllort&#39;</span> <span class='ocrx_word' id='word_1_345' title='bbox 698 2814 813 2888; x_wconf 81' lang='lat' dir='ltr'>subque</span> <span class='ocrx_word' id='word_1_346' title='bbox 828 2819 997 2874; x_wconf 85' lang='lat' dir='ltr'>sanctorum</span> <span class='ocrx_word' id='word_1_347' title='bbox 1011 2818 1076 2874; x_wconf 84' lang='lat' dir='ltr'>cai·</span> <span class='ocrx_word' id='word_1_348' title='bbox 1128 2792 1239 2842; x_wconf 51' lang='lat' dir='ltr'>*mm*</span> <span class='ocrx_word' id='word_1_349' title='bbox 1259 2784 1339 2857; x_wconf 55' lang='lat' dir='ltr'><em>W</em></span> <span class='ocrx_word' id='word_1_350' title='bbox 1354 2793 1457 2841; x_wconf 60' lang='lat' dir='ltr'>“enum</span> <span class='ocrx_word' id='word_1_351' title='bbox 1471 2791 1514 2842; x_wconf 40' lang='grc' dir='ltr'>εἰ</span> <span class='ocrx_word' id='word_1_352' title='bbox 1526 2783 1560 2840; x_wconf 57' lang='lat'>⁶⁰</span> <span class='ocrx_word' id='word_1_353' title='bbox 1585 2783 1734 2857; x_wconf 61' lang='lat' dir='ltr'>3⁹³⁰3⁸H⁰</span> <span class='ocrx_word' id='word_1_354' title='bbox 1747 2783 1817 2839; x_wconf 62' lang='lat' dir='ltr'>hm</span> <span class='ocrx_word' id='word_1_355' title='bbox 1831 2781 1923 2840; x_wconf 52' lang='grc' dir='ltr'>Μ’</span> 
     </span>
    </p>
   </div>
   <div class='ocr_carea' id='block_1_4' title="bbox 313 2870 1926 3036">
    <p class='ocr_par' dir='ltr' id='par_1_4' title="bbox 313 2870 1926 3036">
     <span class='ocr_line' id='line_1_28' title="bbox 313 2870 1926 2960; baseline -0.009 -20"><span class='ocrx_word' id='word_1_356' title='bbox 313 2904 376 2944; x_wconf 78' lang='lat' dir='ltr'>mca</span> <span class='ocrx_word' id='word_1_357' title='bbox 390 2887 487 2944; x_wconf 79' lang='lat' dir='ltr'>beatus</span> <span class='ocrx_word' id='word_1_358' title='bbox 506 2887 626 2944; x_wconf 73' lang='lat' dir='ltr'>loannes</span> <span class='ocrx_word' id='word_1_359' title='bbox 644 2886 765 2955; x_wconf 68' lang='lat' dir='ltr'>audem,</span> <span class='ocrx_word' id='word_1_360' title='bbox 781 2889 809 2943; x_wconf 70' lang='lat' dir='ltr'>et</span> <span class='ocrx_word' id='word_1_361' title='bbox 822 2891 928 2960; x_wconf 60' lang='lat' dir='ltr'>septem</span> <span class='ocrx_word' id='word_1_362' title='bbox 942 2888 1075 2960; x_wconf 58' lang='lat' dir='ltr'>pappam,</span> <span class='ocrx_word' id='word_1_363' title='bbox 1128 2873 1200 2930; x_wconf 90' lang='lat' dir='ltr'>visse</span> <span class='ocrx_word' id='word_1_364' title='bbox 1214 2873 1439 2930; x_wconf 88' lang='lat' dir='ltr'>cousuetudinem</span> <span class='ocrx_word' id='word_1_365' title='bbox 1456 2893 1462 2930; x_wconf 77' lang='grc' dir='ltr'><strong>ε</strong></span> <span class='ocrx_word' id='word_1_366' title='bbox 1478 2871 1542 2930; x_wconf 88' lang='lat' dir='ltr'>licet</span> <span class='ocrx_word' id='word_1_367' title='bbox 1555 2872 1693 2928; x_wconf 86' lang='lat' dir='ltr'>nemiuem</span> <span class='ocrx_word' id='word_1_368' title='bbox 1707 2876 1830 2942; x_wconf 88' lang='lat' dir='ltr'>oporteat</span> <span class='ocrx_word' id='word_1_369' title='bbox 1839 2870 1926 2927; x_wconf 91' lang='lat' dir='ltr'>dubi·</span> 
     </span>
     <span class='ocr_line' id='line_1_29' title="bbox 315 2957 1921 3036; baseline 0.001 -22"><span class='ocrx_word' id='word_1_370' title='bbox 315 2973 352 3016; x_wconf 81' lang='lat' dir='ltr'>cs</span> <span class='ocrx_word' id='word_1_371' title='bbox 366 2957 466 3032; x_wconf 72' lang='lat' dir='ltr'>pullus</span> <span class='ocrx_word' id='word_1_372' title='bbox 486 2958 605 3015; x_wconf 77' lang='lat' dir='ltr'>tottdm</span> <span class='ocrx_word' id='word_1_373' title='bbox 625 2962 728 3030; x_wconf 83' lang='lat' dir='ltr'>sportoe</span> <span class='ocrx_word' id='word_1_374' title='bbox 742 2957 917 3016; x_wconf 81' lang='lat' dir='ltr'>remansisse</span> <span class='ocrx_word' id='word_1_375' title='bbox 930 2957 1076 3032; x_wconf 78' lang='lat' dir='ltr'>leguntur.</span> <span class='ocrx_word' id='word_1_376' title='bbox 1129 2971 1196 3033; x_wconf 87' lang='lat' dir='ltr'>tare,</span> <span class='ocrx_word' id='word_1_377' title='bbox 1219 2963 1301 3036; x_wconf 87' lang='lat' dir='ltr'>longe</span> <span class='ocrx_word' id='word_1_378' title='bbox 1324 2961 1406 3017; x_wconf 90' lang='lat' dir='ltr'>alium</span> <span class='ocrx_word' id='word_1_379' title='bbox 1431 2963 1503 3018; x_wconf 90' lang='lat' dir='ltr'>huuc</span> <span class='ocrx_word' id='word_1_380' title='bbox 1517 2962 1608 3018; x_wconf 90' lang='lat' dir='ltr'>sinum</span> <span class='ocrx_word' id='word_1_381' title='bbox 1624 2977 1693 3028; x_wconf 91' lang='lat' dir='ltr'>esse,</span> <span class='ocrx_word' id='word_1_382' title='bbox 1721 2976 1802 3034; x_wconf 87' lang='lat' dir='ltr'>quam</span> <span class='ocrx_word' id='word_1_383' title='bbox 1823 2959 1921 3018; x_wconf 89' lang='lat' dir='ltr'>illum:</span> 
     </span>
    </p>
   </div>
   <div class='ocr_carea' id='block_1_5' title="bbox 221 3043 1934 5334">
    <p class='ocr_par' dir='ltr' id='par_1_5' title="bbox 275 3043 1930 3479">
     <span class='ocr_line' id='line_1_30' title="bbox 315 3043 1928 3122; baseline 0.001 -19"><span class='ocrx_word' id='word_1_384' title='bbox 315 3051 340 3102; x_wconf 86' lang='grc'>1.</span> <span class='ocrx_word' id='word_1_385' title='bbox 358 3045 424 3102; x_wconf 88' lang='lat' dir='ltr'>Cum</span> <span class='ocrx_word' id='word_1_386' title='bbox 459 3045 494 3100; x_wconf 91' lang='lat' dir='ltr'>de</span> <span class='ocrx_word' id='word_1_387' title='bbox 521 3043 598 3101; x_wconf 88' lang='lat' dir='ltr'>altori</span> <span class='ocrx_word' id='word_1_388' title='bbox 623 3043 669 3101; x_wconf 90' lang='lat' dir='ltr'>illo</span> <span class='ocrx_word' id='word_1_389' title='bbox 690 3045 807 3113; x_wconf 87' lang='lat' dir='ltr'>ooelesti,</span> <span class='ocrx_word' id='word_1_390' title='bbox 829 3046 879 3100; x_wconf 90' lang='lat' dir='ltr'>sub</span> <span class='ocrx_word' id='word_1_391' title='bbox 901 3062 956 3116; x_wconf 91' lang='lat' dir='ltr'>quo</span> <span class='ocrx_word' id='word_1_392' title='bbox 983 3048 1078 3104; x_wconf 83' lang='lat' dir='ltr'>beatus</span> <span class='ocrx_word' id='word_1_393' title='bbox 1130 3053 1300 3122; x_wconf 88' lang='lat' dir='ltr'>quippecum</span> <span class='ocrx_word' id='word_1_394' title='bbox 1317 3049 1364 3109; x_wconf 90' lang='lat' dir='ltr'>ille</span> <span class='ocrx_word' id='word_1_395' title='bbox 1381 3050 1411 3106; x_wconf 94' lang='lat' dir='ltr'>in</span> <span class='ocrx_word' id='word_1_396' title='bbox 1431 3049 1561 3118; x_wconf 83' lang='lat' dir='ltr'>tenebris,</span> <span class='ocrx_word' id='word_1_397' title='bbox 1576 3049 1621 3108; x_wconf 90' lang='lat' dir='ltr'>hic</span> <span class='ocrx_word' id='word_1_398' title='bbox 1644 3049 1670 3105; x_wconf 93' lang='lat' dir='ltr'>io</span> <span class='ocrx_word' id='word_1_399' title='bbox 1690 3049 1750 3108; x_wconf 88' lang='lat' dir='ltr'>luce</span> <span class='ocrx_word' id='word_1_400' title='bbox 1775 3049 1875 3114; x_wconf 89' lang='lat' dir='ltr'>multa;</span> <span class='ocrx_word' id='word_1_401' title='bbox 1898 3048 1928 3104; x_wconf 90' lang='lat' dir='ltr'>io</span> 
     </span>
     <span class='ocr_line' id='line_1_31' title="bbox 275 3133 1925 3256; baseline 0.002 -65"><span class='ocrx_word' id='word_1_402' title='bbox 275 3136 396 3191; x_wconf 82' lang='lat' dir='ltr'>loannes</span> <span class='ocrx_word' id='word_1_403' title='bbox 409 3140 562 3192; x_wconf 87' lang='lat' dir='ltr'>sanctorum</span> <span class='ocrx_word' id='word_1_404' title='bbox 580 3147 661 3190; x_wconf 86' lang='lat' dir='ltr'>voees</span> <span class='ocrx_word' id='word_1_405' title='bbox 681 3133 783 3188; x_wconf 90' lang='lat' dir='ltr'>audivit</span> <span class='ocrx_word' id='word_1_406' title='bbox 802 3135 898 3206; x_wconf 81' lang='lat' dir='ltr'>(Apoc.</span> <span class='ocrx_word' id='word_1_407' title='bbox 916 3150 955 3204; x_wconf 91' lang='lat' dir='ltr'>vr,</span> <span class='ocrx_word' id='word_1_408' title='bbox 975 3138 1077 3222; x_wconf 67' lang='lat'>9:10),</span> <span class='ocrx_word' id='word_1_409' title='bbox 1093 3177 1115 3256; x_wconf 66' lang='lat' dir='ltr'>c</span> <span class='ocrx_word' id='word_1_410' title='bbox 1129 3141 1236 3198; x_wconf 84' lang='lat' dir='ltr'>interno</span> <span class='ocrx_word' id='word_1_411' title='bbox 1250 3139 1294 3195; x_wconf 88' lang='lat' dir='ltr'>ille</span> <span class='ocrx_word' id='word_1_412' title='bbox 1312 3138 1402 3209; x_wconf 85' lang='lat' dir='ltr'>luerit,</span> <span class='ocrx_word' id='word_1_413' title='bbox 1427 3139 1477 3196; x_wconf 88' lang='lat' dir='ltr'>iste</span> <span class='ocrx_word' id='word_1_414' title='bbox 1500 3139 1528 3196; x_wconf 93' lang='lat' dir='ltr'>in</span> <span class='ocrx_word' id='word_1_415' title='bbox 1556 3141 1706 3198; x_wconf 79' lang='lat' dir='ltr'>celmllon</span> <span class='ocrx_word' id='word_1_416' title='bbox 1719 3138 1867 3208; x_wconf 83' lang='lat' dir='ltr'>incongruo</span> <span class='ocrx_word' id='word_1_417' title='bbox 1881 3144 1925 3194; x_wconf 84' lang='lat' dir='ltr'>ta·</span> 
     </span>
     <span class='ocr_line' id='line_1_32' title="bbox 279 3221 1929 3300; baseline 0.001 -18"><span class='ocrx_word' id='word_1_418' title='bbox 279 3239 369 3282; x_wconf 75' lang='lat' dir='ltr'>mrmo</span> <span class='ocrx_word' id='word_1_419' title='bbox 391 3224 534 3282; x_wconf 86' lang='lat' dir='ltr'>incidisset</span> <span class='ocrx_word' id='word_1_420' title='bbox 553 3221 708 3279; x_wconf 89' lang='lat' dir='ltr'>distulimus</span> <span class='ocrx_word' id='word_1_421' title='bbox 733 3221 811 3278; x_wconf 88' lang='lat' dir='ltr'>sicut</span> <span class='ocrx_word' id='word_1_422' title='bbox 827 3223 986 3279; x_wconf 86' lang='lat' dir='ltr'>meminisse</span> <span class='ocrx_word' id='word_1_423' title='bbox 1006 3225 1077 3280; x_wconf 91' lang='lat' dir='ltr'>arbi·</span> <span class='ocrx_word' id='word_1_424' title='bbox 1131 3243 1192 3288; x_wconf 88' lang='lat' dir='ltr'>meu</span> <span class='ocrx_word' id='word_1_425' title='bbox 1208 3227 1374 3286; x_wconf 87' lang='lat' dir='ltr'>etiamnunc</span> <span class='ocrx_word' id='word_1_426' title='bbox 1392 3228 1493 3286; x_wconf 90' lang='lat' dir='ltr'>dietum</span> <span class='ocrx_word' id='word_1_427' title='bbox 1508 3227 1613 3286; x_wconf 87' lang='lat' dir='ltr'>videtur</span> <span class='ocrx_word' id='word_1_428' title='bbox 1631 3228 1843 3300; x_wconf 85' lang='lat' dir='ltr'>patriarcharum</span> <span class='ocrx_word' id='word_1_429' title='bbox 1856 3224 1929 3284; x_wconf 76' lang='lat' dir='ltr'>filios</span> 
     </span>
     <span class='ocr_line' id='line_1_33' title="bbox 283 3310 1930 3390; baseline -0.001 -18"><span class='ocrx_word' id='word_1_430' title='bbox 283 3326 339 3372; x_wconf 82' lang='lat' dir='ltr'>tuor</span> <span class='ocrx_word' id='word_1_431' title='bbox 360 3316 519 3372; x_wconf 86' lang='lat' dir='ltr'>charitatem</span> <span class='ocrx_word' id='word_1_432' title='bbox 543 3319 670 3379; x_wconf 87' lang='lat' dir='ltr'>vestrum,</span> <span class='ocrx_word' id='word_1_433' title='bbox 684 3321 715 3367; x_wconf 91' lang='lat' dir='ltr'>ut</span> <span class='ocrx_word' id='word_1_434' title='bbox 735 3310 859 3368; x_wconf 90' lang='lat' dir='ltr'>oratione</span> <span class='ocrx_word' id='word_1_435' title='bbox 877 3312 1017 3384; x_wconf 81' lang='lat' dir='ltr'>praemissa</span> <span class='ocrx_word' id='word_1_436' title='bbox 1034 3329 1078 3368; x_wconf 86' lang='lat' dir='ltr'>se·</span> <span class='ocrx_word' id='word_1_437' title='bbox 1133 3325 1277 3390; x_wconf 92' lang='lat' dir='ltr'>paternum</span> <span class='ocrx_word' id='word_1_438' title='bbox 1287 3319 1314 3372; x_wconf 91' lang='lat' dir='ltr'>iu</span> <span class='ocrx_word' id='word_1_439' title='bbox 1323 3317 1413 3374; x_wconf 88' lang='lat' dir='ltr'>sinum</span> <span class='ocrx_word' id='word_1_440' title='bbox 1422 3316 1516 3388; x_wconf 91' lang='lat' dir='ltr'>recipi,</span> <span class='ocrx_word' id='word_1_441' title='bbox 1532 3332 1593 3376; x_wconf 91' lang='lat' dir='ltr'>cum</span> <span class='ocrx_word' id='word_1_442' title='bbox 1608 3318 1643 3374; x_wconf 92' lang='lat' dir='ltr'>ad</span> <span class='ocrx_word' id='word_1_443' title='bbox 1653 3332 1748 3374; x_wconf 88' lang='lat' dir='ltr'>eorum</span> <span class='ocrx_word' id='word_1_444' title='bbox 1759 3315 1930 3374; x_wconf 88' lang='lat' dir='ltr'>consortium</span> 
     </span>
     <span class='ocr_line' id='line_1_34' title="bbox 281 3401 1928 3479; baseline -0.002 -16"><span class='ocrx_word' id='word_1_445' title='bbox 281 3404 371 3464; x_wconf 87' lang='lat' dir='ltr'>curior</span> <span class='ocrx_word' id='word_1_446' title='bbox 383 3403 464 3460; x_wconf 92' lang='lat' dir='ltr'>nobis</span> <span class='ocrx_word' id='word_1_447' title='bbox 477 3402 511 3460; x_wconf 86' lang='lat' dir='ltr'>od</span> <span class='ocrx_word' id='word_1_448' title='bbox 526 3409 579 3456; x_wconf 90' lang='lat' dir='ltr'>tam</span> <span class='ocrx_word' id='word_1_449' title='bbox 595 3415 702 3456; x_wconf 90' lang='lat' dir='ltr'>sacrum</span> <span class='ocrx_word' id='word_1_450' title='bbox 721 3406 910 3472; x_wconf 89' lang='lat' dir='ltr'>secretumque</span> <span class='ocrx_word' id='word_1_451' title='bbox 926 3401 1080 3459; x_wconf 87' lang='lat' dir='ltr'>cubiculum</span> <span class='ocrx_word' id='word_1_452' title='bbox 1133 3403 1167 3460; x_wconf 91' lang='lat' dir='ltr'>ab</span> <span class='ocrx_word' id='word_1_453' title='bbox 1182 3407 1235 3462; x_wconf 89' lang='lat' dir='ltr'>hoe</span> <span class='ocrx_word' id='word_1_454' title='bbox 1253 3405 1354 3462; x_wconf 88' lang='lat' dir='ltr'>aesculo</span> <span class='ocrx_word' id='word_1_455' title='bbox 1370 3405 1484 3462; x_wconf 88' lang='lat' dir='ltr'>transire</span> <span class='ocrx_word' id='word_1_456' title='bbox 1498 3414 1637 3462; x_wconf 87' lang='lat' dir='ltr'>merentur</span> <span class='ocrx_word' id='word_1_457' title='bbox 1650 3405 1744 3479; x_wconf 82' lang='lat' dir='ltr'>[clius.</span> <span class='ocrx_word' id='word_1_458' title='bbox 1761 3403 1928 3477; x_wconf 84' lang='lat' dir='ltr'>meruerintl.</span> 
     </span>
    </p>

    <p class='ocr_par' dir='ltr' id='par_1_6' title="bbox 252 3487 1932 4100">
     <span class='ocr_line' id='line_1_35' title="bbox 252 3487 1931 3566; baseline 0 -18"><span class='ocrx_word' id='word_1_459' title='bbox 252 3537 260 3566; x_wconf 77' lang='lat'>,</span> <span class='ocrx_word' id='word_1_460' title='bbox 280 3499 384 3564; x_wconf 86' lang='lat' dir='ltr'>pateret</span> <span class='ocrx_word' id='word_1_461' title='bbox 398 3505 536 3548; x_wconf 80' lang='lat' dir='ltr'>accessum.</span> <span class='ocrx_word' id='word_1_462' title='bbox 552 3491 670 3562; x_wconf 90' lang='lat' dir='ltr'>Tempus</span> <span class='ocrx_word' id='word_1_463' title='bbox 691 3493 742 3558; x_wconf 86' lang='lat' dir='ltr'>est,</span> <span class='ocrx_word' id='word_1_464' title='bbox 759 3489 856 3558; x_wconf 77' lang='lat' dir='ltr'>utiam</span> <span class='ocrx_word' id='word_1_465' title='bbox 871 3487 994 3546; x_wconf 87' lang='lat' dir='ltr'>dicamus</span> <span class='ocrx_word' id='word_1_466' title='bbox 1007 3491 1080 3561; x_wconf 91' lang='lat' dir='ltr'>quod</span> <span class='ocrx_word' id='word_1_467' title='bbox 1170 3497 1196 3548; x_wconf 79' lang='grc'>1.</span> <span class='ocrx_word' id='word_1_468' title='bbox 1212 3497 1295 3555; x_wconf 82' lang='lat' dir='ltr'>l‘orro</span> <span class='ocrx_word' id='word_1_469' title='bbox 1310 3494 1393 3550; x_wconf 89' lang='lat' dir='ltr'>altare</span> <span class='ocrx_word' id='word_1_470' title='bbox 1412 3493 1501 3566; x_wconf 88' lang='lat' dir='ltr'>ipsum</span> <span class='ocrx_word' id='word_1_471' title='bbox 1517 3495 1550 3549; x_wconf 91' lang='lat' dir='ltr'>de</span> <span class='ocrx_word' id='word_1_472' title='bbox 1565 3509 1631 3565; x_wconf 88' lang='lat' dir='ltr'>quo,</span> <span class='ocrx_word' id='word_1_473' title='bbox 1642 3495 1723 3550; x_wconf 89' lang='lat' dir='ltr'>uobis</span> <span class='ocrx_word' id='word_1_474' title='bbox 1736 3493 1876 3550; x_wconf 90' lang='lat' dir='ltr'>habendus</span> <span class='ocrx_word' id='word_1_475' title='bbox 1889 3502 1931 3548; x_wconf 89' lang='lat' dir='ltr'>est</span> 
     </span>
     <span class='ocr_line' id='line_1_36' title="bbox 278 3576 1928 3656; baseline -0.001 -18"><span class='ocrx_word' id='word_1_476' title='bbox 278 3581 314 3635; x_wconf 87' lang='lat' dir='ltr'>de</span> <span class='ocrx_word' id='word_1_477' title='bbox 341 3595 375 3638; x_wconf 87' lang='lat' dir='ltr'>co</span> <span class='ocrx_word' id='word_1_478' title='bbox 405 3578 486 3634; x_wconf 88' lang='lat' dir='ltr'>uobis</span> <span class='ocrx_word' id='word_1_479' title='bbox 513 3577 613 3634; x_wconf 78' lang='lat' dir='ltr'>secure</span> <span class='ocrx_word' id='word_1_480' title='bbox 637 3576 728 3631; x_wconf 92' lang='lat' dir='ltr'>datum</span> <span class='ocrx_word' id='word_1_481' title='bbox 755 3584 807 3642; x_wconf 80' lang='lat' dir='ltr'>est,</span> <span class='ocrx_word' id='word_1_482' title='bbox 836 3577 895 3632; x_wconf 71' lang='lat' dir='ltr'>sine</span> <span class='ocrx_word' id='word_1_483' title='bbox 924 3577 1080 3648; x_wconf 74' lang='lat' dir='ltr'>pracindicio</span> <span class='ocrx_word' id='word_1_484' title='bbox 1132 3597 1289 3656; x_wconf 86' lang='lat' dir='ltr'>sermo,ego</span> <span class='ocrx_word' id='word_1_485' title='bbox 1305 3597 1353 3654; x_wconf 93' lang='lat' dir='ltr'>pro</span> <span class='ocrx_word' id='word_1_486' title='bbox 1369 3597 1428 3638; x_wconf 90' lang='lat' dir='ltr'>meo</span> <span class='ocrx_word' id='word_1_487' title='bbox 1443 3597 1539 3655; x_wconf 88' lang='lat' dir='ltr'>sapere</span> <span class='ocrx_word' id='word_1_488' title='bbox 1554 3581 1620 3638; x_wconf 91' lang='lat' dir='ltr'>nihil</span> <span class='ocrx_word' id='word_1_489' title='bbox 1636 3582 1707 3638; x_wconf 87' lang='lat' dir='ltr'>aliud</span> <span class='ocrx_word' id='word_1_490' title='bbox 1723 3581 1838 3638; x_wconf 88' lang='lat' dir='ltr'>arbitror</span> <span class='ocrx_word' id='word_1_491' title='bbox 1849 3597 1928 3648; x_wconf 88' lang='lat' dir='ltr'>ease,</span> 
     </span>
     <span class='ocr_line' id='line_1_37' title="bbox 279 3663 1932 3743; baseline 0.001 -19"><span class='ocrx_word' id='word_1_492' title='bbox 279 3682 355 3734; x_wconf 89' lang='lat' dir='ltr'>sane,</span> <span class='ocrx_word' id='word_1_493' title='bbox 370 3667 453 3725; x_wconf 91' lang='lat' dir='ltr'>sicui</span> <span class='ocrx_word' id='word_1_494' title='bbox 478 3665 548 3723; x_wconf 87' lang='lat' dir='ltr'>lorte</span> <span class='ocrx_word' id='word_1_495' title='bbox 566 3665 645 3720; x_wconf 87' lang='lat' dir='ltr'>aliter</span> <span class='ocrx_word' id='word_1_496' title='bbox 662 3663 744 3720; x_wconf 86' lang='lat' dir='ltr'>fuerit</span> <span class='ocrx_word' id='word_1_497' title='bbox 761 3664 916 3722; x_wconf 84' lang='lat' dir='ltr'>revelatum.</span> <span class='ocrx_word' id='word_1_498' title='bbox 932 3666 1000 3722; x_wconf 92' lang='lat' dir='ltr'>lllud</span> <span class='ocrx_word' id='word_1_499' title='bbox 1016 3680 1081 3740; x_wconf 83' lang='lat' dir='ltr'>crgo</span> <span class='ocrx_word' id='word_1_500' title='bbox 1132 3687 1211 3743; x_wconf 75' lang='lat' dir='ltr'>mmm</span> <span class='ocrx_word' id='word_1_501' title='bbox 1226 3687 1325 3742; x_wconf 88' lang='lat' dir='ltr'>eorpus</span> <span class='ocrx_word' id='word_1_502' title='bbox 1335 3671 1424 3742; x_wconf 90' lang='lat' dir='ltr'>ipsum</span> <span class='ocrx_word' id='word_1_503' title='bbox 1436 3671 1544 3728; x_wconf 84' lang='lat' dir='ltr'>Domini</span> <span class='ocrx_word' id='word_1_504' title='bbox 1558 3670 1932 3742; x_wconf 75' lang='lat' dir='ltr'>Salvatorisffl).credoau·</span> 
     </span>
     <span class='ocr_line' id='line_1_38' title="bbox 280 3753 1931 3832; baseline -0.007 -8"><span class='ocrx_word' id='word_1_505' title='bbox 280 3755 395 3824; x_wconf 68' lang='lat' dir='ltr'>phanum</span> <span class='ocrx_word' id='word_1_506' title='bbox 417 3769 525 3812; x_wconf 78' lang='lat' dir='ltr'>movero</span> <span class='ocrx_word' id='word_1_507' title='bbox 537 3760 634 3826; x_wconf 70' lang='lat' dir='ltr'>potest,</span> <span class='ocrx_word' id='word_1_508' title='bbox 649 3753 715 3826; x_wconf 81' lang='lat' dir='ltr'>quta</span> <span class='ocrx_word' id='word_1_509' title='bbox 734 3754 786 3810; x_wconf 80' lang='lat' dir='ltr'>sibi</span> <span class='ocrx_word' id='word_1_510' title='bbox 808 3755 882 3821; x_wconf 82' lang='lat' dir='ltr'>vetit,</span> <span class='ocrx_word' id='word_1_511' title='bbox 897 3755 971 3827; x_wconf 81' lang='lat' dir='ltr'>quod</span> <span class='ocrx_word' id='word_1_512' title='bbox 987 3756 1081 3812; x_wconf 78' lang='lat' dir='ltr'>beatus</span> <span class='ocrx_word' id='word_1_513' title='bbox 1133 3767 1187 3816; x_wconf 70' lang='lat' dir='ltr'>tem</span> <span class='ocrx_word' id='word_1_514' title='bbox 1202 3760 1310 3832; x_wconf 75' lang='lat' dir='ltr'>quoda</span> <span class='ocrx_word' id='word_1_515' title='bbox 1322 3775 1464 3832; x_wconf 77' lang='lat' dir='ltr'>egoauper</span> <span class='ocrx_word' id='word_1_516' title='bbox 1475 3761 1644 3817; x_wconf 72' lang='lat' dir='ltr'>noceamus</span> <span class='ocrx_word' id='word_1_517' title='bbox 1656 3759 1850 3829; x_wconf 68' lang='lat' dir='ltr'>attrahebam,</span> <span class='ocrx_word' id='word_1_518' title='bbox 1861 3774 1931 3830; x_wconf 73' lang='lat' dir='ltr'>pre-</span> 
     </span>
     <span class='ocr_line' id='line_1_39' title="bbox 278 3839 1925 3920; baseline 0 -18"><span class='ocrx_word' id='word_1_519' title='bbox 278 3846 397 3903; x_wconf 78' lang='lat' dir='ltr'>loautset</span> <span class='ocrx_word' id='word_1_520' title='bbox 415 3844 466 3899; x_wconf 87' lang='lat' dir='ltr'>sub</span> <span class='ocrx_word' id='word_1_521' title='bbox 480 3843 564 3900; x_wconf 87' lang='lat' dir='ltr'>altare</span> <span class='ocrx_word' id='word_1_522' title='bbox 577 3842 628 3898; x_wconf 83' lang='lat' dir='ltr'>Dei</span> <span class='ocrx_word' id='word_1_523' title='bbox 644 3839 753 3898; x_wconf 88' lang='lat' dir='ltr'>audisse</span> <span class='ocrx_word' id='word_1_524' title='bbox 776 3856 806 3898; x_wconf 86' lang='lat' dir='ltr'>sc</span> <span class='ocrx_word' id='word_1_525' title='bbox 826 3842 951 3914; x_wconf 80' lang='lat' dir='ltr'>perhibet</span> <span class='ocrx_word' id='word_1_526' title='bbox 972 3851 1080 3899; x_wconf 90' lang='lat' dir='ltr'>saueta-</span> <span class='ocrx_word' id='word_1_527' title='bbox 1134 3848 1226 3906; x_wconf 89' lang='lat' dir='ltr'>sertim</span> <span class='ocrx_word' id='word_1_528' title='bbox 1240 3848 1415 3906; x_wconf 85' lang='lat' dir='ltr'>eumaudiam</span> <span class='ocrx_word' id='word_1_529' title='bbox 1430 3864 1490 3905; x_wconf 91' lang='lat' dir='ltr'>eum</span> <span class='ocrx_word' id='word_1_530' title='bbox 1502 3848 1527 3904; x_wconf 87' lang='lat' dir='ltr'>io</span> <span class='ocrx_word' id='word_1_531' title='bbox 1538 3847 1686 3920; x_wconf 84' lang='lat' dir='ltr'>Evangelio</span> <span class='ocrx_word' id='word_1_532' title='bbox 1698 3849 1901 3917; x_wconf 88' lang='lat' dir='ltr'>promittentem</span> <span class='ocrx_word' id='word_1_533' title='bbox 1917 3865 1925 3902; x_wconf 75' lang='grc' dir='ltr'><strong><em>ε</em></strong></span> 
     </span>
     <span class='ocr_line' id='line_1_40' title="bbox 280 3927 1931 4011; baseline 0.004 -23"><span class='ocrx_word' id='word_1_534' title='bbox 280 3949 340 4002; x_wconf 78' lang='lat' dir='ltr'>rum</span> <span class='ocrx_word' id='word_1_535' title='bbox 354 3947 435 3992; x_wconf 87' lang='lat' dir='ltr'>voees</span> <span class='ocrx_word' id='word_1_536' title='bbox 448 3930 609 3996; x_wconf 89' lang='lat' dir='ltr'>animarum,</span> <span class='ocrx_word' id='word_1_537' title='bbox 624 3943 688 3986; x_wconf 91' lang='lat' dir='ltr'>cum</span> <span class='ocrx_word' id='word_1_538' title='bbox 702 3927 825 3986; x_wconf 80' lang='lat' dir='ltr'>Salvator</span> <span class='ocrx_word' id='word_1_539' title='bbox 839 3930 866 3984; x_wconf 94' lang='lat' dir='ltr'>iu</span> <span class='ocrx_word' id='word_1_540' title='bbox 880 3929 1031 4001; x_wconf 84' lang='lat' dir='ltr'>Evangelio</span> <span class='ocrx_word' id='word_1_541' title='bbox 1045 3931 1079 3986; x_wconf 91' lang='lat' dir='ltr'>dc</span> <span class='ocrx_word' id='word_1_542' title='bbox 1136 3939 1291 4011; x_wconf 63' lang='lat' dir='ltr'>Ubicunque</span> <span class='ocrx_word' id='word_1_543' title='bbox 1308 3938 1399 4008; x_wconf 72' lang='lat' dir='ltr'>suerit</span> <span class='ocrx_word' id='word_1_544' title='bbox 1418 3953 1532 4010; x_wconf 83' lang='lat' dir='ltr'>corpus,</span> <span class='ocrx_word' id='word_1_545' title='bbox 1551 3937 1623 3994; x_wconf 76' lang='lat' dir='ltr'>illue</span> <span class='ocrx_word' id='word_1_546' title='bbox 1639 3936 1885 4010; x_wconf 57' lang='lat' dir='ltr'>confiscabantur</span> <span class='ocrx_word' id='word_1_547' title='bbox 1903 3941 1931 3992; x_wconf 84' lang='lat' dir='ltr'>et</span> 
     </span>
     <span class='ocr_line' id='line_1_41' title="bbox 280 4017 1930 4100; baseline -0.007 -22"><span class='ocrx_word' id='word_1_548' title='bbox 280 4019 372 4078; x_wconf 69' lang='lat' dir='ltr'>Lazari</span> <span class='ocrx_word' id='word_1_549' title='bbox 396 4018 486 4079; x_wconf 88' lang='lat' dir='ltr'>auima</span> <span class='ocrx_word' id='word_1_550' title='bbox 502 4018 630 4090; x_wconf 90' lang='lat' dir='ltr'>loquens,</span> <span class='ocrx_word' id='word_1_551' title='bbox 646 4032 701 4072; x_wconf 92' lang='lat' dir='ltr'>non</span> <span class='ocrx_word' id='word_1_552' title='bbox 725 4018 776 4073; x_wconf 93' lang='lat' dir='ltr'>sub</span> <span class='ocrx_word' id='word_1_553' title='bbox 798 4017 884 4074; x_wconf 88' lang='lat' dir='ltr'>altare</span> <span class='ocrx_word' id='word_1_554' title='bbox 910 4017 969 4086; x_wconf 83' lang='lat' dir='ltr'>Dei,</span> <span class='ocrx_word' id='word_1_555' title='bbox 985 4017 1035 4073; x_wconf 88' lang='lat' dir='ltr'>sed</span> <span class='ocrx_word' id='word_1_556' title='bbox 1054 4019 1081 4074; x_wconf 85' lang='lat' dir='ltr'>in</span> <span class='ocrx_word' id='word_1_557' title='bbox 1134 4026 1404 4100; x_wconf 64' lang='lat' dir='ltr'>aquasmaquam,</span> <span class='ocrx_word' id='word_1_558' title='bbox 1421 4026 1479 4096; x_wconf 88' lang='grc'>31).</span> <span class='ocrx_word' id='word_1_559' title='bbox 1495 4025 1603 4082; x_wconf 81' lang='lat' dir='ltr'>interim</span> <span class='ocrx_word' id='word_1_560' title='bbox 1618 4040 1684 4098; x_wconf 85' lang='lat' dir='ltr'>ergo</span> <span class='ocrx_word' id='word_1_561' title='bbox 1698 4027 1749 4082; x_wconf 86' lang='lat' dir='ltr'>sub</span> <span class='ocrx_word' id='word_1_562' title='bbox 1763 4024 1864 4082; x_wconf 66' lang='lat' dir='ltr'>christi</span> <span class='ocrx_word' id='word_1_563' title='bbox 1877 4025 1930 4080; x_wconf 75' lang='lat' dir='ltr'>pm.</span> 
     </span>
    </p>

    <p class='ocr_par' dir='ltr' id='par_1_7' title="bbox 221 4105 1931 4190">
     <span class='ocr_line' id='line_1_42' title="bbox 221 4105 1931 4190; baseline -0.002 -20"><span class='ocrx_word' id='word_1_564' title='bbox 221 4181 225 4190; x_wconf 36' lang='grc' dir='ltr'>Ι</span> <span class='ocrx_word' id='word_1_565' title='bbox 278 4111 368 4170; x_wconf 87' lang='lat' dir='ltr'>sinum</span> <span class='ocrx_word' id='word_1_566' title='bbox 395 4110 510 4166; x_wconf 82' lang='lat' dir='ltr'>hbrahae</span> <span class='ocrx_word' id='word_1_567' title='bbox 538 4108 609 4164; x_wconf 88' lang='lat' dir='ltr'>dicat</span> <span class='ocrx_word' id='word_1_568' title='bbox 637 4122 696 4163; x_wconf 88' lang='lat' dir='ltr'>eam</span> <span class='ocrx_word' id='word_1_569' title='bbox 725 4106 759 4162; x_wconf 86' lang='lat' dir='ltr'>ab</span> <span class='ocrx_word' id='word_1_570' title='bbox 782 4105 886 4179; x_wconf 88' lang='lat' dir='ltr'>angelis</span> <span class='ocrx_word' id='word_1_571' title='bbox 913 4106 1081 4177; x_wconf 86' lang='lat' dir='ltr'>deportatam</span> <span class='ocrx_word' id='word_1_572' title='bbox 1134 4114 1260 4170; x_wconf 83' lang='lat' dir='ltr'>monitate</span> <span class='ocrx_word' id='word_1_573' title='bbox 1297 4113 1410 4170; x_wconf 89' lang='lat' dir='ltr'>leliciter</span> <span class='ocrx_word' id='word_1_574' title='bbox 1447 4111 1533 4173; x_wconf 84' lang='lat' dir='ltr'>sancti</span> <span class='ocrx_word' id='word_1_575' title='bbox 1561 4112 1668 4187; x_wconf 75' lang='lat' dir='ltr'>[ulios.</span> <span class='ocrx_word' id='word_1_576' title='bbox 1699 4111 1792 4168; x_wconf 82' lang='lat' dir='ltr'>felices</span> <span class='ocrx_word' id='word_1_577' title='bbox 1823 4111 1931 4186; x_wconf 77' lang='lat' dir='ltr'>anime}</span> 
     </span>
    </p>

    <p class='ocr_par' dir='ltr' id='par_1_8' title="bbox 279 4195 1928 4274">
     <span class='ocr_line' id='line_1_43' title="bbox 279 4195 1928 4274; baseline -0.002 -16"><span class='ocrx_word' id='word_1_578' title='bbox 279 4203 358 4272; x_wconf 83' lang='lat' dir='ltr'>(Luc.</span> <span class='ocrx_word' id='word_1_579' title='bbox 374 4213 432 4263; x_wconf 81' lang='lat' dir='ltr'>avr,</span> <span class='ocrx_word' id='word_1_580' title='bbox 449 4199 505 4268; x_wconf 76' lang='grc'>11).</span> <span class='ocrx_word' id='word_1_581' title='bbox 520 4198 589 4253; x_wconf 90' lang='lat' dir='ltr'>Nam</span> <span class='ocrx_word' id='word_1_582' title='bbox 603 4205 631 4255; x_wconf 90' lang='lat' dir='ltr'>et</span> <span class='ocrx_word' id='word_1_583' title='bbox 649 4201 758 4251; x_wconf 87' lang='lat' dir='ltr'>sanetus</span> <span class='ocrx_word' id='word_1_584' title='bbox 770 4195 830 4262; x_wconf 89' lang='lat' dir='ltr'>Job,</span> <span class='ocrx_word' id='word_1_585' title='bbox 844 4205 874 4250; x_wconf 90' lang='lat' dir='ltr'>ut</span> <span class='ocrx_word' id='word_1_586' title='bbox 886 4204 1009 4269; x_wconf 83' lang='lat' dir='ltr'>apparet,</span> <span class='ocrx_word' id='word_1_587' title='bbox 1027 4212 1082 4252; x_wconf 69' lang='lat'>11⁶·</span> <span class='ocrx_word' id='word_1_588' title='bbox 1134 4202 1284 4274; x_wconf 89' lang='lat' dir='ltr'>quiescunt,</span> <span class='ocrx_word' id='word_1_589' title='bbox 1300 4201 1328 4258; x_wconf 92' lang='lat' dir='ltr'>in</span> <span class='ocrx_word' id='word_1_590' title='bbox 1342 4217 1424 4274; x_wconf 91' lang='lat' dir='ltr'>quam</span> <span class='ocrx_word' id='word_1_591' title='bbox 1438 4201 1566 4260; x_wconf 87' lang='lat' dir='ltr'>nimirum</span> <span class='ocrx_word' id='word_1_592' title='bbox 1575 4201 1729 4258; x_wconf 86' lang='lat' dir='ltr'>desiderant</span> <span class='ocrx_word' id='word_1_593' title='bbox 1743 4200 1825 4258; x_wconf 91' lang='lat' dir='ltr'>etiam</span> <span class='ocrx_word' id='word_1_594' title='bbox 1840 4199 1928 4272; x_wconf 76' lang='lat' dir='ltr'>augeb</span> 
     </span>
    </p>

    <p class='ocr_par' dir='ltr' id='par_1_9' title="bbox 277 4283 1934 4982">
     <span class='ocr_line' id='line_1_44' title="bbox 279 4283 1930 4364; baseline -0.003 -21"><span class='ocrx_word' id='word_1_595' title='bbox 279 4302 415 4360; x_wconf 79' lang='lat' dir='ltr'>quitquam</span> <span class='ocrx_word' id='word_1_596' title='bbox 430 4285 464 4340; x_wconf 88' lang='lat' dir='ltr'>ad</span> <span class='ocrx_word' id='word_1_597' title='bbox 485 4285 570 4341; x_wconf 74' lang='lat' dir='ltr'>allate</span> <span class='ocrx_word' id='word_1_598' title='bbox 588 4283 638 4338; x_wconf 86' lang='lat' dir='ltr'>Dei</span> <span class='ocrx_word' id='word_1_599' title='bbox 660 4285 746 4340; x_wconf 71' lang='lat' dir='ltr'>atibus</span> <span class='ocrx_word' id='word_1_600' title='bbox 766 4283 947 4352; x_wconf 68' lang='lat' dir='ltr'>subaspicere.</span> <span class='ocrx_word' id='word_1_601' title='bbox 965 4284 1082 4340; x_wconf 75' lang='grc'>011111111-</span> <span class='ocrx_word' id='word_1_602' title='bbox 1134 4289 1187 4364; x_wconf 86' lang='lat' dir='ltr'>ipsi</span> <span class='ocrx_word' id='word_1_603' title='bbox 1203 4289 1356 4361; x_wconf 69' lang='lat' dir='ltr'>prospicere</span> <span class='ocrx_word' id='word_1_604' title='bbox 1379 4293 1466 4347; x_wconf 78' lang='lat' dir='ltr'>donec</span> <span class='ocrx_word' id='word_1_605' title='bbox 1489 4291 1581 4347; x_wconf 74' lang='lat' dir='ltr'>veniat</span> <span class='ocrx_word' id='word_1_606' title='bbox 1603 4296 1719 4358; x_wconf 75' lang='lat' dir='ltr'>tempus,</span> <span class='ocrx_word' id='word_1_607' title='bbox 1743 4288 1854 4361; x_wconf 75' lang='lat' dir='ltr'>quando</span> <span class='ocrx_word' id='word_1_608' title='bbox 1874 4289 1930 4358; x_wconf 82' lang='lat' dir='ltr'>jam</span> 
     </span>
     <span class='ocr_line' id='line_1_45' title="bbox 279 4371 1931 4448; baseline -0.002 -15"><span class='ocrx_word' id='word_1_609' title='bbox 279 4382 369 4433; x_wconf 89' lang='lat' dir='ltr'>oeret:</span> <span class='ocrx_word' id='word_1_610' title='bbox 388 4371 536 4444; x_wconf 79' lang='lat' dir='ltr'>Qatamtbt</span> <span class='ocrx_word' id='word_1_611' title='bbox 550 4371 729 4439; x_wconf 82' lang='lat' dir='ltr'>hoctrt&#39;httct,</span> <span class='ocrx_word' id='word_1_612' title='bbox 740 4371 1083 4445; x_wconf 72' lang='lat' dir='ltr'>utinioferaoprotcpas</span> <span class='ocrx_word' id='word_1_613' title='bbox 1135 4392 1188 4433; x_wconf 90' lang='lat' dir='ltr'>nou</span> <span class='ocrx_word' id='word_1_614' title='bbox 1204 4378 1256 4434; x_wconf 93' lang='lat' dir='ltr'>sub</span> <span class='ocrx_word' id='word_1_615' title='bbox 1271 4377 1346 4435; x_wconf 86' lang='lat' dir='ltr'>altari</span> <span class='ocrx_word' id='word_1_616' title='bbox 1360 4379 1534 4444; x_wconf 89' lang='lat' dir='ltr'>collocentur,</span> <span class='ocrx_word' id='word_1_617' title='bbox 1551 4379 1597 4434; x_wconf 90' lang='lat' dir='ltr'>sed</span> <span class='ocrx_word' id='word_1_618' title='bbox 1614 4377 1765 4434; x_wconf 84' lang='lat' dir='ltr'>exaltentur</span> <span class='ocrx_word' id='word_1_619' title='bbox 1788 4393 1871 4448; x_wconf 87' lang='lat' dir='ltr'>super</span> <span class='ocrx_word' id='word_1_620' title='bbox 1888 4375 1931 4431; x_wconf 86' lang='lat' dir='ltr'>al-</span> 
     </span>
     <span class='ocr_line' id='line_1_46' title="bbox 278 4459 1932 4539; baseline 0.001 -19"><span class='ocrx_word' id='word_1_621' title='bbox 278 4460 537 4530; x_wconf 82' lang='lat' dir='ltr'>me‚atcbscondos</span> <span class='ocrx_word' id='word_1_622' title='bbox 546 4459 985 4534; x_wconf 76' lang='lat' dir='ltr'>me.dooccpertrcraseolsttror</span> <span class='ocrx_word' id='word_1_623' title='bbox 999 4465 1078 4530; x_wconf 80' lang='lat' dir='ltr'>tuus,</span> <span class='ocrx_word' id='word_1_624' title='bbox 1096 4460 1120 4539; x_wconf 73' lang='lat' dir='ltr'><strong>fl</strong></span> <span class='ocrx_word' id='word_1_625' title='bbox 1135 4469 1201 4522; x_wconf 84' lang='lat' dir='ltr'>tare.</span> <span class='ocrx_word' id='word_1_626' title='bbox 1226 4465 1277 4523; x_wconf 89' lang='lat' dir='ltr'>Sed</span> <span class='ocrx_word' id='word_1_627' title='bbox 1302 4467 1366 4537; x_wconf 90' lang='lat' dir='ltr'>quid</span> <span class='ocrx_word' id='word_1_628' title='bbox 1390 4467 1468 4526; x_wconf 82' lang='lat' dir='ltr'>disi?</span> <span class='ocrx_word' id='word_1_629' title='bbox 1491 4467 1613 4538; x_wconf 89' lang='lat' dir='ltr'>uunquid</span> <span class='ocrx_word' id='word_1_630' title='bbox 1635 4466 1810 4523; x_wconf 88' lang='lat' dir='ltr'>humanitatis</span> <span class='ocrx_word' id='word_1_631' title='bbox 1833 4465 1932 4522; x_wconf 89' lang='lat' dir='ltr'>Christi</span> 
     </span>
     <span class='ocr_line' id='line_1_47' title="bbox 278 4548 1931 4627; baseline -0.001 -17"><span class='ocrx_word' id='word_1_632' title='bbox 278 4548 1080 4625; x_wconf 56' lang='lat' dir='ltr'>ctcomtllucsmibilemptts,iaquorecordetismellfflob.</span> <span class='ocrx_word' id='word_1_633' title='bbox 1135 4555 1261 4627; x_wconf 86' lang='lat' dir='ltr'>gloriam,</span> <span class='ocrx_word' id='word_1_634' title='bbox 1286 4570 1340 4612; x_wconf 89' lang='lat' dir='ltr'>non</span> <span class='ocrx_word' id='word_1_635' title='bbox 1359 4555 1446 4611; x_wconf 88' lang='lat' dir='ltr'>dicam</span> <span class='ocrx_word' id='word_1_636' title='bbox 1469 4555 1618 4622; x_wconf 89' lang='lat' dir='ltr'>bominum,</span> <span class='ocrx_word' id='word_1_637' title='bbox 1641 4553 1750 4610; x_wconf 89' lang='lat' dir='ltr'>sedvel</span> <span class='ocrx_word' id='word_1_638' title='bbox 1772 4553 1931 4626; x_wconf 86' lang='lat' dir='ltr'>angelorum</span> 
     </span>
     <span class='ocr_line' id='line_1_48' title="bbox 279 4636 1933 4717; baseline 0.001 -20"><span class='ocrx_word' id='word_1_639' title='bbox 279 4657 339 4709; x_wconf 81' lang='lat' dir='ltr'>nav,</span> <span class='ocrx_word' id='word_1_640' title='bbox 352 4639 408 4712; x_wconf 83' lang='grc'>13.)</span> <span class='ocrx_word' id='word_1_641' title='bbox 419 4639 472 4695; x_wconf 88' lang='lat' dir='ltr'>Sed</span> <span class='ocrx_word' id='word_1_642' title='bbox 485 4641 542 4710; x_wconf 84' lang='lat' dir='ltr'>jam</span> <span class='ocrx_word' id='word_1_643' title='bbox 553 4646 664 4694; x_wconf 91' lang='lat' dir='ltr'>venerat</span> <span class='ocrx_word' id='word_1_644' title='bbox 671 4645 788 4709; x_wconf 88' lang='lat' dir='ltr'>tempus,</span> <span class='ocrx_word' id='word_1_645' title='bbox 799 4637 906 4706; x_wconf 86' lang='lat' dir='ltr'>iratres,</span> <span class='ocrx_word' id='word_1_646' title='bbox 916 4637 995 4706; x_wconf 87' lang='lat' dir='ltr'>illud,</span> <span class='ocrx_word' id='word_1_647' title='bbox 1007 4636 1079 4709; x_wconf 90' lang='lat' dir='ltr'>quod</span> <span class='ocrx_word' id='word_1_648' title='bbox 1135 4642 1241 4717; x_wconf 83' lang='lat' dir='ltr'>assequi</span> <span class='ocrx_word' id='word_1_649' title='bbox 1255 4643 1354 4714; x_wconf 88' lang='lat' dir='ltr'>poterit</span> <span class='ocrx_word' id='word_1_650' title='bbox 1371 4643 1441 4717; x_wconf 85' lang='lat' dir='ltr'>quis,</span> <span class='ocrx_word' id='word_1_651' title='bbox 1455 4641 1554 4699; x_wconf 91' lang='lat' dir='ltr'>nedum</span> <span class='ocrx_word' id='word_1_652' title='bbox 1569 4643 1717 4714; x_wconf 75' lang='lat' dir='ltr'>superare?</span> <span class='ocrx_word' id='word_1_653' title='bbox 1730 4641 1858 4712; x_wconf 87' lang='lat' dir='ltr'>Quonam</span> <span class='ocrx_word' id='word_1_654' title='bbox 1882 4641 1933 4716; x_wconf 86' lang='lat' dir='ltr'>igi·</span> 
     </span>
     <span class='ocr_line' id='line_1_49' title="bbox 278 4726 1932 4804; baseline -0.001 -16"><span class='ocrx_word' id='word_1_655' title='bbox 278 4733 375 4789; x_wconf 90' lang='lat' dir='ltr'>beatus</span> <span class='ocrx_word' id='word_1_656' title='bbox 389 4729 440 4785; x_wconf 86' lang='lat' dir='ltr'>Job</span> <span class='ocrx_word' id='word_1_657' title='bbox 459 4727 623 4798; x_wconf 87' lang='lat' dir='ltr'>postulabat,</span> <span class='ocrx_word' id='word_1_658' title='bbox 634 4729 691 4798; x_wconf 82' lang='lat' dir='ltr'>J&#39;am</span> <span class='ocrx_word' id='word_1_659' title='bbox 712 4726 873 4783; x_wconf 89' lang='lat' dir='ltr'>recordandi</span> <span class='ocrx_word' id='word_1_660' title='bbox 893 4735 1007 4796; x_wconf 90' lang='lat' dir='ltr'>tempus,</span> <span class='ocrx_word' id='word_1_661' title='bbox 1021 4726 1079 4796; x_wconf 87' lang='lat' dir='ltr'>jam</span> <span class='ocrx_word' id='word_1_662' title='bbox 1132 4740 1177 4788; x_wconf 89' lang='lat' dir='ltr'>tur</span> <span class='ocrx_word' id='word_1_663' title='bbox 1191 4731 1273 4788; x_wconf 90' lang='lat' dir='ltr'>modo</span> <span class='ocrx_word' id='word_1_664' title='bbox 1292 4747 1374 4802; x_wconf 90' lang='lat' dir='ltr'>super</span> <span class='ocrx_word' id='word_1_665' title='bbox 1392 4731 1475 4788; x_wconf 89' lang='lat' dir='ltr'>altare</span> <span class='ocrx_word' id='word_1_666' title='bbox 1490 4731 1604 4786; x_wconf 82' lang='lat' dir='ltr'>dixerim</span> <span class='ocrx_word' id='word_1_667' title='bbox 1626 4730 1785 4787; x_wconf 87' lang='lat' dir='ltr'>exaltandos</span> <span class='ocrx_word' id='word_1_668' title='bbox 1804 4745 1863 4798; x_wconf 88' lang='lat' dir='ltr'>eos,</span> <span class='ocrx_word' id='word_1_669' title='bbox 1885 4731 1932 4804; x_wconf 89' lang='lat' dir='ltr'>qui</span> 
     </span>
     <span class='ocr_line' id='line_1_50' title="bbox 277 4816 1933 4894; baseline -0.003 -14"><span class='ocrx_word' id='word_1_670' title='bbox 277 4827 389 4880; x_wconf 86' lang='lat' dir='ltr'>venerat</span> <span class='ocrx_word' id='word_1_671' title='bbox 409 4827 515 4888; x_wconf 89' lang='lat' dir='ltr'>tempus</span> <span class='ocrx_word' id='word_1_672' title='bbox 535 4817 690 4888; x_wconf 84' lang='lat' dir='ltr'>miserendi,</span> <span class='ocrx_word' id='word_1_673' title='bbox 705 4816 815 4889; x_wconf 89' lang='lat' dir='ltr'>quondo</span> <span class='ocrx_word' id='word_1_674' title='bbox 830 4823 984 4874; x_wconf 89' lang='lat' dir='ltr'>sauctorum</span> <span class='ocrx_word' id='word_1_675' title='bbox 997 4830 1080 4872; x_wconf 92' lang='lat' dir='ltr'>voces</span> <span class='ocrx_word' id='word_1_676' title='bbox 1133 4835 1206 4876; x_wconf 90' lang='lat' dir='ltr'>nunc</span> <span class='ocrx_word' id='word_1_677' title='bbox 1219 4820 1270 4876; x_wconf 89' lang='lat' dir='ltr'>tub</span> <span class='ocrx_word' id='word_1_678' title='bbox 1284 4821 1369 4877; x_wconf 88' lang='lat' dir='ltr'>altare</span> <span class='ocrx_word' id='word_1_679' title='bbox 1383 4818 1675 4894; x_wconf 73' lang='lat' dir='ltr'>quiescuntilisione</span> <span class='ocrx_word' id='word_1_680' title='bbox 1694 4819 1790 4892; x_wconf 91' lang='lat' dir='ltr'>utique</span> <span class='ocrx_word' id='word_1_681' title='bbox 1814 4825 1842 4875; x_wconf 89' lang='lat' dir='ltr'>et</span> <span class='ocrx_word' id='word_1_682' title='bbox 1864 4833 1933 4876; x_wconf 87' lang='lat' dir='ltr'>cou-</span> 
     </span>
     <span class='ocr_line' id='line_1_51' title="bbox 279 4904 1934 4982; baseline -0.002 -16"><span class='ocrx_word' id='word_1_683' title='bbox 279 4911 330 4966; x_wconf 88' lang='lat' dir='ltr'>sub</span> <span class='ocrx_word' id='word_1_684' title='bbox 341 4906 480 4966; x_wconf 84' lang='lat' dir='ltr'>altarellei</span> <span class='ocrx_word' id='word_1_685' title='bbox 489 4907 583 4964; x_wconf 88' lang='lat' dir='ltr'>beatus</span> <span class='ocrx_word' id='word_1_686' title='bbox 592 4906 711 4962; x_wconf 84' lang='lat' dir='ltr'>loannes</span> <span class='ocrx_word' id='word_1_687' title='bbox 720 4905 831 4963; x_wconf 87' lang='lat' dir='ltr'>audivit.</span> <span class='ocrx_word' id='word_1_688' title='bbox 844 4905 936 4962; x_wconf 85' lang='lat' dir='ltr'>Donec</span> <span class='ocrx_word' id='word_1_689' title='bbox 945 4904 1016 4960; x_wconf 88' lang='lat' dir='ltr'>enim</span> <span class='ocrx_word' id='word_1_690' title='bbox 1030 4919 1079 4961; x_wconf 89' lang='lat' dir='ltr'>vc·</span> <span class='ocrx_word' id='word_1_691' title='bbox 1133 4908 1314 4977; x_wconf 78' lang='lat' dir='ltr'>templalium,</span> <span class='ocrx_word' id='word_1_692' title='bbox 1328 4924 1381 4965; x_wconf 89' lang='lat' dir='ltr'>uon</span> <span class='ocrx_word' id='word_1_693' title='bbox 1406 4907 1574 4982; x_wconf 72' lang='lat' dir='ltr'>praelatione.</span> <span class='ocrx_word' id='word_1_694' title='bbox 1600 4907 1732 4966; x_wconf 90' lang='lat' dir='ltr'>Ostendet</span> <span class='ocrx_word' id='word_1_695' title='bbox 1754 4907 1825 4962; x_wconf 89' lang='lat' dir='ltr'>euim</span> <span class='ocrx_word' id='word_1_696' title='bbox 1850 4907 1934 4963; x_wconf 92' lang='lat' dir='ltr'>uobis</span> 
     </span>
    </p>

    <p class='ocr_par' dir='ltr' id='par_1_10' title="bbox 279 4992 1932 5074">
     <span class='ocr_line' id='line_1_52' title="bbox 279 4992 1932 5074; baseline -0.002 -21"><span class='ocrx_word' id='word_1_697' title='bbox 279 4995 350 5054; x_wconf 89' lang='lat' dir='ltr'>niret</span> <span class='ocrx_word' id='word_1_698' title='bbox 363 4994 535 5052; x_wconf 88' lang='lat' dir='ltr'>desideratus</span> <span class='ocrx_word' id='word_1_699' title='bbox 556 4992 614 5058; x_wconf 84' lang='lat' dir='ltr'>illc,</span> <span class='ocrx_word' id='word_1_700' title='bbox 631 4993 677 5066; x_wconf 87' lang='lat' dir='ltr'>qni</span> <span class='ocrx_word' id='word_1_701' title='bbox 691 4994 824 5067; x_wconf 87' lang='lat' dir='ltr'>sauguine</span> <span class='ocrx_word' id='word_1_702' title='bbox 838 5007 888 5048; x_wconf 92' lang='lat' dir='ltr'>suo</span> <span class='ocrx_word' id='word_1_703' title='bbox 902 4993 1006 5049; x_wconf 89' lang='lat' dir='ltr'>deleret</span> <span class='ocrx_word' id='word_1_704' title='bbox 1019 4992 1079 5074; x_wconf 81' lang='lat' dir='ltr'>chi·</span> <span class='ocrx_word' id='word_1_705' title='bbox 1131 4995 1227 5062; x_wconf 84' lang='lat' dir='ltr'>Filius,</span> <span class='ocrx_word' id='word_1_706' title='bbox 1242 5007 1271 5053; x_wconf 92' lang='lat' dir='ltr'>ut</span> <span class='ocrx_word' id='word_1_707' title='bbox 1282 4997 1418 5068; x_wconf 91' lang='lat' dir='ltr'>pollicitus</span> <span class='ocrx_word' id='word_1_708' title='bbox 1429 4997 1478 5064; x_wconf 89' lang='lat' dir='ltr'>est,</span> <span class='ocrx_word' id='word_1_709' title='bbox 1495 4996 1671 5070; x_wconf 85' lang='lat' dir='ltr'>semetipsum</span> <span class='ocrx_word' id='word_1_710' title='bbox 1687 4996 1778 5068; x_wconf 80' lang='lat' dir='ltr'>(loca.</span> <span class='ocrx_word' id='word_1_711' title='bbox 1792 5011 1851 5064; x_wconf 84' lang='lat' dir='ltr'>xvv,</span> <span class='ocrx_word' id='word_1_712' title='bbox 1873 4997 1932 5066; x_wconf 75' lang='grc'>11),</span> 
     </span>
    </p>

    <p class='ocr_par' dir='ltr' id='par_1_11' title="bbox 277 5080 1933 5334">
     <span class='ocr_line' id='line_1_53' title="bbox 278 5080 1933 5160; baseline -0.003 -15"><span class='ocrx_word' id='word_1_713' title='bbox 278 5085 447 5160; x_wconf 72' lang='lat' dir='ltr'>rogauphum</span> <span class='ocrx_word' id='word_1_714' title='bbox 460 5081 640 5139; x_wconf 65' lang='lat' dir='ltr'>damnationis</span> <span class='ocrx_word' id='word_1_715' title='bbox 654 5089 760 5145; x_wconf 63' lang='grc'>11051111,</span> <span class='ocrx_word' id='word_1_716' title='bbox 770 5088 798 5136; x_wconf 67' lang='lat' dir='ltr'>et</span> <span class='ocrx_word' id='word_1_717' title='bbox 811 5080 964 5137; x_wconf 67' lang='lat' dir='ltr'>flumineum</span> <span class='ocrx_word' id='word_1_718' title='bbox 979 5080 1080 5136; x_wconf 73' lang='lat' dir='ltr'>exstiti·</span> <span class='ocrx_word' id='word_1_719' title='bbox 1132 5100 1187 5140; x_wconf 92' lang='lat' dir='ltr'>non</span> <span class='ocrx_word' id='word_1_720' title='bbox 1199 5085 1228 5141; x_wconf 92' lang='lat' dir='ltr'>iu</span> <span class='ocrx_word' id='word_1_721' title='bbox 1243 5086 1328 5142; x_wconf 81' lang='lat' dir='ltr'>forma</span> <span class='ocrx_word' id='word_1_722' title='bbox 1342 5086 1423 5160; x_wconf 82' lang='lat' dir='ltr'>servi,</span> <span class='ocrx_word' id='word_1_723' title='bbox 1433 5086 1479 5142; x_wconf 91' lang='lat' dir='ltr'>sed</span> <span class='ocrx_word' id='word_1_724' title='bbox 1497 5085 1522 5141; x_wconf 90' lang='lat' dir='ltr'>iu</span> <span class='ocrx_word' id='word_1_725' title='bbox 1533 5085 1622 5142; x_wconf 80' lang='lat' dir='ltr'>forma</span> <span class='ocrx_word' id='word_1_726' title='bbox 1638 5085 1693 5142; x_wconf 85' lang='lat' dir='ltr'>hat.</span> <span class='ocrx_word' id='word_1_727' title='bbox 1706 5084 1835 5142; x_wconf 74' lang='lat' dir='ltr'>Ostcudd</span> <span class='ocrx_word' id='word_1_728' title='bbox 1848 5081 1933 5140; x_wconf 87' lang='lat' dir='ltr'>etiam</span> 
     </span>
     <span class='ocr_line' id='line_1_54' title="bbox 277 5169 1933 5252; baseline -0.002 -22"><span class='ocrx_word' id='word_1_729' title='bbox 277 5190 364 5252; x_wconf 81' lang='lat' dir='ltr'>gnam</span> <span class='ocrx_word' id='word_1_730' title='bbox 378 5171 508 5249; x_wconf 86' lang='lat' dir='ltr'>gladium,</span> <span class='ocrx_word' id='word_1_731' title='bbox 520 5171 634 5242; x_wconf 88' lang='lat' dir='ltr'>aperiret</span> <span class='ocrx_word' id='word_1_732' title='bbox 646 5170 819 5228; x_wconf 88' lang='lat' dir='ltr'>credentibus</span> <span class='ocrx_word' id='word_1_733' title='bbox 834 5185 918 5241; x_wconf 82' lang='lat' dir='ltr'>regna</span> <span class='ocrx_word' id='word_1_734' title='bbox 931 5169 1078 5226; x_wconf 84' lang='lat' dir='ltr'>coetorunt.</span> <span class='ocrx_word' id='word_1_735' title='bbox 1132 5173 1211 5230; x_wconf 91' lang='lat' dir='ltr'>nobis</span> <span class='ocrx_word' id='word_1_736' title='bbox 1224 5175 1328 5230; x_wconf 88' lang='lat' dir='ltr'>Patrem</span> <span class='ocrx_word' id='word_1_737' title='bbox 1348 5183 1377 5232; x_wconf 93' lang='lat' dir='ltr'>et</span> <span class='ocrx_word' id='word_1_738' title='bbox 1395 5173 1526 5247; x_wconf 90' lang='lat' dir='ltr'>Spiritum</span> <span class='ocrx_word' id='word_1_739' title='bbox 1543 5180 1677 5246; x_wconf 85' lang='lat' dir='ltr'>sanctum,</span> <span class='ocrx_word' id='word_1_740' title='bbox 1701 5173 1761 5230; x_wconf 89' lang='lat' dir='ltr'>siue</span> <span class='ocrx_word' id='word_1_741' title='bbox 1781 5189 1836 5245; x_wconf 89' lang='lat' dir='ltr'>qua</span> <span class='ocrx_word' id='word_1_742' title='bbox 1850 5172 1933 5228; x_wconf 90' lang='lat' dir='ltr'>nimi·</span> 
     </span>
     <span class='ocr_line' id='line_1_55' title="bbox 278 5257 1933 5334; baseline -0.003 -12"><span class='ocrx_word' id='word_1_743' title='bbox 278 5265 367 5322; x_wconf 89' lang='lat' dir='ltr'>uollus</span> <span class='ocrx_word' id='word_1_744' title='bbox 380 5261 491 5321; x_wconf 92' lang='lat' dir='ltr'>omnino</span> <span class='ocrx_word' id='word_1_745' title='bbox 504 5258 629 5331; x_wconf 87' lang='lat' dir='ltr'>cuiquam</span> <span class='ocrx_word' id='word_1_746' title='bbox 645 5269 801 5316; x_wconf 90' lang='lat' dir='ltr'>sanctorum</span> <span class='ocrx_word' id='word_1_747' title='bbox 815 5257 848 5313; x_wconf 91' lang='lat' dir='ltr'>ad</span> <span class='ocrx_word' id='word_1_748' title='bbox 864 5273 897 5315; x_wconf 87' lang='lat' dir='ltr'>aa</span> <span class='ocrx_word' id='word_1_749' title='bbox 910 5257 1018 5331; x_wconf 85' lang='lat' dir='ltr'>patebat</span> <span class='ocrx_word' id='word_1_750' title='bbox 1030 5271 1079 5313; x_wconf 90' lang='lat' dir='ltr'>ac·</span> <span class='ocrx_word' id='word_1_751' title='bbox 1132 5277 1192 5318; x_wconf 92' lang='lat' dir='ltr'>rum</span> <span class='ocrx_word' id='word_1_752' title='bbox 1207 5263 1311 5320; x_wconf 88' lang='lat' dir='ltr'>visione</span> <span class='ocrx_word' id='word_1_753' title='bbox 1331 5263 1397 5320; x_wconf 90' lang='lat' dir='ltr'>nihil</span> <span class='ocrx_word' id='word_1_754' title='bbox 1411 5261 1550 5320; x_wconf 81' lang='lat' dir='ltr'>sufficeret</span> <span class='ocrx_word' id='word_1_755' title='bbox 1564 5263 1657 5330; x_wconf 89' lang='lat' dir='ltr'>nobis;</span> <span class='ocrx_word' id='word_1_756' title='bbox 1673 5260 1806 5334; x_wconf 89' lang='lat' dir='ltr'>quoniam</span> <span class='ocrx_word' id='word_1_757' title='bbox 1819 5261 1879 5318; x_wconf 85' lang='lat' dir='ltr'>hacc</span> <span class='ocrx_word' id='word_1_758' title='bbox 1892 5271 1933 5318; x_wconf 89' lang='lat' dir='ltr'>est</span> 
     </span>
    </p>
   </div>
   <div class='ocr_carea' id='block_1_6' title="bbox 277 5382 1931 5612">
    <p class='ocr_par' dir='ltr' id='par_1_12' title="bbox 277 5382 1931 5612">
     <span class='ocr_line' id='line_1_56' title="bbox 312 5382 1528 5462; baseline -0.015 -16"><span class='ocrx_word' id='word_1_759' title='bbox 312 5389 369 5462; x_wconf 76' lang='lat' dir='ltr'>(tu)</span> <span class='ocrx_word' id='word_1_760' title='bbox 382 5388 451 5446; x_wconf 86' lang='lat' dir='ltr'>lluic</span> <span class='ocrx_word' id='word_1_761' title='bbox 464 5387 604 5445; x_wconf 82' lang='lat' dir='ltr'>senteutiae</span> <span class='ocrx_word' id='word_1_762' title='bbox 623 5386 783 5443; x_wconf 87' lang='lat' dir='ltr'>adversatur</span> <span class='ocrx_word' id='word_1_763' title='bbox 801 5383 973 5458; x_wconf 76' lang='lat' dir='ltr'>Augustinus</span> <span class='ocrx_word' id='word_1_764' title='bbox 986 5383 1013 5440; x_wconf 91' lang='lat' dir='ltr'>in</span> <span class='ocrx_word' id='word_1_765' title='bbox 1028 5382 1076 5437; x_wconf 92' lang='lat' dir='ltr'>lib.</span> <span class='ocrx_word' id='word_1_766' title='bbox 1132 5386 1307 5454; x_wconf 87' lang='lat' dir='ltr'>sideratione,</span> <span class='ocrx_word' id='word_1_767' title='bbox 1324 5403 1400 5445; x_wconf 84' lang='lat' dir='ltr'>num,</span> <span class='ocrx_word' id='word_1_768' title='bbox 1417 5393 1443 5446; x_wconf 81' lang='grc'>9,</span> <span class='ocrx_word' id='word_1_769' title='bbox 1525 5423 1528 5428; x_wconf 88' lang='grc'>.</span> 
     </span>
     <span class='ocr_line' id='line_1_57' title="bbox 277 5454 1928 5535; baseline -0.015 -4"><span class='ocrx_word' id='word_1_770' title='bbox 277 5477 316 5518; x_wconf 80' lang='lat'>¹¹¹</span> <span class='ocrx_word' id='word_1_771' title='bbox 331 5461 366 5516; x_wconf 66' lang='lat' dir='ltr'>ds</span> <span class='ocrx_word' id='word_1_772' title='bbox 380 5460 528 5518; x_wconf 63' lang='grc'>61101111</span> <span class='ocrx_word' id='word_1_773' title='bbox 545 5458 596 5515; x_wconf 89' lang='lat' dir='ltr'>litt.</span> <span class='ocrx_word' id='word_1_774' title='bbox 610 5454 930 5529; x_wconf 67' lang='lat' dir='ltr'>oel·3³‚¹1¹1¹¹¹·⁶3aubi</span> <span class='ocrx_word' id='word_1_775' title='bbox 944 5461 1018 5526; x_wconf 83' lang='lat' dir='ltr'>putat</span> <span class='ocrx_word' id='word_1_776' title='bbox 1031 5468 1079 5509; x_wconf 70' lang='lat' dir='ltr'>tn·</span> <span class='ocrx_word' id='word_1_777' title='bbox 1166 5459 1224 5530; x_wconf 79' lang='lat' dir='ltr'>(tt)</span> <span class='ocrx_word' id='word_1_778' title='bbox 1236 5459 1299 5518; x_wconf 75' lang='lat' dir='ltr'>llaec</span> <span class='ocrx_word' id='word_1_779' title='bbox 1309 5458 1496 5516; x_wconf 79' lang='lat' dir='ltr'>bernardinos</span> <span class='ocrx_word' id='word_1_780' title='bbox 1506 5457 1630 5516; x_wconf 84' lang='lat' dir='ltr'>absoluta</span> <span class='ocrx_word' id='word_1_781' title='bbox 1640 5455 1825 5526; x_wconf 86' lang='lat' dir='ltr'>definitio,sed</span> <span class='ocrx_word' id='word_1_782' title='bbox 1834 5454 1928 5535; x_wconf 81' lang='lat' dir='ltr'>opinio</span> 
     </span>
     <span class='ocr_line' id='line_1_58' title="bbox 277 5525 1931 5612; baseline -0.004 -25"><span class='ocrx_word' id='word_1_783' title='bbox 277 5533 370 5612; x_wconf 82' lang='lat' dir='ltr'>tiques</span> <span class='ocrx_word' id='word_1_784' title='bbox 393 5535 482 5602; x_wconf 82' lang='lat' dir='ltr'>justos</span> <span class='ocrx_word' id='word_1_785' title='bbox 505 5545 644 5612; x_wconf 85' lang='lat' dir='ltr'>uunquam</span> <span class='ocrx_word' id='word_1_786' title='bbox 672 5527 767 5586; x_wconf 79' lang='lat' dir='ltr'>totam</span> <span class='ocrx_word' id='word_1_787' title='bbox 793 5525 877 5584; x_wconf 74' lang='lat' dir='ltr'>luiso</span> <span class='ocrx_word' id='word_1_788' title='bbox 899 5531 1031 5595; x_wconf 88' lang='lat' dir='ltr'>detentos,</span> <span class='ocrx_word' id='word_1_789' title='bbox 1051 5535 1078 5582; x_wconf 91' lang='lat' dir='ltr'>et</span> <span class='ocrx_word' id='word_1_790' title='bbox 1131 5537 1180 5594; x_wconf 90' lang='lat' dir='ltr'>est,</span> <span class='ocrx_word' id='word_1_791' title='bbox 1196 5540 1227 5588; x_wconf 87' lang='lat' dir='ltr'>ut</span> <span class='ocrx_word' id='word_1_792' title='bbox 1242 5539 1314 5602; x_wconf 84' lang='lat' dir='ltr'>patet</span> <span class='ocrx_word' id='word_1_793' title='bbox 1334 5546 1367 5586; x_wconf 83' lang='lat' dir='ltr'>ea</span> <span class='ocrx_word' id='word_1_794' title='bbox 1387 5547 1460 5588; x_wconf 91' lang='lat' dir='ltr'>num.</span> <span class='ocrx_word' id='word_1_795' title='bbox 1478 5535 1503 5594; x_wconf 89' lang='lat' dir='ltr'>l,</span> <span class='ocrx_word' id='word_1_796' title='bbox 1520 5531 1566 5586; x_wconf 90' lang='lat' dir='ltr'>ubi</span> <span class='ocrx_word' id='word_1_797' title='bbox 1587 5529 1615 5586; x_wconf 89' lang='lat' dir='ltr'>id</span> <span class='ocrx_word' id='word_1_798' title='bbox 1638 5528 1741 5584; x_wconf 91' lang='lat' dir='ltr'>dictum</span> <span class='ocrx_word' id='word_1_799' title='bbox 1766 5525 1824 5582; x_wconf 84' lang='lat' dir='ltr'>vult</span> <span class='ocrx_word' id='word_1_800' title='bbox 1844 5526 1931 5592; x_wconf 83' lang='lat' dir='ltr'>accim</span> 
     </span>
    </p>
   </div>
   <div class='ocr_carea' id='block_1_7' title="bbox 277 5596 1930 5816">
    <p class='ocr_par' dir='ltr' id='par_1_13' title="bbox 277 5596 1930 5816">
     <span class='ocr_line' id='line_1_59' title="bbox 279 5596 1929 5676; baseline -0.004 -20"><span class='ocrx_word' id='word_1_801' title='bbox 279 5603 428 5658; x_wconf 83' lang='lat' dir='ltr'>interorum</span> <span class='ocrx_word' id='word_1_802' title='bbox 453 5601 662 5676; x_wconf 79' lang='lat' dir='ltr'>appellationem</span> <span class='ocrx_word' id='word_1_803' title='bbox 684 5599 713 5655; x_wconf 91' lang='lat' dir='ltr'>iu</span> <span class='ocrx_word' id='word_1_804' title='bbox 732 5596 880 5668; x_wconf 81' lang='lat' dir='ltr'>scripturis</span> <span class='ocrx_word' id='word_1_805' title='bbox 897 5613 951 5656; x_wconf 93' lang='lat' dir='ltr'>nou</span> <span class='ocrx_word' id='word_1_806' title='bbox 965 5611 1076 5668; x_wconf 87' lang='lat' dir='ltr'>comps·</span> <span class='ocrx_word' id='word_1_807' title='bbox 1129 5601 1189 5656; x_wconf 87' lang='lat' dir='ltr'>siue</span> <span class='ocrx_word' id='word_1_808' title='bbox 1204 5602 1361 5674; x_wconf 75' lang='lat' dir='ltr'>prejudicio</span> <span class='ocrx_word' id='word_1_809' title='bbox 1375 5619 1450 5672; x_wconf 81' lang='lat' dir='ltr'>saue,</span> <span class='ocrx_word' id='word_1_810' title='bbox 1472 5601 1494 5657; x_wconf 88' lang='lat' dir='ltr'>si</span> <span class='ocrx_word' id='word_1_811' title='bbox 1514 5601 1558 5658; x_wconf 88' lang='lat' dir='ltr'>cui</span> <span class='ocrx_word' id='word_1_812' title='bbox 1572 5601 1642 5656; x_wconf 84' lang='lat' dir='ltr'>torto</span> <span class='ocrx_word' id='word_1_813' title='bbox 1657 5599 1735 5655; x_wconf 85' lang='lat' dir='ltr'>aliter</span> <span class='ocrx_word' id='word_1_814' title='bbox 1750 5597 1831 5676; x_wconf 74' lang='lat' dir='ltr'>luerit</span> <span class='ocrx_word' id='word_1_815' title='bbox 1848 5611 1929 5654; x_wconf 86' lang='lat' dir='ltr'>reve-</span> 
     </span>
     <span class='ocr_line' id='line_1_60' title="bbox 277 5669 1930 5747; baseline -0.002 -19"><span class='ocrx_word' id='word_1_816' title='bbox 277 5681 335 5728; x_wconf 87' lang='lat' dir='ltr'>tere</span> <span class='ocrx_word' id='word_1_817' title='bbox 350 5671 402 5729; x_wconf 90' lang='lat' dir='ltr'>nisi</span> <span class='ocrx_word' id='word_1_818' title='bbox 414 5673 475 5728; x_wconf 91' lang='lat' dir='ltr'>loco</span> <span class='ocrx_word' id='word_1_819' title='bbox 490 5685 641 5740; x_wconf 77' lang='lat' dir='ltr'>paenarum.</span> <span class='ocrx_word' id='word_1_820' title='bbox 814 5685 816 5692; x_wconf 92' lang='lat'>·</span> <span class='ocrx_word' id='word_1_821' title='bbox 1130 5669 1223 5728; x_wconf 88' lang='lat' dir='ltr'>latum.</span> <span class='ocrx_word' id='word_1_822' title='bbox 1240 5675 1313 5747; x_wconf 82' lang='lat' dir='ltr'>Lege</span> <span class='ocrx_word' id='word_1_823' title='bbox 1328 5671 1512 5746; x_wconf 80' lang='lat' dir='ltr'>prelationem</span> <span class='ocrx_word' id='word_1_824' title='bbox 1531 5671 1566 5728; x_wconf 89' lang='lat' dir='ltr'>ad</span> <span class='ocrx_word' id='word_1_825' title='bbox 1586 5671 1661 5729; x_wconf 89' lang='lat' dir='ltr'>hunc</span> <span class='ocrx_word' id='word_1_826' title='bbox 1680 5679 1784 5728; x_wconf 75' lang='lat' dir='ltr'>mutum</span> <span class='ocrx_word' id='word_1_827' title='bbox 1801 5683 1878 5724; x_wconf 85' lang='lat' dir='ltr'>num.</span> <span class='ocrx_word' id='word_1_828' title='bbox 1894 5670 1930 5724; x_wconf 75' lang='lat'>2⁰</span> 
     </span>
     <span class='ocr_line' id='line_1_61' title="bbox 314 5737 1214 5816; baseline -0.004 -14"><span class='ocrx_word' id='word_1_829' title='bbox 314 5741 384 5816; x_wconf 78' lang='lat' dir='ltr'>(ld&#39;)</span> <span class='ocrx_word' id='word_1_830' title='bbox 396 5741 443 5800; x_wconf 81' lang='lat' dir='ltr'>Sic</span> <span class='ocrx_word' id='word_1_831' title='bbox 460 5737 614 5804; x_wconf 81' lang='lat' dir='ltr'>heruardm</span> <span class='ocrx_word' id='word_1_832' title='bbox 635 5741 696 5812; x_wconf 85' lang='lat' dir='ltr'>ipae</span> <span class='ocrx_word' id='word_1_833' title='bbox 712 5745 791 5798; x_wconf 88' lang='lat' dir='ltr'>vocat</span> <span class='ocrx_word' id='word_1_834' title='bbox 813 5738 903 5797; x_wconf 83' lang='lat' dir='ltr'>iulib.</span> <span class='ocrx_word' id='word_1_835' title='bbox 913 5755 937 5794; x_wconf 94' lang='lat' dir='ltr'>-v</span> <span class='ocrx_word' id='word_1_836' title='bbox 953 5739 988 5795; x_wconf 88' lang='lat' dir='ltr'>da</span> <span class='ocrx_word' id='word_1_837' title='bbox 1001 5737 1075 5794; x_wconf 84' lang='lat' dir='ltr'>Gou-</span> <span class='ocrx_word' id='word_1_838' title='bbox 1130 5751 1157 5800; x_wconf 90' lang='lat' dir='ltr'>et</span> <span class='ocrx_word' id='word_1_839' title='bbox 1169 5745 1214 5800; x_wconf 81' lang='lat' dir='ltr'>al.</span> 
     </span>
    </p>
   </div>
   <div class='ocr_carea' id='block_1_8' title="bbox 0 0 2086 6340">
    <p class='ocr_par' dir='ltr' id='par_1_14' title="bbox 0 0 2086 6340">
     <span class='ocr_line' id='line_1_62' title="bbox 0 0 2086 6340; baseline 0 0"><span class='ocrx_word' id='word_1_840' title='bbox 0 0 2086 6340; x_wconf 95' lang='lat' dir='ltr'> </span> 
     </span>
    </p>
   </div>
  </div>
 </body>
</html>
