3950 6350
244 427 302 483 aas
467 407 470 412 '
700 413 729 470 e.
745 409 923 470 ananiam
943 409 1090 470 munais
1104 411 1444 471 caina-vauterius
1863 412 1917 466 aar

246 552 384 621 postremo
397 553 450 597 non
474 552 537 596 essa
559 535 630 596 dcut
656 543 769 594 ceteros
791 533 931 592 bominum
953 532 1088 629 gloria-q
1106 535 1218 594 accedet
1240 534 1304 594 illuc
1331 543 1529 608 tentatoqnon
1557 534 1736 594 calumniator
1759 533 1916 606 meander,

246 642 304 692 tur:
319 629 384 688 mibi
397 634 490 686 autem
504 626 646 684 adherere
660 627 719 682 Deo
741 625 844 681 bonum
867 626 919 691 est,
944 638 1048 696 ponere
1105 642 1160 684 non
1173 625 1308 699 passimus
1321 625 1367 682 ille
1381 625 1494 682 fratrum
1506 625 1785 700 accusatorattinget.
1797 623 1916 692 Nempe

243 723 271 779 in
284 719 401 778 Domino
418 719 476 775 Deo
491 733 569 790 spem
584 731 684 771 meam.
698 714 818 788 spereat
844 714 873 769 in
897 713 958 768 aliia
986 711 1046 780 alii;
1103 715 1129 772 ei
1143 716 1241 773 dicitur
1255 716 1307 772 boc
1323 714 1445 786 (recolite
1459 715 1555 787 psalmi
1570 713 1729 786 primordia)
1743 711 1771 769 ei
1796 710 1913 777 dicitur,

243 811 314 869 sorte
328 809 375 866 hic
387 808 416 863 in
431 805 546 863 scientia
560 805 722 875 litterarum,
738 803 782 860 bic
796 803 824 858 in
837 801 935 858 astutia
945 801 1048 868 saeeuli,
1102 804 1190 878 quiin
1204 805 1375 878 protectione
1389 803 1518 860 altissimi
1537 810 1730 874 commoratur,
1745 800 1818 857 illuc
1833 798 1913 856 reiu-

242 899 287 957 ille
300 899 328 955 in
344 896 496 965 nobilitate,
508 895 554 951 ille
569 893 756 966 indignitate,
771 893 816 948 ille
828 893 855 947 in
866 892 917 947 alia
927 889 1049 964 qualibet
1102 893 1210 969 mensa
1231 892 1449 965 pusillanimitate
1464 891 1574 964 spiritus
1588 899 1616 949 et
1634 896 1815 964 tempestate.
1844 887 1910 958 Qua

243 987 365 1046 vanitate
383 983 523 1042 confidat:
548 991 663 1054 propter
686 989 713 1036 te
737 981 828 1038 omnia
854 981 1048 1037 detrimentum
1102 982 1210 1056 quidem
1219 982 1320 1055 duplex
1331 990 1372 1038 est
1381 983 1530 1039 necessitas
1542 978 1674 1056 fugiendi,
1689 979 1767 1053 quod
1777 977 1912 1035 uidelicet

246 1075 309 1144 ioci,
325 1080 354 1132 et
365 1081 396 1130 ut
409 1080 532 1129 stercora
546 1070 673 1140 arbitror,
683 1072 816 1143 quoniam
827 1075 902 1135 tues,
921 1071 1047 1136 Domina,
1102 1078 1130 1128 at
1143 1071 1209 1128 foris
1222 1087 1331 1146 pugnae,
1348 1079 1376 1128 et
1389 1074 1462 1126 intus
1475 1070 1597 1128 timores.
1612 1069 1700 1125 Minus
1713 1068 1791 1125 enirn
1809 1066 1908 1138 lugere

246 1182 311 1238 spos
324 1181 397 1222 mco.
410 1161 508 1234 Speret
521 1161 566 1234 qui
582 1160 640 1216 vult
654 1159 681 1214 in
695 1159 801 1217 incerto
815 1158 982 1228 divitiarum,
996 1169 1048 1230 ego
1102 1168 1249 1232 oporteret,
1275 1160 1297 1216 si
1320 1160 1364 1216 vel
1385 1158 1497 1217 interior
1518 1158 1725 1234 magnanimitas
1749 1155 1908 1213 exteriores

251 1269 319 1313 uero
332 1267 388 1309 non
402 1249 462 1322 ipse
476 1248 586 1323 quidem
600 1247 651 1303 nisi
667 1248 715 1302 abs
739 1253 766 1303 te
790 1246 871 1303 victui
893 1246 1047 1302 necessaria
1102 1249 1230 1305 tumultus
1243 1249 1357 1306 viriliter
1369 1249 1526 1319 sustineret,
1548 1247 1592 1304 vel
1611 1245 1742 1303 exteriori
1767 1245 1907 1316 tranquil-

247 1357 341 1416 spero,
357 1339 481 1397 nimirum
495 1339 580 1394 verbo
595 1342 640 1392 tuo
654 1334 804 1398 conlidens,
829 1333 857 1389 in
881 1349 936 1405 quo
959 1334 1048 1403 abjeci
1101 1336 1175 1394 litate
1189 1337 1394 1410 pusillanimitas
1409 1338 1519 1410 propria
1536 1335 1685 1394 foveretur.
1709 1335 1906 1404 ditissimum,

249 1429 358 1488 omnia:
378 1429 501 1499 Quaerite
512 1427 767 1500 primumrcpnnnr
789 1425 840 1480 Dei
860 1427 888 1479 et
899 1424 1048 1496 justitiam
1101 1426 1149 1492 ait,
1166 1425 1254 1488 858
1263 1427 1539 1501 porubtirafuqium
1549 1429 1642 1483 ιιιιι.
1652 1424 1732 1496 Saepe
1740 1423 1812 1480 illuc
1823 1421 1908 1494 bigis-

249 1523 316 1592 ejus.
334 1522 364 1574 at
377 1518 474 1576 omnia
492 1515 665 1587 adjiciantur
687 1513 760 1570 oobt't
784 1513 897 1585 (llottlr.
922 1526 961 1581 vl,
987 1513 1044 1581 33).
1101 1532 1173 1580 mus,
1188 1515 1305 1572 fratres:
1320 1515 1439 1572 munitus
1453 1523 1496 1572 est
1510 1513 1597 1582 locus,
1620 1513 1710 1570 nullus
1732 1511 1773 1568 ibi
1798 1512 1909 1568 timetur
1953 1551 1954 1602 q

248 1607 353 1677 Nempe
368 1604 416 1660 tibi
429 1603 576 1660 derelictus
590 1609 633 1658 est
646 1616 765 1674 pauper;
795 1602 918 1672 orphano
942 1598 1049 1656 tueris
1101 1604 1198 1661 hosam.
1213 1604 1321 1662 Utinam
1341 1605 1428 1677 magis
1455 1619 1565 1676 semper
1589 1602 1626 1658 ihi
1652 1617 1766 1659 manere
1792 1600 1906 1658 liceret!

250 1696 359 1768 adjutor
372 1695 458 1764 (Prot.
475 1707 516 1762 rx,
535 1691 588 1762 tt).
605 1690 634 1750 Si
643 1689 710 1746 mibi
719 1689 831 1763 prenria
842 1689 1047 1761 promittuntur,
1102 1692 1158 1750 Sed
1168 1708 1224 1751 uon
1239 1701 1281 1751 est
1294 1695 1346 1751 boc
1359 1694 1490 1764 temporis
1503 1692 1594 1763 hujus.
1614 1691 1693 1762 Quod
1717 1691 1803 1748 modo
1835 1687 1908 1744 reiu-

249 1801 299 1858 per
314 1791 341 1840 te
354 1782 503 1840 obtinenda
526 1781 664 1853 sperab03
688 1779 712 1835 si
738 1779 881 1852 insurgant
904 1778 1048 1835 adversum
1102 1781 1177 1855 qiam
1191 1790 1242 1853 ast,
1259 1783 1423 1857 mundoque
1438 1780 1622 1838 babitaculum
1634 1780 1694 1847 erit,
1711 1789 1739 1836 et
1762 1777 1908 1834 hahiaacu-
1953 1773 1954 1812 ἶ

247 1888 292 1931 me
306 1871 410 1945 prelia,
425 1870 448 1927 si
462 1869 556 1928 seriel
570 1869 698 1936 mundus,
714 1868 738 1923 si
753 1867 853 1925 fremat
867 1866 1014 1940 malignus,
1026 1866 1049 1922 si
1065 1851 1089 1931 Ι
1102 1874 1159 1929 lum
1169 1872 1376 1949 ‘sempiternum
1394 1870 1505 1928 Interim
1519 1886 1597 1944 sane,
1612 1869 1664 1926 etsi
1678 1868 1835 1942 persistere
1856 1883 1909 1922 non
1953 1869 1954 1908 l

246 1962 308 2035 ipsa
330 1977 393 2018 caro
408 1961 552 2018 aduersum
566 1957 690 2031 spiritum
704 1955 977 2028 concupiscat31nte
998 1970 1051 2032 ego
1105 1960 1271 2028 conceditur,
1300 1961 1459 2032 frequenter
1496 1965 1588 2016 tamen
1616 1967 1658 2015 est
1696 1955 1907 2014 recurrendum.

253 2051 382 2124 sperabo.
1104 2049 1210 2121 Nempe
1224 2049 1259 2106 ad
1273 2065 1382 2107 omnem
1396 2047 1587 2114 tentationem,
1603 2048 1637 2104 ad
1655 2062 1765 2104 omnem
1792 2045 1907 2101 tribula·
1953 2069 1954 2122 q

286 2144 313 2196 ὖ.
332 2135 627 2207 leres,hocstpera,
640 2151 673 2192 ex
689 2133 972 2204 fidevivereesl‚nec
986 2133 1053 2189 abus
1106 2138 1218 2207 tionem,
1235 2139 1268 2196 ad
1284 2154 1393 2194 omnem
1407 2137 1527 2210 denique
1541 2139 1727 2210 euJuscunque
1752 2134 1832 2192 modi
1861 2149 1908 2188 ne·
1953 2143 1954 2208 l

254 2245 289 2286 ex
302 2225 438 2286 sententia
450 2224 542 2281 dicem
557 2231 665 2297 potest:
685 2225 824 2294 Quoniam
837 2229 868 2280 tu
878 2238 916 2294 cs,
925 2224 1052 2290 boniac,
1106 2227 1270 2294 cessitatem,
1298 2233 1394 2298 aperta
1421 2233 1464 2284 est
1476 2226 1554 2282 nobis
1581 2225 1647 2283 urbs
1673 2223 1816 2296 coniugii;
1836 2222 1909 2278 sinna
1953 2221 1954 2234 *

256 2334 319 2391 apos
330 2333 403 2382 anca,
420 2313 470 2371 nisi
484 2313 526 2371 cui
539 2313 613 2370 intus
627 2312 662 2368 sit
675 2327 864 2385 persuasimus
888 2309 1000 2384 Spiritu,
1024 2320 1054 2369 ut
1106 2315 1200 2373 matris
1219 2331 1355 2389 expansus
1370 2321 1425 2372 ast:
1443 2323 1539 2387 parata
1556 2322 1621 2370 sunt
1642 2313 1778 2370 foramina
1803 2319 1907 2384 petrae3

256 2404 484 2480 quemadmodum
513 2409 608 2460 monet
629 2402 775 2475 propbeta,
798 2403 883 2472 jactet
905 2401 1052 2473 commum
1105 2413 1201 2478 patent
1213 2406 1318 2462 viscera
1336 2403 1528 2461 misericordie
1538 2403 1588 2459 Dei
1598 2403 1694 2459 nostri.
1707 2401 1765 2459 lloc
1773 2399 1908 2476 refugium
1953 2403 1954 2406 ’

252 2511 329 2552 suum
343 2494 370 2549 in
384 2491 512 2558 Domino,
527 2491 619 2550 sciens
633 2490 707 2565 quod
722 2490 900 2547 enutriendus
914 2491 949 2546 sit
962 2490 997 2545 ab
1020 2505 1053 2546 eo
1106 2495 1153 2568 qui
1168 2493 1296 2559 declinat,
1311 2493 1378 2548 nihil
1390 2493 1489 2548 mirum
1503 2491 1528 2549 si
1542 2491 1667 2564 elingere
1682 2507 1737 2548 non
1752 2499 1888 2547 meretur.

251 2584 337 2654 lPral.
353 2596 409 2638 niv.
430 2581 489 2654 23),
503 2581 581 2651 juxta
595 2579 662 2636 illud
686 2595 797 2654 quoque
822 2578 893 2637 Petri
916 2577 1051 2651 apostoli:
1142 2589 1168 2641 s.
1182 2584 1242 2639 iam
1256 2583 1377 2655 quidem,
1392 2580 1500 2648 fratrea,
1513 2581 1654 2653 quedicta
1676 2587 1752 2646 sunt,
1767 2578 1805 2633 ad
1826 2593 1907 2650 expo·

253 2669 733 2731 Omncmrollicitudincmuertram
740 2669 962 2742 projicientcrc‘n
971 2685 1052 2725 aum:
1106 2673 1231 2728 sitionem
1244 2687 1340 2728 versus
1358 2671 1439 2741 hujus
1452 2669 1612 2728 viderentur
1625 2685 1706 2743 posse
1727 2667 1875 2734 sufficere,
1888 2669 1907 2722 si

249 2761 307 2835 ἕρπ’
319 2761 397 2818 enim
416 2775 487 2816 oltra
507 2763 548 2815 ιιι
570 2759 603 2815 dt
621 2757 696 2814 vobit
720 2756 747 2828 (Ι
763 2759 837 2812 Petr-
854 2771 883 2822 Vr
897 2757 936 2825 7).
952 2745 1053 2827 thuid
1105 2761 1217 2819 dixisset
1229 2761 1385 2832 Propheta:
1404 2761 1545 2830 Quoniam
1553 2763 1585 2816 in
1602 2763 1630 2814 ιι
1647 2759 1777 2833 speram
1794 2756 1867 2813 sicut
1884 2757 1908 2811 in

252 2849 336 2915 euim,
351 2846 375 2902 si
389 2848 448 2904 brec
478 2845 599 2917 sapimus
628 2843 723 2918 utquid
752 2851 908 2900 cunctamur
935 2843 1053 2914 abjicere
1106 2851 1165 2907 aliis
1190 2849 1300 2921 psabnis
1314 2848 1476 2922 quibusdam
1501 2847 1640 2905 iuvenitur
1667 2847 1758 2916 (Psal.
1790 2863 1844 2913 xv,
1873 2845 1907 2916 ι.)

252 2936 364 2994 omnino
378 2950 442 3008 spes
455 2934 579 2999 miseras,
595 2947 691 3005 uanas,
715 2931 834 3000 inutiles,
865 2932 1051 3003 seductorias3
1106 2940 1240 2996 caeterum
1254 2938 1327 3010 quod
1341 2937 1425 2994 dicit:
1443 2943 1475 2994 tu
1488 2953 1526 3002 aa,
1542 2938 1744 3009 Dominarum
1752 2934 1907 3001 ercamserta
1953 2967 1954 2970 =

253 3033 282 3082 et
295 3025 357 3082 huic
377 3023 424 3079 uni
451 3029 505 3078 tam
528 3021 630 3088 solide,
655 3030 710 3078 tam
734 3021 871 3093 poriaatae,
899 3029 951 3077 um
966 3022 1053 3077 beatae
1107 3025 1343 3101 ampliusaliquid
1366 3033 1488 3083 sonalat
1509 3025 1661 3091 sublimius,
1686 3024 1763 3096 quod
1786 3022 1908 3082 videlicet

253 3113 323 3186 spei,
339 3117 397 3168 toto
410 3111 555 3169 devotione
569 3110 662 3180 animi,
678 3117 735 3167 toto
748 3109 856 3167 fervore
875 3109 985 3183 spiritus
1007 3111 1052 3165 in·
1107 3117 1254 3174 nonmodo
1268 3116 1294 3172 in
1314 3131 1347 3172 ιο
1361 3122 1463 3186 speret,
1480 3114 1529 3171 sed
1546 3129 1616 3171 eum.
1649 3111 1868 3170 Convenientius
1881 3111 1910 3168 si·

255 3201 382 3260 haerere?
397 3200 426 3255 Si
440 3199 505 3272 quid
519 3199 558 3256 illi
571 3198 740 3272 impossible,
755 3199 779 3256 si
792 3199 855 3272 quid
878 3199 921 3256 vel
946 3198 1053 3256 difficile
1069 3159 1092 3241 c
1107 3205 1217 3278 quidem
1231 3219 1295 3276 spes
1315 3211 1408 3261 nostra
1432 3203 1530 3260 dicitur
1552 3203 1626 3275 quod
1650 3217 1808 3274 speramus,
1832 3216 1909 3274 quam

256 3299 307 3360 cst,
317 3305 410 3364 quaro
425 3289 499 3346 aliud
513 3288 542 3345 in
556 3303 610 3362 quc
620 3303 723 3361 speres·
736 3288 791 3345 Sed
801 3287 987 3346 verboomniu
999 3303 1053 3360 po·
1107 3296 1135 3352 in
1149 3309 1203 3367 quo
1217 3308 1366 3364 speramus.
1393 3294 1462 3348 Sunt
1475 3298 1565 3348 autem
1580 3291 1651 3348 torte
1671 3289 1811 3360 nonnulli,
1836 3291 1882 3362 qui
1897 3307 1910 3344 a
1953 3323 1954 3362 ,

255 3385 317 3437 test.
329 3378 399 3449 Quid
414 3377 520 3435 facilins
533 3376 763 3434 dictuidttamcn
773 3377 929 3448 hujusmodi
952 3376 1054 3433 dictum
1107 3382 1222 3441 Domino
1236 3381 1362 3438 obtinere
1373 3381 1533 3454 temporalia
1544 3395 1593 3436 seu
1612 3378 1766 3450 spiritualia
1782 3379 1908 3452 quaelibet
1953 3365 1954 3395 ³

254 3467 390 3540 intelligas
405 3467 544 3541 [aliaque
558 3464 692 3539 negligas]
706 3465 779 3524 vola.
793 3466 821 3521 Si
835 3465 989 3524 decreverit
1002 3463 1055 3520 tal-
1109 3470 1325 3544 concupiscunt:
1356 3470 1404 3526 sed
1433 3470 1554 3541 perfecta
1582 3468 1700 3526 charitas
1729 3467 1823 3524 solum
1859 3467 1909 3523 sitit

255 3573 321 3616 vare
335 3571 397 3624 nos,
413 3555 542 3612 confirmo
555 3554 744 3624 liberabimur3
760 3555 783 3611 si
796 3555 937 3612 vivificare
950 3553 1056 3626 plaouc·
1110 3561 1181 3634 quod
1206 3574 1339 3616 summum
1354 3565 1407 3633 est,
1429 3564 1486 3615 tota
1508 3557 1637 3615 desiderii
1661 3555 1842 3614 cenomannia
1865 3557 1910 3613 da·

256 3646 301 3712 n't,
315 3644 372 3703 rita
385 3643 413 3699 iu
428 3642 564 3700 voluntate
579 3644 638 3715 ejus
651 3653 711 3715 est3
729 3644 751 3700 si
765 3644 877 3716 premia
891 3641 1057 3700 eternalar·
1109 3649 1376 3719 mant:Qaidenirn
1385 3646 1910 3719 mibiertincaelo,atothrciduolui
1953 3671 1954 3680 ι

256 3733 321 3807 piri,
335 3732 399 3788 licet
413 3732 438 3788 ei
454 3732 526 3803 quod
540 3732 597 3789 vult
612 3731 713 3790 iacere.
727 3733 770 3788 Aa
782 3748 847 3790 vero
869 3733 904 3788 de
927 3730 1057 3788 facilitate
1109 3755 1195 3810 ,super
1205 3737 1332 3794 terram?
1342 3740 1415 3794 Dens
1426 3737 1516 3794 cordia
1526 3737 1592 3803 mei,
1604 3739 1633 3792 ιι
1641 3752 1708 3808 pars
1718 3751 1789 3793 mea
1800 3737 1875 3792 Deus
1885 3737 1909 3790 ir

257 3825 313 3895 iam
327 3835 385 3876 non
398 3820 516 3894 dubitas,
532 3822 582 3878 sed
595 3820 653 3893 ipsa
668 3821 717 3878 tibi
740 3831 782 3878 est
805 3829 933 3894 suspecta
956 3819 1056 3877 tollm-
1111 3831 1248 3884 oetmnurn
1257 3826 1346 3899 (Paul.
1358 3841 1447 3897 nxxn,
1459 3829 1504 3894 ts,
1520 3825 1577 3896 26).
1597 3824 1713 3880 Pulchra
1727 3823 1815 3880 nobis
1828 3833 1909 3880 utrum

258 3909 324 3967 ins?
338 3908 420 3966 Plane
434 3917 462 3965 el
481 3911 624 3967 volunlaiis
648 3910 801 3967 testimonia
829 3908 969 3966 credibilia
987 3907 1057 3963 sabla
1111 3931 1164 3988 que
1183 3915 1275 3987 paucis
1302 3914 1392 3970 verbis
1414 3913 1497 3971 hodie
1523 3913 1649 3970 Jeremiae
1667 3913 1817 3984 propheiae
1837 3912 1909 3968 lectio

258 4007 322 4056 aaut
335 3997 424 4056 nimis.
451 3999 584 4072 najaram
597 4001 649 4057 baa
673 4001 856 4058 dilectionem
871 4012 952 4054 namo
966 3996 1055 4065 babet,
1110 4002 1327 4061 commendavit:
1342 4006 1434 4062 Bonus
1447 4020 1486 4074 er,
1497 4003 1626 4070 Domine,
1637 4002 1825 4076 sperantibus
1834 4005 1869 4058 in
1879 4006 1909 4064 ιι,

258 4104 345 4162 qaam
358 4093 391 4146 ut
405 4089 532 4146 animam
546 4105 627 4146 suam
638 4091 729 4162 ponat
743 4090 807 4162 quia
820 4102 872 4160 pro
882 4085 983 4141 amicit
999 4086 1057 4143 cuir
1111 4095 1360 4166 antmoequoerenti
1368 4099 1395 4150 tc
1404 4092 1567 4164 (Tirenus
1579 4092 1635 4165 25).
1647 4091 1698 4148 Ubi
1707 4106 1778 4147 saue
1791 4099 1821 4146 et
1832 4090 1910 4162 ipsun

259 4179 350 4248 (ioan.
366 4192 416 4248 xv,
432 4177 487 4250 ts).
502 4177 625 4249 Denique
640 4175 750 4249 quando
764 4175 792 4230 in
807 4189 838 4230 se
852 4173 972 4246 speranti
987 4173 1058 4231 desit
1111 4181 1217 4238 numeri
1231 4181 1423 4238 discretionem
1446 4180 1596 4254 pmden'ter
1615 4181 1741 4251 adverte,
1756 4181 1911 4251 quod'spe·
1953 4186 1954 4240 l

259 4265 451 4338 illamajcstas,
467 4280 527 4337 (ιιι
541 4273 596 4321 lam
610 4265 732 4321 studiose
747 4268 841 4318 ῐιιθῐιθῑ
854 4261 1058 4334 intemerati?
1111 4278 1205 4327 rantes
1229 4269 1337 4341 quidem
1368 4268 1396 4325 in
1420 4285 1454 4326 eo
1481 4268 1622 4341 pluraliter
1645 4267 1755 4334 dixerit,
1773 4269 1855 4338 quod
1869 4269 1912 4322 hoc

258 4353 342 4410 Plana
354 4369 409 4410 uon
422 4354 587 4428 derelinquit
601 4357 746 4426 sperantes
755 4349 784 4407 in
792 4367 833 4406 se.
844 4351 992 4422 adjuvant
1002 4369 1056 4420 coa,
1111 4359 1236 4416 videatur
1248 4373 1392 4415 commune
1407 4358 1566 4431 multorum3
1579 4363 1751 4430 querentem
1761 4373 1833 4416 vero
1845 4371 1910 4418 eum.

258 4441 306 4510 ait,
321 4447 350 4503 ιι
366 4443 494 4502 liberabit
510 4461 567 4510 aas,
585 4449 614 4500 et
628 4446 709 4500 cruet
719 4455 764 4499 eoa
782 4441 1013 4514 apeccatoribur,
1029 4446 1058 4500 et
1112 4447 1294 4520 singulariter,
1310 4447 1383 4519 quod
1397 4446 1541 4520 singularis
1555 4445 1589 4502 sit
1602 4445 1741 4518 puritatis,
1767 4444 1913 4520 singularis

259 4531 429 4592 salvabitcor
438 4534 637 4605 (Pral.xxxv1‚
651 4530 707 4600 to).
720 4527 935 4602 Quareiquibus
948 4531 1058 4586 meritis
1111 4536 1217 4610 gratie,
1233 4534 1571 4608 singularisperiectionis‚
1581 4535 1729 4590 nonmodo
1747 4533 1790 4588 nil
1806 4549 1912 4606 sperare

258 4621 329 4678 Audi
342 4621 416 4695 quod
429 4621 567 4694 sequitur:
587 4619 661 4688 Quin
674 4621 860 4690 speraverunt
870 4619 901 4674 iu
910 4634 949 4676 ro.
967 4619 1059 4676 Dulcis
1111 4625 1165 4680 nisi
1177 4625 1212 4680 ab
1226 4639 1268 4691 eo,
1285 4625 1335 4680 sed
1348 4624 1385 4680 nil
1399 4639 1522 4696 quaerore
1536 4622 1589 4679 nisi
1604 4636 1675 4680 eum.
1691 4621 1773 4692 Quod
1790 4623 1817 4679 si
1833 4625 1913 4680 bonu

257 4727 347 4782 ιιιιιι,
363 4717 484 4768 attamen
501 4707 608 4772 efficax,
625 4712 745 4762 attamen
758 4699 960 4782 irrefragabilis.
976 4709 1059 4764 Nimi-
1111 4713 1174 4782 illis,
1188 4719 1290 4786 quanto
1305 4711 1392 4786 magis
1405 4711 1487 4768 istial

258 4817 317 4858 mm
332 4802 391 4859 baec
399 4798 515 4873 justitia,
527 4796 575 4852 sed
585 4812 646 4869 quae
655 4793 753 4852 exbde
762 4803 814 4867 est,
824 4811 879 4852 non
889 4813 923 4852 ex
936 4797 1007 4872 le,e.
1020 4802 1058 4856 De
1147 4804 1173 4856 9.
1190 4803 1290 4858 Merito
1304 4801 1419 4873 proinde
1434 4800 1569 4872 querenti
1583 4799 1658 4856 illum
1678 4799 1780 4856 animae
1803 4815 1914 4873 respon·

258 4907 429 4964 quocunque
443 4887 640 4956 tribulatione,
650 4883 745 4956 inquit,
754 4885 942 4944 clamaverint
951 4887 988 4944 od
1001 4903 1056 4953 mc,
1111 4891 1206 4947 detur:
1220 4890 1398 4946 altissimum
1410 4890 1531 4962 posuisti
1551 4891 1697 4962 resupinos
1711 4892 1813 4946 tuum.
1825 4891 1914 4962 Neque

257 4980 413 5038 ιιιιιιιιιι
423 4993 478 5034 eor.
489 4975 561 5031 Ecce
572 4989 684 5030 numera
694 4973 890 5032 tribulationes.
902 4975 1056 5030 Secundum
1111 4979 1185 5035 euim
1199 4977 1238 5034 sic
1251 4978 1338 5033 Deum
1353 4977 1448 5033 sitiens
1462 4977 1562 5043 anima,
1579 4987 1626 5033 eut
1648 4993 1714 5034 cum
1736 4979 1829 5036 Petro
1852 4978 1914 5035 eila

257 5067 462 5124 multitudinem
476 5077 569 5120 earum
584 5061 783 5120 consolationes
800 5064 861 5134 ejus
883 5061 1058 5120 laetificabunt
1112 5076 1221 5124 terreno
1235 5074 1327 5122 monte
1342 5065 1431 5121 iacere
1446 5066 1649 5122 tabernaculum
1665 5067 1779 5137 (natta.
1796 5079 1875 5136 xvir,
1884 5066 1913 5121 tl.

257 5157 376 5213 animam
390 5159 482 5209 tuam:
498 5151 1055 5221 dummundoadaliomnonconvertar'is3
1111 5163 1157 5211 aut
1170 5169 1232 5211 cum
1243 5154 1327 5210 Maria
1358 5153 1487 5224 deinceps
1501 5169 1564 5211 eum
1578 5161 1692 5229 tangere
1706 5155 1766 5212 vult
1790 5158 1824 5211 in
1851 5166 1915 5211 terra

258 5242 407 5302 dummodo
421 5240 521 5298 clames
535 5241 570 5298 ad
584 5257 644 5299 eum
652 5258 661 5312 ;
676 5242 823 5298 dummodo
832 5256 928 5314 speres
938 5241 964 5296 in
979 5257 1055 5308 eum;
1111 5245 1203 5317 (icon.
1214 5257 1266 5307 xx,
1278 5243 1331 5312 li),
1346 5241 1394 5297 sed
1409 5240 1489 5314 plane
1507 5241 1625 5300 clamat:
1641 5244 1731 5316 Fuqc,
1746 5245 1862 5301 dilecte
1872 5243 1914 5304 mi,

258 5349 311 5390 nec
326 5329 427 5387 humile
440 5331 541 5403 aliquid
554 5332 596 5388 vel
612 5337 760 5398 terrenum,
777 5330 826 5386 sed
840 5329 1000 5386 aldeimum
1010 5345 1059 5401 po·
1111 5332 1267 5390 assimilare
1277 5346 1386 5404 copreae
1398 5331 1571 5404 hinnuloque
1585 5347 1735 5390 ceruorum
1749 5349 1917 5406 supermon-

258 5438 309 5479 uas
323 5419 457 5492 refugium
471 5427 556 5480 tuum.
572 5421 639 5493 Quis
657 5419 777 5494 speravit
790 5419 817 5478 ia
842 5433 886 5487 ea,
911 5426 939 5476 et
961 5417 1058 5479 coniu-
1113 5420 1361 5490 tecantandum.
1374 5434 1433 5486 vrri,
1446 5419 1501 5489 ιι).
1513 5420 1621 5476 Audiuit
1631 5420 1705 5476 enim
1714 5421 1880 5478 dicentem:
1892 5421 1916 5476 Sl

260 5508 514 5568 assentiamini
528 5517 571 5569 est
580 5511 714 5570 ctelnmct
726 5516 825 5566 terram
837 5506 968 5578 trandre,
978 5521 1057 5578 quarn
1112 5509 1268 5580 dilipcratia
1275 5524 1330 5576 nra,
1341 5509 1499 5582 ιιιιιιιιιιι
1515 5509 1624 5582 utique.
1639 5511 1707 5582 quta
1725 5509 1801 5568 uado
1817 5512 1858 5569 ad
1871 5513 1917 5566 Pa·

258 5599 373 5657 uerbum
388 5601 447 5671 ejus
460 5600 595 5659 evacuari.
1009 5589 1015 5600 '
1113 5601 1200 5664 ινιιις
1211 5599 1277 5670 qaia
1292 5600 1376 5655 Pater
1385 5599 1477 5666 maior
1490 5613 1535 5653 mc
1545 5601 1589 5655 ast
1603 5599 1700 5670 (loon.
1712 5613 1777 5666 xiv,
1790 5599 1854 5670 28).
1872 5601 1916 5652 Aa

294 5683 1060 5764 lnllturimum,inquitpotuiatt'rosuqiumtunnaNou
1114 5682 1181 5742 divit
1206 5685 1361 5742 dicentem:
1384 5685 1446 5742 Noli
1470 5701 1515 5744 mc
1534 5689 1666 5758 torcporar
1685 5689 1822 5746 nondum
1843 5687 1914 5742 eata
