4150 6348
176 519 228 581 529
684 525 718 586 lN
737 521 957 588 usutut'ltolts
977 525 1143 588 NGGLESIAE
1162 525 1270 588 SERNO
1288 528 1324 589 V.
1771 525 1824 588 530

175 654 237 703 cant
250 662 265 704 a
278 647 419 706 laboribus
434 647 500 714 suis,
515 647 563 721 qui
582 655 655 707 tanto
670 649 777 710 fertore
795 649 883 706 otium
903 651 969 710 hac·
988 667 1012 746 Α
1028 652 1144 727 pergitis
1157 667 1277 726 querere
1300 651 1377 720 cujus
1400 651 1496 722 uncti,
1512 605 1577 710 innd
1613 658 1672 710 crte
1692 653 1750 724 iant
1767 668 1822 711 son

175 742 255 792 tenus
272 736 445 806 interdicere,
463 737 569 795 lebetes
592 738 713 797 indicere
728 739 881 797 consuevit.
909 741 970 812 lpse
1027 742 1075 798 ita.
1091 740 1204 812 Quoties
1227 740 1300 797 enirn
1326 740 1519 812 apostoli,.sen
1542 742 1676 815 martyris,
1691 742 1734 800 vel
1753 757 1822 800 con-
1876 781 1881 801 .

174 841 300 882 seorsum
314 844 331 884 a
343 827 413 884 curis
432 827 522 896 faciet,
543 835 570 884 et
583 829 617 886 ab
640 828 714 886 omni
728 828 909 888 sollicitudine
922 845 970 886 se·
1025 830 1137 888 fesscris
1149 831 1265 900 alicujus
1278 826 1411 886 memoria
1436 828 1597 895 celebratur,
1616 830 1687 886 haud
1709 831 1822 890 ditticilo

176 917 397 988 questrabit5qui
426 915 506 973 modo
529 917 642 974 consilia
663 918 741 990 pouit
762 918 791 974 in
806 918 896 976 anima
911 935 970 988 sua,
1024 927 1067 978 ast
1088 918 1179 978 dicere
1201 920 1290 990 cujas,
1310 925 1406 988 utputa
1426 915 1511 974 sacch
1536 917 1618 983 Petri,
1644 926 1671 974 et
1694 919 1822 988 Stephani

175 1012 203 1062 et
229 1004 372 1063 sollicitam
403 1005 465 1062 facit
488 1022 555 1080 erga
581 1007 667 1064 multa
686 1007 800 1064 turbari.
826 1009 888 1081 lpse
915 1011 972 1079 J'am
1025 1006 1151 1080 gloriosi,
1165 1013 1211 1063 aut
1229 1004 1314 1063 sancti
1332 1005 1418 1062 Patris
1437 1002 1522 1061 nostri
1545 1003 1692 1071 Benedicti,
1707 1005 1751 1060 rel
1769 1004 1822 1062 ali-

176 1103 254 1166 parta
267 1095 419 1157 victoriain
442 1110 508 1168 pace
523 1097 551 1152 in
570 1097 689 1170 idipsum
704 1098 825 1154 suaviter
853 1097 970 1155 dormire
1026 1096 1109 1167 cujus
1143 1102 1302 1153 caeterorum
1330 1109 1492 1167 magnorum
1531 1091 1683 1165 principum
1716 1107 1823 1166 magna

175 1187 339 1258 praestrabit,
354 1187 487 1261 quidam
503 1187 593 1244 adhuc
607 1187 650 1244 leo
665 1187 776 1262 rugiens
790 1186 881 1246 fremit
896 1188 970 1246 etad
1026 1183 1193 1242 curiaecoeli.
1213 1185 1294 1240 Nunc
1313 1197 1379 1239 vere
1413 1181 1513 1238 nullius
1543 1195 1638 1236 eorum
1666 1179 1823 1236 solemnitas

174 1276 284 1350 uigilias
297 1276 406 1345 excitat,
423 1285 450 1336 et
472 1277 590 1352 accingit
612 1277 647 1332 ad
668 1293 798 1350 pugnam.
823 1277 926 1336 Verum
945 1277 972 1333 in
1026 1273 1115 1347 agitur
1130 1290 1138 1329 e
1153 1272 1245 1346 agitur
1260 1281 1351 1328 tamen
1364 1269 1494 1326 nonnulla
1508 1270 1677 1326 solemnitas.
1691 1267 1747 1324 Nec
1761 1281 1822 1324 mo-

175 1363 228 1434 bis,
253 1373 283 1422 ut
306 1381 390 1439 supra
407 1366 556 1442 tetigimus,
582 1365 704 1422 liberatio
732 1366 822 1440 magis
844 1383 861 1422 a
887 1367 970 1434 malo,
1026 1360 1213 1432 douonnuNa,
1229 1360 1277 1418 sed
1292 1374 1348 1416 non
1370 1375 1464 1432 parra.
1479 1356 1512 1416 ttt
1530 1357 1553 1413 si
1571 1358 1626 1427 iam
1646 1355 1728 1412 vultis
1743 1352 1822 1410 sudi-

177 1469 260 1527 quam
287 1455 352 1511 boni
384 1453 538 1511 muneratio
561 1462 623 1510 cst:
649 1454 700 1510 nisi
726 1455 799 1528 quod
825 1455 892 1513 dura
922 1471 972 1512 nos
1025 1473 1066 1526 re,
1084 1458 1213 1518 festivitas
1229 1464 1271 1515 est
1285 1457 1383 1514 domus
1394 1455 1513 1524 Domini,
1528 1456 1622 1526 templi
1633 1452 1694 1524 Dei,
1709 1451 1824 1510 civitatis

175 1551 275 1600 nostrae
304 1542 472 1601 necessitatis
504 1542 671 1614 experientis
707 1543 791 1616 cogit,
820 1542 971 1600 absentiam
1026 1546 1099 1618 regis
1118 1547 1220 1614 eterni,
1250 1561 1358 1618 sponsae
1378 1544 1488 1603 Christi.
1512 1544 1599 1600 Nemo
1622 1557 1688 1600 sano
1710 1538 1825 1613 ambigit

175 1631 250 1698 mali,
266 1630 330 1688 boni
344 1631 471 1688 cumulos
485 1630 618 1688 aestimare
635 1649 641 1688 :
658 1630 884 1704 quemadmodum
898 1647 969 1690 con-
1025 1641 1145 1692 sancum
1168 1651 1228 1692 cssc
1252 1649 1377 1706 sponsam
1402 1633 1495 1690 Sancti
1518 1641 1682 1704 sanctorum,
1698 1638 1726 1688 et
1749 1628 1822 1688 omni

176 1719 290 1777 scientia
312 1721 469 1794 graviorum
508 1719 705 1778 immunitatem
731 1720 885 1790 cetininam,
910 1720 972 1793 ple·
1026 1722 1187 1783 celebritatis
1202 1723 1309 1780 honere
1334 1722 1531 1793 dignissimam.
1555 1721 1600 1780 Nn
1622 1735 1689 1777 vero
1714 1720 1823 1776 domum

178 1809 328 1867 citudinem
363 1815 470 1882 reputat
493 1808 653 1866 sanctitatis.
679 1808 749 1865 llinc
767 1808 907 1866 advertere
931 1818 973 1866 est
1026 1813 1075 1868 1)ιί
1094 1819 1216 1872 sanctam
1239 1826 1300 1868 csse
1321 1810 1382 1882 quis
1413 1810 1525 1878 dubitet,
1555 1809 1589 1866 de
1618 1823 1670 1882 qua
1689 1807 1785 1882 legitur
1813 1827 1820 1863 :

178 1914 261 1971 quam
285 1897 367 1974 longe
394 1897 502 1972 agimus
529 1914 544 1954 a
567 1913 675 1954 summo
695 1898 778 1964 bono,
806 1898 853 1970 qui
880 1914 971 1956 carere
1025 1904 1144 1960 Domum
1160 1902 1328 1960 tuameres
1341 1899 1528 1958 sartctt'tttdof
1542 1899 1703 1969 (Psclmctt,
1719 1898 1759 1968 b.)
1778 1896 1824 1952 Sic

175 1985 267 2058 culpa,
281 1987 425 2059 justitiam,
441 2003 535 2045 carere
548 1987 670 2059 miseria,
684 1986 877 2044 beatitudinem
892 1987 971 2058 jndi—
987 1946 1010 2025 Β
1026 1997 1053 2046 et
1065 1993 1198 2048 sanctum
1211 1993 1253 2046 est
1262 1991 1401 2061 temptum
1415 1988 1484 2058 ejus,
1504 1985 1675 2048 mirabilem
1689 1985 1823 2057 aequitate

176 2090 279 2132 camm.
1026 2079 1114 2151 (Psct.
1125 2093 1202 2145 sxta,
1219 2081 1247 2144 ii,
1264 2079 1290 2148 d)
1308 2076 1369 2135 :sed
1385 2084 1413 2134 ct
1426 2075 1563 2133 civitatem
1574 2081 1693 2130 seusam
1708 2074 1824 2130 loannes

213 2169 239 2220 e.
259 2164 337 2222 Absit
362 2171 497 2221 autemut
524 2163 606 2224 talem
628 2163 688 2236 qttis
711 2171 791 2237 putet
818 2166 973 2222 ubertatem
1027 2167 1334 2224 sesetidisscteatatttr:
1352 2166 1420 2230 Vidi,
1432 2163 1668 2236 inquisissemus
1678 2163 1824 2220 sicimam

177 2253 276 2310 domus
293 2245 408 2311 1678
424 2253 507 2324 illins,
522 2261 549 2310 et
572 2260 719 2310 torrentem
731 2253 890 2326 voluptatis,
907 2262 935 2310 et
949 2253 972 2310 si
1026 2255 1182 2312 lemteclam
1193 2271 1295 2313 novam
1309 2253 1521 2312 descendentem
1535 2251 1646 2308 acceto
1660 2266 1678 2306 c
1693 2253 1756 2315 lieo.
1770 2267 1823 2323 pa·

178 2358 234 2414 qua
247 2350 309 2400 sunt
323 2343 375 2398 alia
396 2358 457 2415 quae
475 2357 527 2398 nac
541 2342 637 2398 oculus
651 2341 728 2411 vidit,
744 2357 794 2398 nec
809 2344 882 2399 auris
896 2339 973 2398 audi·
1026 2347 1123 2400 ratam
1137 2347 1274 2418 tanquam
1288 2357 1428 2416 spelaeum,
1445 2343 1578 2401 erectam
1591 2342 1651 2397 uiro
1665 2356 1715 2398 sue
1728 2339 1823 2412 (apoc.

175 2431 225 2499 trit,
246 2447 295 2488 nec
308 2431 336 2486 in
358 2446 405 2488 cor
428 2431 545 2487 hominis
564 2431 698 2500 ascendit,
726 2447 787 2504 quae
811 2431 974 2500 praeparavit
1027 2449 1089 2502 xxt,
1105 2433 1183 2504 2).ln
1198 2432 1299 2504 quibus
1312 2447 1377 2488 sane
1390 2431 1481 2489 serbis
1494 2430 1662 2502 speciaciam
1672 2429 1824 2501 coepiqucd

174 2519 251 2576 Deus
263 2519 438 2594 diligentibus
454 2520 501 2577 sel
516 2521 556 2577 Ne
566 2535 631 2594 ergo
647 2519 739 2576 audire
753 2517 832 2587 uelis,
850 2520 968 2588 choma,
1028 2523 1126 2590 adbuc,
1150 2521 1245 2592 feteor,
1278 2518 1448 2578 dissimulare
1475 2517 1611 2576 volebam.
1639 2517 1707 2574 Dico
1734 2523 1822 2574 sutem

174 2609 250 2681 quod
264 2610 339 2666 auris
364 2609 482 2666 hominis
508 2624 561 2668 non
581 2609 699 2678 audirit3
725 2623 776 2666 nec
800 2610 834 2666 ab
862 2608 972 2665 homine
1027 2611 1100 2683 quod
1115 2609 1211 2678 eadem
1225 2624 1334 2682 sponsa,
1348 2607 1513 2681 quoecivitss
1526 2605 1634 2674 est,sed
1649 2614 1676 2664 et
1689 2605 1823 2677 templum

173 2715 281 2772 quaeras
295 2698 368 2772 quod
387 2700 523 2754 humanas
537 2696 696 2756 necoculas
710 2698 791 2768 ridet,
803 2713 853 2755 nec
866 2697 974 2754 animus
1026 2715 1142 2772 quoque,
1158 2706 1186 2756 et
1204 2698 1301 2766 domne
1314 2697 1492 2754 nihilominus
1504 2696 1548 2752 sit.
1563 2697 1657 2768 Neque
1671 2693 1698 2750 itt
1712 2693 1822 2760 mirum,

173 2788 258 2860 capit.
279 2789 319 2844 Ne
345 2798 435 2846 tamea
464 2787 529 2845 binc
547 2790 656 2861 penitus
678 2795 827 2856 taceamus,
850 2795 972 2844 nostram
1027 2791 1180 2862 praesertim
1194 2803 1255 2846 cnm
1270 2787 1394 2844 similiter
1409 2803 1479 2843 unus
1494 2785 1540 2852 sit,
1556 2784 1601 2856 qni
1618 2799 1647 2842 se
1661 2785 1686 2840 ei
1699 2793 1727 2841 et
1738 2799 1823 2857 epoh-

173 2877 245 2934 banc
263 2877 378 2947 patriam
399 2893 415 2934 a
436 2876 517 2952 longe
534 2877 690 2945 salutantes,
716 2877 850 2949 triplicem
872 2893 971 2948 quam·
1027 2894 1088 2934 surn
1101 2878 1237 2949 dignatur,
1265 2884 1293 2934 et
1317 2891 1420 2950 regem,
1434 2884 1462 2931 et
1483 2875 1583 2943 Deum,
1602 2883 1629 2930 et
1644 2871 1824 2943 patremfami-

174 2966 239 3022 dam
252 2966 362 3024 odorari
377 2965 508 3034 videmur,
525 2967 653 3039 potentiae
675 2965 789 3034 scilicet,
806 2973 834 3022 et
863 2966 991 3039 magni-1
1026 2969 1077 3025 lias
1095 2969 1236 3028 exhibere.

174 3055 302 3121 licentis,
314 3062 340 3114 ct
354 3056 450 3130 gloriae
465 3055 717 3126 repromissionem.
733 3054 872 3127 Siquidem
887 3054 970 3110 bomo
1060 3057 1181 3114 Necdum
1200 3063 1292 3112 tamen
1307 3054 1385 3112 vobis
1414 3052 1529 3110 arbitror
1546 3050 1720 3118 satisfactum,
1735 3051 1824 3108 donec

175 3151 275 3202 cratet
289 3143 359 3200 iilius
374 3143 536 3214 captivitatis
550 3144 645 3214 hujus,
660 3143 707 3215 qui
731 3143 848 3199 dicebet:
874 3144 970 3201 latro·
1026 3144 1177 3202 euidentius
1199 3160 1259 3218 quse
1282 3143 1381 3200 domus
1404 3143 1487 3212 hujus
1511 3139 1724 3211 patrisfamilias,
1750 3140 1823 3212 quod

176 3237 221 3292 ibo
236 3235 267 3290 iu
282 3235 426 3310 potentias
444 3234 560 3291 Domini
577 3234 664 3292 (Pscl.
681 3249 746 3300 axx,
765 3233 820 3306 ts).
836 3232 972 3288 Caeterum
988 3228 1010 3307 c
1025 3234 1078 3290 hoc
1090 3234 1221 3304 templum
1234 3232 1296 3301 Dei,
1312 3248 1372 3302 quse
1386 3231 1482 3286 civitas
1495 3228 1569 3299 regis
1592 3227 1681 3294 istius,
1696 3243 1822 3299 quaenam

176 3341 230 3381 nos
242 3325 309 3382 scire
328 3339 473 3397 possumus
489 3323 552 3396 quid
569 3325 605 3378 sit
618 3322 771 3380 infirmitate
784 3338 888 3392 carere,
907 3331 973 3378 tan-
1026 3322 1144 3393 denique
1170 3322 1253 3392 huius
1285 3328 1338 3376 tem
1375 3317 1488 3391 gloriosi
1514 3317 1608 3386 sponsi
1640 3330 1740 3388 sponsa
1767 3315 1822 3371 dici

175 3429 259 3486 quam
280 3411 435 3469 infirmitate
459 3412 640 3469 circumdati:
663 3411 727 3484 quid
746 3410 972 3470 uercsitrirtute
1027 3419 1054 3468 et
1080 3425 1141 3468 esse
1168 3407 1306 3476 meruerit,
1340 3405 1487 3463 addiscatis
1510 3403 1595 3477 [aliae
1622 3402 1759 3475 audiatisl.
1788 3405 1823 3460 At

176 3502 266 3570 indui,
291 3511 317 3558 et
331 3502 479 3573 potentiam
502 3501 625 3571 introire,
640 3515 691 3558 nec
715 3500 795 3558 modo
811 3501 969 3573 potentiam,
1025 3517 1077 3575 ego
1103 3515 1185 3571 snper
1211 3500 1264 3554 hoc
1291 3495 1400 3568 quidem
1427 3509 1481 3551 non
1505 3507 1601 3564 parunt
1624 3506 1723 3548 vereor
1747 3490 1822 3564 loqni

109 3623 115 3634 ·
175 3592 272 3650 sedet
295 3592 407 3648 multam
432 3591 589 3661 potentiam,
607 3587 676 3646 forte
692 3597 719 3646 et
738 3589 972 3663 omnipotentiam,
1026 3587 1093 3662 quid
1119 3585 1246 3649 sentiam.
1284 3600 1319 3640 ne
1353 3599 1434 3657 quem
1467 3589 1597 3646 restrum,
1618 3580 1705 3652 ‚quod
1737 3579 1820 3636 absitl

176 3680 286 3737 interim
306 3681 375 3738 scire
399 3695 452 3736 noa
478 3695 632 3752 possumus.
657 3677 761 3736 Clamat
788 3677 866 3733 etiam
894 3677 972 3734 testis
1026 3687 1072 3736 aut
1103 3679 1193 3734 minus
1230 3675 1356 3744 fideliter,
1400 3679 1446 3730 aut
1478 3669 1568 3727 minus
1603 3668 1738 3726 humiliter
1769 3683 1821 3725 att·

177 3769 276 3840 fidelis,
291 3769 354 3844 quia
378 3786 444 3844 quos
456 3769 633 3841 justificavit
648 3767 713 3824 illos
727 3773 753 3825 et
780 3766 974 3839 magnificavit
1026 3768 1086 3826 dire
1100 3766 1238 3839 continget
1258 3783 1265 3822 :
1282 3780 1316 3822 uc
1337 3762 1400 3835 quis
1419 3760 1531 3818 forsitan
1554 3760 1589 3816 ab
1611 3759 1663 3815 boc
1685 3757 1823 3814 auditorio

176 3859 268 3932 (Rom.
289 3875 352 3926 vttt,
370 3861 428 3931 30).
444 3858 480 3915 Αι
493 3855 733 3930 magnificentiam,
749 3870 810 3911 eam
823 3855 974 3928 praesertim
1026 3857 1173 3914 antelatus
1193 3870 1251 3928 pras
1274 3849 1460 3925 magnitudine
1477 3846 1583 3921 gloriae,
1606 3856 1653 3902 aut
1670 3846 1823 3904 incredulus

176 3963 263 4022 quam
277 3948 422 4020 procedere
440 3948 569 4003 deceats
591 3943 791 4018 magnitudine,
817 3945 897 4014 cujus
924 3959 975 4000 nec
1014 3953 1175 4016 ,exeatprae
1198 3939 1417 4013 pusillanimitate
1440 3937 1551 4008 spiritus
1576 3935 1629 3992 sni.
1654 3933 1726 4006 Opto
1750 3935 1823 3992 enim

175 4036 250 4106 finis,
266 4053 316 4094 nee
329 4053 457 4094 numerus
474 4045 524 4106 est,
549 4035 652 4092 utinam
666 4041 766 4092 nostrae
788 4031 897 4090 interim
912 4032 970 4090 exi·
1027 4047 1136 4104 semper
1161 4045 1213 4088 vos
1241 4037 1267 4085 et
1290 4027 1384 4084 fideles
1405 4032 1433 4082 et
1460 4023 1579 4081 humiles
1601 4019 1727 4089 inveniri,
1750 4021 1822 4092 quod

176 4126 273 4201 gnitati
293 4127 374 4183 liceat
397 4134 571 4197 exspectare3
592 4141 655 4180 nam
677 4123 811 4180 aestimare
832 4122 972 4180 nonlicet.
1026 4130 1173 4192 utrumque
1198 4114 1312 4176 1079
1329 4129 1502 4186 summopere
1521 4112 1557 4168 sit
1578 4109 1761 4168 necessarium
1787 4108 1823 4164 ad

175 4219 237 4274 Jam
251 4232 317 4274 sero
331 4232 366 4273 ne
381 4215 466 4288 ipsius
480 4215 589 4290 quidem
609 4214 697 4271 vereri
720 4228 833 4274 necesse
856 4217 907 4280 cst,
928 4215 977 4267 aut
1027 4210 1151 4266 salutem.
1167 4207 1240 4264 Solis
1253 4221 1371 4275 namque
1389 4203 1535 4259 humilibus
1550 4201 1610 4272 ipse
1630 4201 1675 4255 dat
1696 4197 1837 4284 gretiam·

175 4308 279 4364 hebere
301 4316 458 4378 suspectam
481 4305 577 4379 gloriae
604 4297 812 4375 promissionem
828 4320 836 4357 ε
861 4300 975 4357 feliciter
1027 4298 1070 4357 cui
1084 4297 1167 4356 etiam
1182 4297 1242 4354 sine
1255 4295 1308 4352 tide
1323 4293 1431 4364 placere
1444 4289 1613 4362 impossibile
1628 4297 1679 4344 est.
1696 4287 1768 4360 Opto
1781 4287 1824 4362 ig·

176 4402 244 4452 tnnc
261 4402 287 4451 ct
301 4395 458 4453 fiducialiter
472 4395 581 4450 hauries
592 4391 716 4468 gloriam,
733 4393 842 4462 acujus
865 4389 974 4446 interim
1029 4400 1072 4447 tur
1086 4395 1113 4444 et
1126 4386 1251 4444 omnibus
1269 4383 1359 4440 modis
1378 4381 1460 4453 cupio
1479 4390 1508 4436 ut
1527 4387 1555 4436 et
1578 4377 1703 4449 parvulos
1724 4383 1752 4431 et
1766 4392 1824 4430 ms·

176 4487 299 4559 appetitu
327 4485 408 4541 tantis
440 4483 698 4541 comminationibus
726 4479 883 4537 deterreris.
913 4478 975 4536 Erit
990 4509 1014 4588 Β
1030 4477 1219 4549 gnos,imo‚ut
1233 4472 1446 4548 plusmiremini,
1458 4477 1485 4524 et
1499 4468 1563 4523 nihil
1579 4474 1606 4522 et
1620 4463 1730 4537 aliquid,
1745 4464 1824 4563 etiam

176 4574 251 4632 enirn
270 4583 336 4632 tuuc
357 4573 502 4647 unicuique
522 4573 580 4628 lans
603 4589 618 4627 a
642 4572 712 4639 Deo,
739 4585 833 4626 secura
852 4577 924 4626 certe
947 4576 974 4624 et
1030 4566 1133 4641 grande
1156 4565 1250 4638 [aliua
1265 4561 1331 4618 nihil
1354 4558 1424 4616 aliud
1448 4553 1658 4630 quamgrande]
1679 4553 1777 4625 aliquid
1800 4553 1826 4608 ei

176 4663 356 4739 sempiterna,
371 4663 435 4720 finis
451 4663 551 4734 paritet·
565 4668 594 4718 ct
618 4659 783 4717 discriminis
797 4674 912 4730 expers3
937 4663 973 4723 et,
1029 4671 1078 4711 vos
1091 4653 1219 4710 exhibere
1233 4651 1346 4709 curetis.
1356 4649 1453 4721 Neque
1467 4647 1541 4702 enim
1556 4645 1615 4700 eine
1627 4656 1724 4716 magno
1734 4641 1824 4697 animo

177 4757 348 4825 utscriptum
360 4762 400 4811 est
410 4772 417 4811 :
428 4754 569 4820 Iucunda,
584 4752 736 4824 decoraque
747 4737 874 4806 laudatio
886 4747 974 4820 (Psoi.
1030 4745 1101 4802 buna
1114 4743 1161 4798 illa
1175 4750 1227 4798 tam
1243 4753 1341 4813 magna
1356 4752 1465 4809 capere,
1485 4743 1529 4792 aut
1553 4732 1608 4791 uim
1636 4731 1724 4788 facere
1747 4739 1824 4802 pote·

177 4859 272 4912 catut,
293 4844 333 4914 tt.
353 4843 402 4898 Eia
417 4858 494 4916 ergo,
511 4842 618 4908 fratres,
632 4839 746 4898 viriliter
760 4837 868 4895 interim
883 4837 910 4893 in
932 4845 975 4892 ta-
1030 4832 1088 4891 ritis
1102 4845 1187 4906 regno
1209 4829 1340 4886 coelorum
1357 4845 1363 4884 :
1379 4841 1434 4884 uon
1455 4825 1516 4896 plus
1539 4837 1620 4895 quam
1642 4820 1716 4876 idem
1740 4818 1825 4876 coelo-

178 4933 334 4992 bernaculis
348 4933 504 5001 militemus,
519 4939 549 4989 ut
563 4929 681 4987 suaviter
691 4928 789 4986 deinde
805 4929 832 4982 in
847 4926 923 4984 atriis
935 4941 976 4982 re·
1015 4938 1088 4998 ¹rum
1104 4936 1218 4994 regnum
1232 4918 1344 4982 intrare,
1360 4915 1412 4972 nisi
1427 4912 1550 4970 conuersi
1565 4909 1672 4967 fueritis
1687 4917 1715 4966 et
1727 4907 1826 4966 efficia·

179 5025 363 5098 quiescamus,
389 5028 421 5080 ut
436 5021 582 5080 nouissime
600 5021 628 5076 in
643 5020 725 5076 domo
740 5016 891 5074 sublimiter
914 5014 976 5090 glo·
1031 5011 1096 5070 mini
1110 5007 1295 5083 sicutparuuli
1313 5006 1422 5080 (thth.
1437 5019 1521 5071 artu,
1536 5001 1575 5075 3).
1589 5001 1649 5057 Noa
1663 5015 1724 5055 sum
1743 5000 1826 5054 homo

179 5117 295 5185 riemur,
309 5128 372 5170 cum
386 5121 604 5171 momentaneum
619 5111 672 5166 hoc
695 5117 721 5164 et
744 5106 802 5164 leve
823 5104 976 5164 tribulatio·
1030 5099 1158 5176 profundi
1171 5114 1277 5168 sensus,
1292 5110 1342 5154 nec
1357 5109 1469 5167 possum
1483 5092 1562 5176 tobis
1577 5090 1650 5162 quod
1665 5103 1720 5146 uon
1734 5095 1827 5186 gusta-

178 5204 223 5262 nis
244 5213 355 5272 nostrae,
381 5218 463 5276 supra
491 5200 602 5258 modum
630 5198 659 5256 ia
691 5197 816 5268 sublime,
846 5203 977 5252 aternum
1031 5190 1117 5248 verim
1131 5196 1262 5245 eructare.
1279 5187 1370 5242 Dicam
1385 5191 1472 5238 minen
1492 5181 1557 5253 qnid
1581 5179 1716 5235 interdurn
1736 5192 1766 5230 tn
1783 5189 1827 5230 me

177 5294 289 5366 pondus
308 5293 402 5369 glorta
417 5290 575 5364 operabitur
597 5289 624 5344 in
638 5287 725 5352 nobis,
741 5301 803 5342 cum
818 5284 846 5340 in
860 5283 978 5340 Domino
1033 5279 1144 5336 sentiam
1168 5275 1285 5348 actitari,
1299 5283 1330 5331 ut
1343 5274 1366 5330 si
1382 5271 1445 5345 quis
1467 5269 1535 5328 forte
1558 5267 1610 5324 sibi
1631 5265 1698 5322 utile
1717 5263 1827 5333 jndice-

178 5383 356 5442 laudabimnr
384 5391 441 5441 tcta
467 5381 521 5448 die,
550 5379 578 5434 in
607 5379 721 5436 veritate
740 5375 834 5448 utique
861 5388 915 5430 non
949 5363 979 5430 ih
1032 5369 1110 5436 serit,
1127 5363 1339 5434 imitetur.Quia
1353 5361 1424 5419 enirn
1445 5358 1510 5417 olim
1533 5369 1693 5428 persuasum
1707 5359 1749 5408 est
1762 5352 1828 5408 mibi

180 5474 313 5532 vanitate.
1019 5466 1063 5532 ιιιι
1089 5458 1218 5514 miserear
1246 5453 1342 5510 ammae
1364 5465 1442 5518 ureae,
1468 5445 1616 5520 placiturus
1647 5441 1745 5498 exinde
1771 5442 1829 5498 Deo

509 5556 625 5616 SEllllO
636 5557 668 5613 V.
1033 5562 1096 5604 mco
1112 5547 1295 5618 (Scottus,
1318 5541 1377 5612 aa),
1393 5539 1550 5610 frequenter
1567 5534 1601 5590 de
1622 5547 1655 5590 ea
1676 5528 1799 5606 recogito
1821 5545 1828 5586 :

326 5653 367 5709 De
385 5649 498 5724 genias
518 5647 743 5706 consideratione
769 5644 824 5702 sari.
1034 5636 1137 5693 utinam
1153 5641 1242 5690 sutem
1263 5631 1357 5697 semel,
1371 5641 1533 5700 semperque
1547 5621 1642 5697 [alios.
1657 5619 1744 5692 magis
1754 5634 1831 5720 sem-

219 5747 247 5801 l.
267 5743 357 5802 Etiam
388 5739 483 5807 hodie,
508 5738 613 5805 fratres,
642 5733 843 5796 solemnitatem
874 5729 981 5805 sginum
1035 5725 1094 5799 per}
1110 5722 1213 5782 liceretl
1232 5720 1298 5778 Erat
1321 5719 1429 5794 quando
1452 5717 1477 5772 id
1502 5711 1605 5772 actitari
1627 5710 1740 5812 minime
1759 5709 1830 5766 ltbe-

180 5833 354 5905 predandi.
373 5829 463 5904 Atque
479 5829 507 5886 id
520 5829 631 5903 quidem
645 5825 725 5884 facile
737 5825 854 5882 dixerim
871 5820 935 5879 :aad
955 5818 976 5875 si
1035 5816 1091 5884 bat,
1110 5828 1208 5887 nempe
1229 5809 1301 5883 qued
1324 5807 1414 5866 minus
1436 5804 1472 5876 tsi
1494 5810 1583 5862 umen
1604 5815 1706 5865 minus,
1729 5804 1758 5853 et
1778 5812 1833 5852 non
