4064 6344
263 429 333 494 loto
738 427 765 487 S.
785 425 951 489 tramitti
968 421 1104 485 lueriis
1117 421 1432 487 uttuuvltturtsrs
1835 426 1905 490 titre

544 547 668 638 ’8ΕῂΜο
686 579 766 639 LXII·
968 547 972 557 '
1074 541 1235 636 nQuonam
1257 545 1349 610 modo,
1376 542 1491 614 inquis?
1513 540 1684 612 cogitatione
1711 553 1739 599 et
1767 545 1905 605 ariditate.

1112 634 1190 690 Cedit
1203 646 1300 704 nempe
1314 633 1341 688 in
1365 631 1473 687 modum
1494 629 1618 686 maceriae
1632 631 1767 689 mollioris
1783 636 1828 706 pia
1845 651 1906 692 me-

265 735 336 808 Qcid
353 733 393 790 sit
412 701 541 788 animum
554 729 667 800 fidelem
681 730 853 789 commoror-i
867 751 879 780 r
894 731 925 786 in
937 727 1057 800 [orami—
1110 722 1196 778 cerias
1210 722 1344 778 desiderio
1361 721 1467 788 animoe,
1486 719 1557 775 cedit
1572 733 1647 789 purat
1673 725 1905 796 contemplationi,

297 807 380 864 ribos
393 808 482 888 petre
492 821 525 871 3»
543 807 570 859 et
586 801 655 874 qnid
667 823 680 850 ι
694 804 725 858 m
739 802 867 858 cavernis
880 801 1024 858 sacrariis.
1042 819 1053 849 ι
1111 809 1180 866 cedit
1193 809 1293 868 crebra
1307 809 1430 865 nationi.
1446 808 1571 878 Denique
1588 807 1679 864 orario
1700 811 1768 880 iusti
1783 823 1907 884 penetrat

297 881 336 936 lle
348 879 398 934 Det
419 876 566 960 volontate
584 875 690 958 potior,
706 889 790 946 quam
809 874 959 957 vratissaw
972 887 1056 926 imi·
1111 898 1196 954 eoeics
1222 897 1320 969 (Ereti.
1336 913 1425 968 xxiv,
1452 899 1513 967 tl).
1531 897 1591 952 Nou
1612 897 1704 970 otique
1730 901 1800 957 aeris
1825 905 1907 974 hujus

300 949 399 1005 “md“-
415 945 579 1019 ”imiimi
590 948 718 1017 imnum
732 947 836 1002 mmm
850 960 1010 1002 mmmm
1021 941 1057 998 “d
1112 987 1236 1057 corporei
1255 987 1389 1058 spatiosas
1401 984 1568 1049 altitudines,
1584 984 1665 1039 veluti
1690 987 1807 1058 quodam
1823 993 1907 1048 remi·

297 1019 533 1094 predicationem
548 1017 691 1073 veritatis.
1133 1073 1138 1084 Ι
1426 1072 1432 1084 ⁹
1619 1071 1625 1082 ι
1750 1076 1754 1086 Ι
1820 1077 1826 1088 ¹

1113 1087 1158 1144 gro
1176 1072 1278 1128 alarum
1302 1087 1409 1128 suarum
1425 1079 1509 1128 instar
1522 1072 1642 1128 volneris
1657 1074 1772 1131 tolentrs
1787 1081 1906 1142 sundri,

302 1170 329 1228 l.
346 1169 478 1228 Columba
488 1184 551 1224 meo
564 1169 596 1223 in
610 1166 798 1237 foraminibus
811 1171 912 1238 perra,
924 1167 955 1221 in
966 1179 1060 1221 couer-
1113 1173 1159 1216 aut
1174 1161 1252 1234 quasi
1279 1161 1386 1234 gladius
1399 1169 1495 1216 acutus
1507 1159 1594 1231 ipsius
1610 1161 1774 1219 ilrmamrnti
1790 1165 1908 1222 solidum

266 1266 311 1318 rtis
328 1259 462 1316 mocerire
475 1258 572 1325 (Cant.
595 1269 626 1324 rr,
643 1255 698 1324 tt).
714 1255 774 1310 Non
789 1261 894 1309 tantum
908 1253 935 1308 iu
950 1251 1059 1308 lorami·
1113 1250 1269 1322 celsumque
1285 1251 1412 1308 verticem
1429 1249 1577 1323 perforabit
1593 1267 1600 1318 ς
1616 1251 1664 1305 sed
1685 1261 1748 1308 suut
1761 1254 1824 1311 eroli
1840 1271 1910 1310 sao-

265 1349 346 1405 nibus
360 1355 444 1418 petra
459 1353 543 1400 tutum
559 1342 658 1415 reperit
671 1343 795 1398 columba
811 1340 964 1412 retugium·
979 1355 1059 1412 repe·
1115 1339 1161 1403 cti,
1177 1339 1239 1406 rivi,
1266 1339 1425 1404 rationales,
1445 1338 1492 1409 qui
1517 1347 1643 1394 enarrant
1656 1341 1770 1412 gloriam
1788 1344 1847 1414 liei,
1863 1345 1911 1417 qui

266 1436 301 1492 rit
315 1443 343 1491 et
359 1435 387 1490 in
401 1432 525 1490 cavernis
549 1432 682 1488 maceriae.
698 1429 776 1500 Quod
796 1430 819 1485 si
843 1429 986 1486 maceriam
1006 1445 1060 1485 non
1115 1426 1253 1482 i'avorabiii
1286 1428 1400 1498 quadam
1421 1427 1519 1497 pietate
1543 1426 1643 1482 nostris
1656 1443 1686 1483 se
1701 1431 1773 1485 urstis
1788 1431 1911 1488 libenter

179 1593 185 1600 ⁵
266 1525 420 1599 congeriem
445 1522 575 1593 lapidum,
604 1521 816 1577 sedsanctorum
840 1519 1060 1575 communionem
1115 1515 1254 1584 inclinant,
1275 1528 1301 1572 et
1315 1513 1429 1570 sinuatis
1454 1514 1488 1569 ad
1515 1522 1613 1572 trctum
1638 1525 1740 1572 nrrstrre
1754 1518 1914 1576 devotionis

267 1614 422 1686 accipimus,
458 1609 598 1666 videamus
622 1625 657 1664 no
684 1610 753 1665 l'orte
781 1622 909 1664 cavernas
936 1605 1061 1661 maceria
1115 1603 1294 1660 aiiectibusin
1310 1588 1914 1682 suanosrceipiunrvisrera,querissniprs

266 1701 364 1758 dixerit
390 1700 561 1772 angelorum,
585 1698 632 1769 qui
661 1698 696 1752 ob
717 1697 871 1767 superbiam
901 1696 968 1766 lapsi
989 1693 1059 1760 sunt,
1116 1693 1148 1746 ed
1165 1707 1212 1748 cos
1226 1692 1375 1749 intentione
1401 1693 1547 1764 pulsamus.
1573 1692 1693 1748 Pulsaoti
1716 1694 1913 1766 enimaperie·

266 1791 324 1848 loca
340 1788 418 1860 quasi
432 1803 515 1844 vacua
533 1785 644 1843 ides
660 1784 928 1856 derelicta:quippe
943 1799 1003 1857 quae
1019 1799 1063 1837 re·
1118 1791 1170 1837 tur.
1200 1781 1302 1837 Licebit
1323 1782 1414 1852 itaque
1439 1783 1587 1851 unicuique
1616 1790 1748 1850 nostrum,
1764 1784 1845 1840 etiam
1861 1787 1913 1842 hoc

266 1878 334 1952 pieri
349 1895 382 1935 ex
402 1876 556 1933 hominibus
571 1877 681 1940 habent,
698 1884 822 1946 tanquam
838 1872 924 1928 ruinae
939 1872 973 1927 de
990 1871 1060 1942 ispi·
1117 1873 1239 1940 tompore
1263 1875 1362 1925 nostrsr
1390 1869 1570 1937 mortaiitatis,
1585 1883 1680 1924 cauare
1696 1871 1759 1943 sibi,
1785 1889 1903 1946 quacun·

267 1968 348 2023 dibus
362 1966 434 2023 uiris
448 1964 612 2021 reficiendae.
629 1963 706 2018 Unde
724 1967 862 2034 apostolus
878 1962 974 2016 Petrus
991 1975 997 2015 :
1014 1963 1062 2019 ric·
1115 1975 1167 2032 que
1190 1967 1264 2029 parte
1278 1960 1360 2030 volet,
1375 1973 1507 2015 cavernas
1520 1973 1643 2030 supemae
1665 1961 1814 2032 macerim3
1839 1977 1911 2020 nnnc

267 2054 406 2120 cedentes,
421 2051 516 2123 iuquit,
528 2051 564 2106 od
576 2051 698 2122 lapidem
709 2053 812 2116 uirum,
824 2054 851 2106 et
860 2051 915 2122 ipsi
925 2055 1063 2120 tunquam
1117 2047 1225 2120 quidem
1253 2047 1418 2120 patriarchas
1443 2046 1571 2118 reuisere,
1600 2061 1671 2104 nnnc
1698 2065 1764 2106 vero
1792 2050 1910 2106 mititare

270 2142 375 2216 lapides
396 2142 453 2198 vim
480 2140 750 2212 superedificomirti
777 2138 870 2194 domos
898 2138 1063 2212 spirituales
1116 2139 1272 2206 prophetas,
1302 2151 1376 2193 nunc
1402 2135 1507 2192 senatui
1533 2135 1679 2192 immisceri
1712 2139 1909 2206 apostolorum,

269 2231 379 2302 (lPetr.
394 2244 424 2295 rr,
441 2231 468 2297 l,
480 2229 518 2300 tt).
533 2230 589 2283 Nec
602 2235 668 2299 puto
680 2229 752 2280 abre
765 2241 836 2293 esse3
853 2227 876 2282 ai
889 2225 1065 2296 intelligimus
1118 2239 1189 2280 nuno
1216 2232 1362 2296 martymm
1391 2224 1473 2279 inseri
1497 2225 1614 2294 ciroris3
1644 2225 1692 2280 sed
1717 2233 1744 2280 et
1769 2229 1909 2284 beatorum

269 2319 431 2392 angelorum
454 2315 604 2372 custodiam
632 2315 715 2372 ricem
741 2315 868 2372 exhibere
887 2315 1013 2372 maceria
1036 2314 1064 2368 in
1119 2313 1245 2369 virtutum
1260 2319 1346 2369 status
1359 2320 1385 2368 et
1400 2312 1551 2369 mansiones
1565 2312 1704 2368 aminimo
1716 2317 1915 2388 angelonsqoe

269 2408 348 2466 vinea
370 2405 489 2470 Domini,
514 2413 636 2477 quaeest
658 2404 778 2460 Ecclesia
800 2403 1062 2472 praedestinatorum,
1119 2401 1150 2456 ad
1180 2400 1309 2457 cherubin
1338 2411 1364 2457 et
1390 2401 1527 2471 sernpbin,
1557 2411 1613 2457 tota
1642 2403 1739 2458 mentis
1771 2403 1915 2460 alacritate

270 2514 332 2556 cum
343 2497 440 2553 Paulus
449 2495 649 2553 nicatzllmne
657 2510 753 2550 omnes
764 2492 1003 2551 administratorii
1011 2493 1067 2564 rpi-
1121 2489 1302 2561 percurrendo
1340 2489 1472 2554 lustrare,
1501 2497 1580 2560 prout
1612 2505 1692 2560 quem
1721 2505 1769 2546 sua
1805 2491 1919 2548 devotio

231 2605 237 2613 ·
269 2587 436 2649 litassent,
461 2585 541 2640 missi
560 2583 592 2638 ic
605 2584 804 2639 ministerium
824 2585 939 2654 propter
959 2597 1002 2638 eos
1017 2581 1067 2653 qui
1120 2579 1198 2635 leret.
1224 2577 1306 2648 Apud
1332 2577 1405 2650 quod
1420 2578 1505 2651 tnagis
1524 2576 1669 2645 allicietor,
1684 2578 1846 2635 immittente
1861 2579 1913 2634 sibi

269 2673 467 2730 hereditatem
481 2673 600 2744 copiunt
614 2667 740 2726 solutis?
754 2669 848 2742 (lichr.
861 2684 880 2735 ι,
895 2669 951 2738 ll.)
966 2675 993 2722 et
1007 2670 1068 2723 Pro·
1121 2666 1222 2739 Spiritu
1250 2673 1330 2738 prout
1350 2666 1424 2735 vuit;
1446 2666 1468 2721 si
1490 2665 1596 2722 steterit
1622 2670 1649 2722 et
1679 2666 1839 2740 pulsaverit,
1855 2683 1922 2724 corr·

271 2763 366 2832 pheta:
380 2761 515 2817 immittit
527 2760 647 2829 ampelos
657 2760 771 2815 Domini
785 2760 815 2812 in
826 2759 953 2813 circuito
964 2757 1068 2812 tirren-
1121 2754 1213 2811 iestim
1226 2754 1364 2827 aperietur
1390 2755 1424 2816 ei.
1442 2763 1469 2809 et
1483 2755 1552 2812 lacta
1564 2755 1642 2827 quasi
1661 2771 1777 2811 caverna
1792 2755 1820 2810 in
1835 2771 1920 2812 mon·

271 2852 346 2907 hom
358 2849 518 2920 eomtrscl.
529 2861 632 2914 xxxru,
645 2849 687 2917 8).
705 2845 741 2900 Et
755 2847 779 2900 si
793 2845 830 2900 ita
839 2847 925 2912 sedet,
941 2845 992 2900 erit
1006 2860 1067 2900 aen·
1123 2844 1206 2908 tibus,
1221 2845 1262 2899 rel
1277 2844 1367 2916 potius
1380 2845 1516 2900 mentibus
1536 2845 1647 2916 mactis,
1658 2845 1723 2900 dnm
1737 2861 1767 2900 se
1781 2843 1856 2902 nitro
1872 2845 1918 2900 ia·

270 2953 326 3004 sus,
344 2937 406 3010 quia
420 2936 570 2994 Ecclesiam
586 2944 708 3004 tempore
723 2943 752 2989 et
766 2935 825 2990 ioco
839 2933 1067 3005 peregrinationis
1121 2933 1233 2990 ilectunt
1256 2933 1289 2987 ad
1305 2932 1443 3003 pietatem,
1461 2933 1611 3004 requiescet
1632 2934 1676 2990 rel
1692 2933 1830 3004 paululum
1846 2935 1919 3004 apul

271 3041 328 3080 suae
341 3025 404 3082 due
418 3039 462 3080 res
475 3023 668 3094 consolentnr3
681 3023 714 3078 de
730 3023 865 3093 praeterito
879 3023 925 3094 qui
937 3033 998 3089 tem,
1014 3037 1068 3077 me·
1122 3022 1193 3078 ilios.
1218 3023 1313 3079 Omnis
1340 3024 1436 3078 enirnae
1463 3024 1503 3078 sic
1520 3023 1642 3080 facientis
1659 3034 1687 3081 ct
1713 3024 1806 3088 iacies,
1820 3035 1850 3081 et
1864 3041 1918 3080 ror

273 3112 358 3168 moria
368 3110 500 3183 passionis
513 3110 633 3178 Christi3
648 3113 681 3165 de
697 3111 785 3166 tuturo
795 3115 894 3178 eutem,
912 3111 985 3181 quod
1001 3125 1068 3166 sero
1084 3117 1107 3194 ο
1125 3114 1178 3170 lieo
1197 3122 1273 3184 grata
1288 3113 1380 3169 ‹xistit
1396 3127 1403 3167 :
1425 3112 1519 3184 iacies,
1537 3123 1645 3186 propter
1671 3114 1832 3186 puritatem
1849 3131 1913 3181 vox,

273 3209 372 3258 sortem
388 3208 544 3257 sanctorum
558 3200 662 3272 cogitat
684 3208 711 3255 et
738 3197 851 3254 confidit
871 3197 1066 3269 recipiendam.
1121 3210 1232 3273 propter
1245 3202 1457 3258 confessionem.
1473 3201 1579 3258 Etenim
1594 3203 1727 3259 confessio
1754 3213 1783 3258 et
1796 3204 1918 3273 pulchri-

273 3291 362 3349 Ambo
387 3291 455 3358 baec,
470 3287 552 3346 velati
565 3297 627 3346 ante
650 3296 679 3344 et
700 3296 772 3345 retro
791 3290 905 3356 oculata,
922 3287 1069 3344 insatiabili
1122 3291 1189 3346 tudo
1209 3291 1236 3344 in
1260 3299 1407 3361 conspeetu
1421 3291 1482 3359 eius
1493 3291 1581 3362 (Psoi.
1598 3307 1663 3356 xcv,
1679 3291 1716 3362 t).
1734 3291 1815 3347 Unde
1828 3299 1858 3348 et
1870 3291 1913 3346 rii·

273 3379 406 3438 desiderio
420 3387 581 3449 contuetor;
597 3388 623 3435 et
642 3386 756 3448 uterque
776 3378 814 3433 ilii
836 3378 948 3434 intuitus
970 3380 1068 3432 admo·
1122 3377 1191 3434 citur
1204 3377 1242 3432 iili
1256 3378 1304 3451 qui
1326 3379 1460 3448 ejusmodi
1487 3389 1554 3436 est:
1578 3379 1698 3438 ortanae
1721 3381 1795 3436 mihi
1809 3383 1915 3452 [aiem

274 3470 338 3525 dum
351 3477 456 3542 gratus,
474 3476 589 3539 uterque
603 3477 644 3523 est
657 3467 697 3523 iiii
712 3466 848 3538 refugium
866 3481 883 3522 e
897 3466 1069 3522 tribulatione
1124 3471 1216 3532 tuom,
1226 3472 1306 3524 sonet
1320 3483 1375 3526 coc
1390 3473 1441 3525 tuo
1455 3469 1612 3526 inaurium
1626 3471 1693 3525 tuis.
1707 3469 1768 3525 voa
1778 3469 1920 3524 admiratio

274 3559 408 3614 malornm
437 3563 464 3613 et
488 3557 590 3613 dolore.
614 3557 723 3627 integra
746 3555 906 3624 consolatio,
935 3571 995 3612 cum
1015 3569 1070 3610 nou
1123 3555 1150 3612 in
1173 3557 1263 3614 animo
1284 3558 1501 3628 contemplantis,
1520 3573 1572 3614 vox
1596 3557 1744 3631 gratiarum
1772 3557 1844 3614 actio
1869 3567 1920 3613 est.

275 3648 363 3703 solum
377 3644 675 3710 ouiderspectaudum,
690 3643 739 3699 sed
754 3645 862 3700 otunde
876 3642 903 3698 id
917 3643 1071 3714 sitpraesu·
1125 3645 1277 3702 Delectatur
1303 3645 1447 3702 adrandum
1482 3645 1633 3701 istiusmodi
1662 3645 1917 3712 ceremiame

164 3768 165 3772 =
275 3735 402 3790 mendum
421 3733 536 3790 notent
565 3732 716 3802 Expectatio
742 3731 802 3787 latta
823 3747 873 3787 nee
899 3731 992 3799 dubie,
1009 3747 1070 3804 quae
1124 3735 1223 3806 quihus
1238 3735 1290 3790 sihi
1305 3751 1356 3791 uox
1371 3735 1635 3808 resonatqmtiarom
1653 3735 1779 3802 actionis,
1794 3751 1847 3793 ror
1868 3737 1921 3792 ad·

275 3821 373 3880 Christi
392 3827 478 3877 morte
501 3819 605 3876 limata
626 3828 678 3893 est.
703 3820 757 3876 Cur
780 3829 875 3891 paveat
903 3820 937 3875 ad
968 3821 1072 3890 praemii
1126 3822 1275 3879 mirationis
1286 3833 1312 3877 et
1326 3823 1427 3881 laudis.

278 3909 501 3984 magnitudinem,
528 3925 590 3980 qnae
620 3908 701 3979 pretii
718 3909 877 3981 dignitatem
898 3909 1071 3966 considerati
1162 3915 1188 3967 3.
1204 3911 1276 3968 Felix
1290 3927 1376 3980 mens,
1406 3927 1466 3984 quse
1483 3911 1534 3967 sibi
1547 3912 1639 3968 inbac
1653 3911 1770 3972 mamis
1784 3911 1919 3984 ireqaea-

276 3999 356 4072 Quod
379 3999 467 4056 libens
482 4005 572 4055 mente
594 3997 686 4056 inrisit
704 3997 849 4070 foramina,
870 4013 918 4069 per
939 4013 1000 4071 qnae
1022 3999 1073 4055 sibi
1126 4009 1167 4056 ter
1181 3997 1291 4056 torti
1304 4015 1400 4056 cauare
1418 3999 1564 4064 studuerim
1581 4003 1701 4072 scdqnae
1714 4003 1742 4056 in
1757 4011 1845 4074 petra,
1861 4001 1922 4056 ieli-

277 4087 439 4146 sacrosancti
463 4087 604 4161 sanguinis
630 4086 748 4159 pretium
772 4087 865 4145 iiusiti
883 4087 972 4156 Quam
986 4088 1074 4144 iibens
1127 4089 1193 4147 cior.
1208 4089 1282 4146 Licet
1304 4089 1411 4160 quidem
1430 4104 1527 4145 cauare
1551 4089 1578 4144 in
1605 4099 1699 4160 petra;
1728 4093 1775 4146 sed
1805 4091 1842 4146 ad
1872 4091 1923 4146 hoc

276 4193 406 4236 cavernas
426 4176 602 4247 perambulat,
628 4185 655 4232 et
673 4175 835 4244 'diversoria
856 4183 883 4232 et
907 4176 1071 4245 mansiones,
1128 4180 1236 4250 puriore
1259 4181 1354 4234 mentis
1381 4178 1439 4235 acie
1453 4193 1524 4250 opos
1537 4187 1589 4248 est,
1605 4189 1633 4234 et
1646 4179 1850 4236 vehementiori
1863 4194 1924 4235 oru-

277 4283 337 4339 quae
353 4264 456 4321 snot'iu
470 4263 551 4320 domo
571 4265 655 4320 Patris
676 4265 770 4320 mnitae
793 4273 874 4337 etque
900 4265 1023 4334 diuersae,
1044 4266 1072 4322 io
1127 4269 1190 4323 nino
1204 4267 1364 4331 intentione,
1380 4265 1457 4320 otiam
1480 4272 1509 4320 et
1533 4265 1635 4322 meritis
1664 4266 1815 4337 potioribus
1830 4267 1927 4322 uceti-

276 4355 376 4428 quihus
390 4355 470 4410 habet
491 4352 623 4410 collocare
645 4352 716 4408 iiiios
744 4367 809 4409 snos
837 4369 885 4426 pro
903 4369 1074 4426 quorumque
1088 4355 1113 4434 n
1128 4359 1190 4412 tatis
1200 4355 1284 4428 [otios
1297 4352 1441 4426 fodiamus]
1452 4355 1538 4424 (tii).
1551 4354 1581 4408 itt
1594 4354 1628 4409 ad
1641 4357 1697 4410 brec
1711 4354 1772 4427 quis
1786 4355 1925 4411 iconem

277 4442 432 4499 diuersitate
447 4441 619 4497 meritoruml
642 4441 674 4496 lc
695 4455 767 4497 nnnc
787 4440 907 4512 quidem,
928 4440 1002 4513 quod
1025 4457 1073 4496 so·
1127 4446 1232 4516 Nempe
1246 4443 1291 4502 ilie
1304 4442 1351 4515 qui
1369 4441 1457 4498 dixit:
1475 4444 1506 4498 in
1521 4444 1663 4515 principio
1671 4446 1736 4498 erut
1755 4443 1888 4511 imbus,
1899 4449 1925 4500 el

246 4575 255 4590 ,
279 4529 335 4586 ium
353 4529 459 4586 interim
471 4537 571 4601 potest,
587 4528 645 4586 sola
659 4531 687 4584 in
702 4529 744 4584 his
767 4530 899 4587 memoria
919 4529 1072 4603 requiescit,
1133 4536 1320 4592 Verbamerot
1334 4529 1411 4604 opud
1422 4533 1708 4594 Dcnm,ctlieasrrot
1726 4531 1866 4589 maram.-
1877 4531 1926 4588 hor

279 4622 390 4676 eoeieste
403 4619 609 4690 habitaculumq
625 4620 698 4692 qnod
713 4622 856 4676 desursum
870 4629 921 4688 est,
934 4620 992 4691 jam
1009 4620 1072 4676 ani·
1127 4627 1188 4680 crat
1198 4626 1229 4679 io
1241 4622 1385 4695 principio
1395 4620 1471 4693 opud
1486 4623 1574 4678 Dertm
1587 4621 1681 4693 (ioco.
1696 4634 1715 4685 r,
1731 4624 1759 4684 l,
1772 4621 1814 4688 ι).
1827 4620 1926 4676 Nonne

280 4724 324 4766 mo
343 4708 467 4765 indueus.
483 4708 540 4764 Erit
561 4715 651 4766 autem
665 4724 728 4764 cum
751 4707 873 4781 implebit
892 4707 991 4779 ruinas,
1010 4723 1072 4764 cum
1126 4711 1173 4766 tihi
1186 4711 1291 4768 uidetur
1305 4708 1370 4779 ipsis
1396 4722 1425 4764 se
1441 4707 1520 4764 Verbi
1537 4707 1719 4779 penetralibus
1733 4705 1924 4774 immersisae3

280 4813 407 4855 cavernas
421 4805 577 4869 etcorpore
590 4797 762 4864 inhabitabit,
777 4807 801 4854 et
817 4805 906 4854 mente
921 4815 928 4870 ;
945 4813 1008 4854 cum
1022 4813 1072 4856 va-
1126 4809 1152 4855 at
1174 4799 1208 4855 do
1227 4798 1323 4854 abdiis
1350 4797 1466 4868 pectoris
1492 4798 1552 4868 eJ'us
1575 4796 1712 4868 quandam
1745 4795 1854 4852 intimae
1879 4812 1922 4852 ι-

280 4887 486 4954 ouedomieiiir,
506 4903 568 4959 quae
584 4886 687 4958 antiqui
712 4886 882 4958 reliquemnt
895 4885 1071 4958 habitatores,
1127 4887 1234 4958 pientiae
1254 4893 1454 4942 sacrosanctam
1476 4885 1578 4940 eruisse
1592 4883 1761 4940 medrdlami
1780 4881 1858 4951 Quid
1877 4884 1923 4940 ilie

281 4975 339 5047 ipse
356 4991 413 5031 sure
435 4975 597 5034 universatis
616 4974 764 5030 illustrabit
784 4975 938 5047 presentia,
954 4991 1004 5032 nec
1018 4975 1074 5032 niis
1126 4975 1174 5048 qui
1189 4972 1345 5046 sapientiam
1360 4971 1520 5045 loquebatur
1544 4971 1614 5028 inter
1632 4971 1781 5042 perlectos,
1808 4973 1926 5044 sapien

280 5065 350 5120 ultra
363 5064 503 5135 apparebit
516 5079 632 5120 caverna
648 5063 753 5135 penitus
776 5062 805 5119 in
829 5063 930 5120 celesti
945 5065 1073 5135 maceria,
1128 5064 1191 5118 tiam
1207 5061 1234 5117 in
1257 5063 1386 5133 mysterio
1404 5061 1600 5126 absconditam,
1615 5077 1696 5130 quam
1716 5075 1800 5116 uerno
1816 5061 1925 5130 prinei·

281 5151 352 5210 leiici
373 5153 407 5209 de
433 5157 535 5211 cetero
558 5152 724 5223 perfectione
752 5153 794 5208 sui
818 5163 898 5224 atque
920 5153 1075 5226 integritate
1129 5165 1192 5224 pnm
1206 5149 1299 5206 mundi
1314 5149 1395 5219 hujus
1403 5149 1550 5222 cognovit?
1566 5151 1590 5220 ll
1605 5149 1668 5208 dor.
1683 5163 1716 5216 rr,
1735 5153 1764 5217 b,
1779 5151 1821 5220 8).
1832 5149 1928 5206 Nonae

280 5243 423 5317 pandente.
1130 5254 1184 5295 uno
1203 5247 1229 5294 et
1243 5238 1328 5294 altero
1350 5238 1420 5294 coeio
1442 5247 1532 5307 acuta,
1546 5237 1594 5292 sed
1624 5237 1668 5309 pia
1682 5237 1842 5294 curiositate
1858 5247 1926 5294 tare·

316 5335 343 5388 2.
358 5330 454 5402 Anasi
472 5329 499 5386 id
518 5330 607 5405 magis
621 5330 730 5403 probas,
750 5329 871 5387 dicemus
886 5333 935 5387 has
948 5345 1077 5387 cavernas
1130 5327 1222 5394 hretia,
1241 5345 1256 5384 c
1272 5327 1351 5384 tertio
1366 5327 1474 5384 tandem
1494 5328 1564 5382 hanc
1579 5328 1654 5398 prins
1666 5327 1926 5384 smnmmrarer'ni

282 5419 410 5478 studiosis
430 5427 459 5476 et
481 5418 535 5491 piis
550 5419 687 5476 mentibus
713 5433 768 5476 non
789 5417 914 5490 inveniri,
935 5418 983 5476 eod
1006 5417 1076 5478 iieri.
1130 5415 1166 5472 At
1189 5417 1276 5490 ipsam
1299 5430 1353 5473 non
1376 5415 1452 5472 siluit
1479 5417 1572 5484 uobis,
1594 5414 1683 5472 verbis
1709 5415 1812 5488 quibam
1839 5415 1929 5487 potuit

282 5718 300 5773 t·
317 5645 392 5718 itta)
405 5629 530 5719 Plerique
553 5643 661 5702 codices
688 5645 814 5700 omittunt
829 5645 1000 5708 sanctitatis,
1016 5658 1098 5714 quam
1125 5650 1215 5702 tenren
1243 5657 1340 5700 vocem
1368 5644 1466 5699 hebent
1494 5660 1598 5710 ornnes,
1628 5645 1709 5699 etiam
1738 5644 1838 5715 primae
1870 5645 1927 5700 eri-

293 5731 379 5775 iones.
