4064 6344
270 395 340 456 1135

755 393 781 451 S.
807 389 974 452 stuntabl
992 385 1130 449 notatis
1148 389 1463 452 calte-t‘tttttttms

1839 391 1913 451 tito

264 523 352 580 velato
378 520 518 591 mysterio.
543 520 632 591 Ipsum
666 519 784 589 mysterii
821 518 942 576 velamen
966 524 1050 573 tenet.
1070 529 1148 606 stoa,
1172 533 1232 589 quae
1260 534 1313 575 non
1339 518 1418 574 modo
1433 525 1523 588 natus,
1539 517 1586 574 sed
1599 518 1761 587 etparsulus
1780 525 1917 573 natusest

262 611 363 680 Quare,
379 609 432 664 nisi
459 611 521 680 quia
533 607 631 680 *adhuc
645 606 767 663 velamen
781 613 822 663 cst
847 605 961 678 positum
975 621 1056 672 super
1110 608 1198 675 nohis,
1215 607 1296 680 idque
1310 607 1369 663 solo
1397 607 1431 662 de
1444 605 1585 663 infirmiori
1611 605 1729 662 femineo
1748 621 1828 664 seru.
1858 606 1917 662 Car

262 715 309 754 cor
323 697 405 767 ejus?l
433 697 472 753 lta
498 696 571 768 quod
587 702 666 751 sonat
679 687 778 762 littera,
794 695 867 750 illius
890 702 953 749 est:
982 692 1053 764 quod

261 786 349 859 signat
362 785 469 858 [Atiae.
481 785 608 860 designat
621 783 641 858 ],
658 799 750 841 meum
763 790 824 854 est3
837 799 869 840 ac
886 799 934 855 par
945 783 996 838 hoc
1015 781 1053 838 illi

261 874 421 931 ministratio
436 877 530 930 mortis
554 874 580 928 in
610 874 710 943 littera,
727 873 793 929 mihi
810 872 864 930 vita
895 871 923 927 in
946 870 1052 941 spiritu.

260 963 326 1017 Nam
341 962 449 1032 spiritus
473 975 514 1018 est
535 962 582 1033 qui
596 961 711 1019 viviticat
742 963 833 1032 (toan.
860 977 898 1034 vt,
924 963 969 1028 st)
987 977 995 1014 ε
1010 960 1055 1013 dat

262 1051 363 1124 quippe
377 1051 553 1108 intellectum.
569 1052 611 1105 An
634 1066 687 1105 non
704 1050 759 1107 vita
773 1049 943 1107 intellectus?
963 1049 1053 1105 hetel-

263 1141 366 1196 tccttem
378 1141 413 1196 do
424 1139 507 1209 milti,
521 1144 549 1195 et
562 1141 666 1208 vivom,
679 1139 716 1194 ait
727 1139 860 1212 Propheta
870 1139 997 1194 Domino.
1008 1137 1054 1190 ln-

263 1228 388 1286 telleetus
401 1245 455 1285 non
467 1237 587 1284 remanet
602 1240 686 1294 extra,
703 1244 757 1285 non
768 1230 852 1284 haeret
865 1228 892 1282 in
903 1226 1053 1298 superficie,

262 1332 316 1372 non
331 1316 416 1371 instar
437 1315 502 1372 caeci
516 1317 610 1386 palpat
623 1316 780 1382 lorinsecs3'
794 1319 839 1370 sed
860 1313 992 1388 protunda
1017 1314 1055 1369 ri·

1109 699 1163 755 hoc
1177 697 1192 752 ‘l
1206 697 1309 767 Nempe
1324 702 1354 751 ut
1367 711 1399 751 ex
1412 702 1526 770 utroque
1539 696 1717 766 admoneatur
1732 694 1840 750 infirmo
1857 693 1908 748 mi-

1114 786 1257 844 tesseram
1276 785 1319 840 die
1333 785 1390 850 irre,
1409 783 1614 854 memineritque
1641 783 1667 838 in
1681 783 1786 853 iudicio
1802 785 1869 836 mise
1888 783 1915 836 i-

1107 874 1228 930 cordiam
1242 871 1564 946 superexaltarejudirio.
1584 871 1689 928 Etenim
1706 871 1729 926 si
1757 870 1916 942 iniquitates

1108 959 1382 1026 observaverit,etiam
1392 961 1552 1026 electorum,
1568 959 1630 1032 quis
1645 957 1806 1015 sustinebit?
1822 959 1913 1030 (Psoi.

1109 1067 1204 1116 cxxix,
1221 1050 1260 1121 3.)
1277 1051 1357 1105 Astra
1370 1063 1423 1105 non
1438 1059 1502 1105 sant
1516 1049 1616 1104 munda
1630 1048 1658 1103 in
1673 1057 1819 1120 conspectu
1835 1049 1909 1115 ejus,

1109 1151 1136 1196 et
1147 1139 1174 1194 in
1188 1140 1294 1212 angelis
1320 1138 1378 1195 suis
1393 1138 1494 1211 reperit
1523 1139 1678 1209 pravitatem
1695 1137 1768 1208 (tob.
1787 1153 1824 1202 n,
1851 1139 1908 1195 tat.

1111 1228 1185 1285 Audi
1199 1229 1315 1300 denique
1329 1236 1455 1284 sanctum
1472 1235 1499 1282 et
1512 1226 1627 1283 electum
1655 1227 1719 1298 quid
1748 1226 1821 1282 dicat
1855 1223 1912 1278 beo

1113 1316 1400 1386 Ta,inquit,remiaisti
1409 1319 1587 1390 impietatem
1594 1317 1706 1388 pcccati
1715 1317 1782 1373 mci.
1793 1315 1847 1371 Pro
1858 1315 1914 1372 bac

263 1412 357 1475 matur,
379 1405 588 1477 pretiosissimas
600 1407 696 1462 solitus
710 1406 805 1462 exinde
816 1405 935 1462 raritatis
944 1403 1057 1460 exuvias
1109 1405 1202 1462 orabit
1219 1405 1256 1460 ort
1278 1410 1304 1464 te
1318 1407 1411 1462 otonis
1425 1409 1544 1462 sanctos
1560 1407 1592 1460 in
1608 1410 1734 1477 tempore
1748 1407 1911 1476 opportuno

263 1502 319 1550 tota
338 1493 466 1550 aviditate
480 1492 598 1564 diripere
617 1493 755 1564 aon-tollere
777 1493 839 1558 sibi,
860 1503 887 1548 et
910 1509 970 1549 cunr
989 1491 1055 1548 Pro·
1111 1494 1196 1562 ,Prot
1213 1509 1286 1564 xxxt,
1302 1497 1328 1562 5,
1346 1492 1384 1565 o).
1401 1492 1477 1564 Opus
1496 1493 1587 1564 itaque
1602 1493 1735 1548 babentet
1763 1494 1848 1548 saneti
1864 1507 1914 1562 pro

264 1585 346 1656 pheta
359 1581 450 1638 dicere
471 1581 588 1638 Domino
607 1601 612 1639 :
630 1583 755 1639 Loetcbcr
773 1599 820 1655 epo
840 1598 924 1655 saper
947 1583 1058 1654 eloquio
1112 1579 1226 1655 peccatis
1245 1586 1413 1662 exorare,ut
1427 1581 1461 1636 de
1473 1580 1655 1637 irriserioordia
1669 1580 1739 1637 salsi
1754 1577 1832 1650 flant,
1849 1595 1913 1650 pro·

266 1671 873 1744 too,sicotqoiiancnitspotiamotte(Psoi.
884 1686 983 1736 cxvur,
995 1671 1057 1736 ιιι,
1113 1670 1293 1739 prtaejusritiae
1308 1685 1363 1725 non
1375 1668 1499 1725 fidentes.
1516 1668 1617 1726 Omnes
1632 1669 1706 1727 enim
1720 1676 1916 1740 peccaverunt.

266 1763 341 1832 lot).
356 1758 460 1829 Nempe
475 1759 510 1815 ita
538 1774 651 1831 regnum
675 1759 792 1814 veritatis
814 1759 868 1815 uim
894 1759 1004 1832 patitur,
1033 1765 1058 1813 et
1118 1766 1344 1829 etegentomnes
1367 1755 1558 1814 misericordia
1577 1755 1665 1828 [Αιιαι
1689 1755 1817 1823 additur,
1844 1755 1916 1827 Deil.

265 1847 376 1904 violenti
399 1847 508 1918 rapiunt
538 1845 603 1902 illud
622 1847 734 1919 (ldotth.
761 1863 800 1914 xi,
824 1847 879 1919 lt).
906 1847 1003 1903 Verum
1019 1846 1064 1903 ille
1080 1803 1102 1880 Β
1120 1847 1154 1903 ιιι
1167 1862 1233 1918 ergo
1248 1863 1309 1902 cum
1329 1845 1413 1902 iratus
1427 1845 1520 1916 luerit,
1537 1845 1729 1902 misericordie
1749 1843 1918 1906 recordetur,

266 1935 357 1992 senior
371 1935 463 2004 trater,
490 1936 535 2006 qui
558 1938 591 1990 de
620 1950 687 2008 agro
712 1933 954 1992 venieustbrmam
981 1935 1068 2002 tenuit
1121 1945 1234 2010 rogatur
1246 1935 1280 1991 ab
1306 1936 1357 1992 ista
1383 1949 1512 2005 apparere
1541 1935 1569 1989 in
1593 1927 1787 1990 misericordiae
1813 1932 1917 1998 babitu,

270 2025 361 2097 populi
377 2024 475 2084 veteris
490 2032 518 2080 et
529 2023 640 2092 terreni,
660 2024 707 2096 qui
725 2040 774 2096 pro
790 2019 1066 2082 terrena'haeredhare

271 2114 366 2169 doctus
384 2113 497 2185 diligere
518 2113 649 2178 trituram,
664 2113 754 2169 attrita
778 2113 865 2170 fronte
878 2113 961 2187 gemit
974 2115 1068 2169 anxius

271 2187 322 2256 sub
335 2200 410 2273 gravi
422 2202 493 2274 iugo
508 2200 585 2272 legis,
599 2209 739 2273 portatque
750 2203 855 2273 pondus
869 2203 921 2259 diei
935 2211 961 2260 et
974 2214 1065 2259 aestus.

271 2290 308 2353 ls,
322 2289 440 2360 inquam,
461 2288 525 2360 quia
545 2289 707 2345 intellectum
732 2305 786 2345 non
805 2291 909 2361 habuit,
929 2290 995 2347 ioris
1017 2298 1069 2346 stat

276 2375 387 2435 toea
403 2377 486 2434 etium
506 2393 587 2445 nunc,
598 2386 624 2434 ct
635 2394 687 2434 non
698 2380 756 2435 sult
767 2379 977 2438 necinvitatusa
992 2388 1068 2452 patre

271 2467 371 2522 intrare
390 2467 499 2521 domum
515 2465 640 2535 convitii,
652 2468 826 2537 semetipsum
840 2467 966 2524 fraudans
980 2484 1066 2538 usque

272 2554 359 2613 adhuc
373 2553 513 2625 participio
540 2555 722 2626 symphonia,
738 2563 765 2609 et
789 2556 872 2624 ehori,
889 2562 915 2612 et
934 2555 1007 2612 rituli
1021 2571 1065 2611 sa·

271 2643 354 2717 gina-ti
370 2645 447 2714 (Esto.
463 2643 510 2713 xit,
527 2645 632 2713 ata-30).
653 2642 737 2700 Miser
760 2644 807 2716 qui
827 2645 917 2700 renuit
938 2645 1064 2714 experiri,

270 2749 350 2805 quam
364 2733 464 2787 bonum
480 2732 555 2789 silet
578 2748 659 2804 quam
671 2733 820 2802 jucundum
835 2733 953 2789 habitare
968 2733 1064 2788 tratres

1122 2025 1278 2098 illo,dequo
1289 2024 1453 2097 Apostolus:
1467 2027 1500 2080 Et
1516 2023 1624 2092 habita,
1633 2023 1730 2094 inquit,
1740 2023 1875 2081 inuentae
1886 2025 1919 2078 ret

1124 2117 1205 2172 homo
1220 2113 1355 2188 (Philipp.
1370 2128 1401 2179 ιι,
1417 2115 1456 2184 7).
1540 2175 1541 2180 .

1156 2207 1182 2260 5.
1199 2203 1355 2260 Necessarie
1378 2202 1497 2274 quidem.
1514 2202 1542 2258 Si
1556 2203 1628 2258 enim
1648 2217 1710 2258 oum
1729 2203 1781 2258 boc
1810 2215 1921 2274 quoqne

1122 2299 1331 2364 temperamento
1345 2298 1416 2346 tanta
1430 2291 1482 2346 crit
1492 2291 1516 2344 iri
1530 2289 1632 2359 judicio
1647 2289 1769 2362 aequitas,
1788 2290 1814 2344 in
1825 2286 1921 2358 judice

1121 2379 1222 2451 teritos,
1247 2381 1275 2434 in
1305 2380 1445 2448 majestate
1479 2377 1641 2456 sublimitas,
1669 2381 1774 2436 novitas
1803 2379 1828 2432 in
1855 2375 1921 2431 tacis

1119 2471 1178 2541 ipsa
1193 2484 1291 2533 rerum,
1309 2477 1336 2523 ut
1349 2467 1502 2524 secundnm
1519 2469 1677 2538 prophetam
1694 2483 1751 2522 nou
1769 2465 1857 2540 possit
1872 2479 1920 2520 co·

1120 2558 1199 2634 gitari
1213 2557 1269 2612 dies
1283 2555 1415 2613 adventus
1428 2557 1487 2626 ejus
1511 2557 1641 2626 (lintach.
1663 2571 1695 2612 ιιι
1710 2555 1739 2628 2)
1755 2571 1763 2607 ε
1778 2555 1853 2629 quid,
1867 2571 1919 2625 pn·

1119 2647 1259 2714 testones,
1287 2647 1309 2702 si
1333 2645 1403 2720 ignis
1430 2645 1475 2700 ille
1502 2659 1664 2702 consumens
1692 2645 1790 2716 (Deum
1819 2643 1919 2714 loquor

1120 2733 1344 2807 omnipotentem)
1359 2735 1387 2790 in
1410 2733 1455 2789 illa
1469 2749 1526 2789 suae
1557 2733 1704 2790 divinitatis
1718 2730 1917 2808 magnitudine,

270 2823 297 2877 in
314 2838 408 2876 unum.
422 2822 458 2877 Et
481 2823 539 2876 baso
554 2821 625 2877 diota
643 2821 697 2878 sint
712 2836 760 2892 pro
787 2821 958 2878 distinetione
982 2821 1064 2892 partis
1116 2821 1284 2889 tortitudine,
1310 2823 1428 2893 puritate
1454 2822 1581 2888 venisset,
1610 2830 1707 2880 contra
1731 2822 1826 2878 lotione
1841 2819 1917 2892 quod

268 2909 407 2976 Ecclesia,
423 2909 562 2981 partisque
577 2909 740 2982 Synagogae,
756 2924 810 2976 quo
824 2917 851 2964 et
864 2910 969 2966 eaecitas
983 2907 1063 2981 hujus
1117 2922 1197 2969 vento
1211 2913 1313 2982 rapitur
1334 2920 1491 2968 ostensurus
1513 2911 1658 2982 potentiam
1673 2927 1762 2978 suam,
1782 2919 1811 2966 st
1828 2909 1917 2980 stipu-

269 3013 301 3052 ex
314 2997 385 3052 illius
399 2996 543 3068 prudentia
559 2997 725 3054 manifestior
743 2995 799 3067 irat,
815 3005 841 3052 et
857 2997 970 3054 ielicitas
989 2997 1061 3053 illius
1116 3003 1167 3058 lam
1182 3001 1280 3058 siccam
1293 3007 1485 3072 persecuturus
1505 3000 1604 3069 ittet.
1619 3015 1679 3067 xrrr,
1697 3001 1756 3072 aa.)
1769 2999 1802 3056 Et
1830 2999 1914 3054 boam

268 3101 299 3140 ex
317 3086 398 3154 hujus
413 3085 563 3142 miseranda
576 3084 699 3140 fatuitate
719 3087 901 3157 praeemineat.
1078 3082 1168 3160 east,
1187 3089 1282 3161 inquit,
1303 3099 1331 3145 et
1347 3087 1407 3160 quis
1421 3087 1523 3144 ridebit
1545 3090 1634 3144 euml
1650 3091 1684 3146 Et
1703 3091 1767 3163 quis
1779 3089 1868 3146 stabit
1879 3087 1914 3144 aa

305 3175 331 3230 3.
347 3174 426 3230 Nunc
439 3173 496 3244 jam
511 3181 664 3228 scrutemur
686 3175 767 3230 verba
780 3189 897 3246 sponsa,
914 3175 994 3231 etsie
1012 3191 1059 3232 co·
1118 3179 1272 3235 videndum
1285 3194 1350 3236 carn
1364 3177 1493 3250 (lintach.
1503 3192 1544 3246 ιιι,
1554 3177 1589 3248 El.
1604 3177 1710 3248 Quanto
1724 3177 1913 3250 magisDenm

264 3278 361 3319 namur
383 3271 472 3318 castos
493 3262 642 3333 exprimere
661 3263 747 3318 sancti
765 3263 865 3318 amoris
888 3263 1011 3332 att'eaus,
1029 3272 1058 3322 ut
1114 3265 1193 3324 nobis
1210 3265 1310 3340 absque
1330 3265 1441 3322 homine
1467 3266 1638 3323 exhibentem
1663 3282 1741 3324 nemo
1764 3266 1912 3322 hominnm

264 3351 300 3406 nil
317 3353 346 3408 in
360 3366 438 3408 sacro
452 3350 562 3421 eloquio
581 3349 684 3404 ratione
707 3365 812 3416 carens,
838 3349 875 3405 nil
898 3350 1056 3408 indecorum
1114 3353 1206 3426 terret,
1236 3360 1329 3425 utpote
1356 3355 1476 3411 claritate
1503 3355 1722 3428 inaccessibilem,
1747 3354 1914 3412 celsitudine

263 3442 480 3512 importunumve
496 3436 630 3495 resedisse
645 3439 755 3496 omnino
771 3448 907 3512 appareat.
932 3441 1000 3496 Etsi
1028 3441 1056 3496 in
1110 3442 1326 3516 inattingibilem,
1339 3443 1641 3516 incomprehensibilem
1651 3444 1792 3514 majestate
1807 3443 1915 3500 artune

263 3537 380 3586 mentem
393 3527 498 3586 venerit
524 3529 589 3583 hora
609 3525 664 3594 illa,
688 3543 749 3583 eum
774 3529 907 3584 Dominus
933 3529 1012 3586 lesus
1025 3530 1057 3600 (is
1109 3546 1248 3589 varocum
1267 3533 1397 3590 exarserit
1411 3534 1437 3589 in
1463 3534 1537 3591 brevi
1553 3533 1594 3591 irs
1606 3535 1667 3604 ejus
1690 3533 1780 3606 (reat.
1795 3548 1829 3600 tt,
1856 3537 1912 3603 ¹³).

260 3617 332 3673 enim
346 3633 463 3684 sponsus
486 3617 535 3682 est)
559 3615 686 3688 transiret
700 3633 733 3670 ex
758 3616 809 3672 hoc
821 3617 923 3671 mundo
950 3619 982 3672 ad
1003 3619 1054 3673 Pa·
1113 3635 1194 3694 quarn
1213 3627 1290 3694 grata
1306 3629 1416 3692 propter
1443 3619 1513 3680 irlios
1541 3622 1634 3696 gratiae
1657 3621 1802 3696 apperebit
1816 3621 1913 3677 blanda

191 3775 193 3779 y
261 3714 329 3760 trem
345 3706 436 3776 (toan.
448 3719 509 3772 xtu,
529 3705 566 3773 l),
583 3703 717 3774 simulque
727 3703 792 3775 quid
807 3713 870 3759 tunc
879 3705 960 3759 animi
976 3723 1055 3780 gere·

258 3801 301 3848 ret
314 3809 361 3848 sua
376 3793 421 3847 illa
444 3791 590 3847 domestica
615 3791 745 3860 Ecclesia,
762 3807 832 3849 nova
852 3794 942 3866 utique
962 3804 1054 3866 napta,

260 3897 320 3936 cum
350 3897 379 3936 se
399 3881 488 3936 deseri
522 3889 644 3936 cerneret
669 3866 747 3951 quasi
775 3881 882 3938 viduam
906 3883 1068 3957 desolatam¹

260 3969 338 4024 unica
352 3985 399 4040 spe
410 3985 459 4024 sua
475 3986 480 4026 :
493 3969 632 4039 apostolos
643 3968 748 4041 loquor,
761 3972 807 4042 qui
819 3971 920 4027 relictis
931 3973 1056 4028 omuibus

258 4059 345 4114 secuti
359 4057 465 4112 inerant
479 4074 553 4128 cuni,
567 4067 648 4129 atque
659 4076 719 4113 cum
735 4059 794 4130 ipso
811 4071 1013 4133 permanserant
1028 4063 1056 4117 in

261 4133 452 4201 tentationibus
467 4146 539 4216 suis3
557 4146 579 4200 si
605 4148 672 4216 haec,
690 4147 811 4218 inquam,
837 4148 1054 4220 cogitaverimus,

257 4251 312 4291 uon
340 4234 475 4291 immerito
505 4251 593 4306 neque
623 4235 782 4310 incongrue,
815 4247 891 4308 puto,
922 4237 1057 4296 ridebitur

1110 3711 1233 3782 quaedam
1251 3707 1318 3764 visio
1334 3709 1462 3778 hominis,
1475 3727 1540 3767 sane
1554 3709 1754 3768 firmamentum
1767 3707 1842 3782 fidei,
1852 3722 1913 3781 spe-

1111 3799 1203 3868 robur,
1216 3797 1322 3856 fiduciae
1337 3808 1513 3870 augmentum
1536 3819 1543 3856 ι
1561 3801 1635 3873 quod
1662 3801 1766 3858 seilicet
1780 3801 1872 3876 gratia
1884 3811 1911 3856 et

1111 3888 1296 3945 misericordia
1324 3889 1358 3945 sit
1386 3889 1413 3945 in
1434 3899 1542 3948 sanctos
1569 3893 1639 3962 ejus,
1667 3901 1696 3947 et
1722 3897 1864 3963 respectas
1885 3889 1912 3944 in

1112 3977 1213 4034 electos
1227 3977 1300 4033 illius
1313 3978 1394 4051 (Sep.
1408 3995 1444 4044 iv,
1466 3979 1510 4049 lt)
1524 3980 1649 4051 Denique
1658 3979 1718 4050 ipse
1745 3979 1827 4036 Pater
1840 3979 1912 4034 bens

1110 4067 1185 4123 dedit
1199 4067 1266 4122 ritis
1285 4067 1381 4138 judicii
1397 4073 1569 4140 potestatem,
1583 4077 1609 4124 et
1624 4083 1679 4124 non
1694 4067 1759 4139 quia
1773 4083 1851 4136 saus,
1867 4069 1912 4124 sed

1110 4157 1173 4226 quia
1193 4155 1278 4211 Filius
1297 4155 1415 4212 hominis
1430 4165 1471 4214 est
1485 4157 1578 4229 (tona.
1606 4174 1631 4223 t,
1644 4159 1700 4226 at).
1726 4156 1750 4214 0
1775 4173 1841 4216 vers
1863 4155 1912 4214 Pa·

1112 4257 1178 4301 trem
1201 4243 1466 4302 misericordiaruml
1496 4244 1607 4304 15Ώῦ
1631 4246 1689 4304 uult
1712 4261 1761 4318 per
1775 4245 1910 4303 hominem

257 4324 435 4396 qaantumde
467 4323 595 4379 abscessu
612 4323 703 4390 tristia,
721 4335 823 4380 tautum
850 4325 1061 4384 sollieitaexsti-
1119 4333 1382 4404 honriuesjudicari,
1398 4350 1451 4407 quo
1470 4335 1497 4392 in
1513 4343 1585 4390 tanta
1600 4334 1782 4406 trepidatione
1808 4343 1914 4406 saper·

261 4412 326 4471 tisse
341 4419 374 4467 ise
390 4410 488 4479 reditu,
518 4413 670 4483 praesertim
686 4412 724 4468 sic
738 4411 843 4479 allecta,
859 4413 939 4472 etsie
953 4415 1054 4475 relicte.
1111 4421 1265 4492 [orbatione
1291 4425 1434 4489 malorum,
1463 4425 1556 4480 electis
1581 4424 1708 4481 tiduciam
1737 4432 1913 4495 praestatae-

258 4501 351 4572 ltaque
367 4499 487 4574 diligenti
501 4510 527 4556 et
551 4499 684 4576 indigenti
703 4503 761 4557 haec
781 4502 838 4574 ipsa
865 4504 963 4576 duplex
988 4507 1056 4563 ratio
1110 4518 1180 4568 turae
1195 4510 1373 4567 simililitudo.
1392 4512 1553 4568 Praedixerat
1575 4514 1625 4568 hoc
1648 4511 1788 4586 quondam
1804 4521 1914 4572 mactus

258 4597 316 4646 erat
329 4591 518 4646 commonendi
538 4591 676 4660 dilectum,
693 4601 731 4663 ut,
753 4593 969 4667 quandoquidem
994 4612 1056 4666 per-

260 4678 371 4734 suaderi
392 4695 446 4734 non
465 4682 571 4750 poterat
587 4679 651 4750 quin
663 4681 712 4736 iret
727 4688 753 4736 et
767 4683 925 4738 ascenderet
940 4683 985 4739 ubi
1001 4696 1059 4742 erat

263 4765 348 4838 prius,
364 4769 459 4822 saltem
473 4769 638 4839 promissum
664 4769 756 4826 denuo
785 4779 930 4828 maturaret
957 4774 1060 4830 adven·

264 4864 332 4913 tum.
348 4855 426 4924 Quod
442 4858 597 4930 euinroptat
610 4863 636 4914 et
652 4859 771 4929 postulat
784 4859 898 4918 similem
913 4860 970 4918 iore
987 4863 1059 4931 teris,

264 4953 292 5000 et
305 4943 438 5012 ejusmodi
453 4945 525 5013 ieris,
541 4963 601 5017 quae
616 4963 697 5004 eursu
707 4949 833 5021 agiliores
843 4967 902 5006 esse
917 4949 1059 5021 ridentur;

263 5031 397 5104 cupientis
411 5034 492 5090 animi
506 5036 635 5092 indicium
649 5045 698 5104 cst,
715 5037 758 5093 cui
780 5038 847 5093 nihil
867 5039 934 5096 satis
947 5039 1059 5096 testina-

1112 4599 1210 4669 David,
1226 4613 1308 4655 orans
1321 4599 1422 4673 pariter
1438 4608 1466 4656 et
1479 4603 1659 4675 prophetans:
1677 4604 1758 4668 Data,
1773 4601 1911 4675 inquiens,

1110 4687 1351 4759 judiciemtuem
1361 4688 1462 4760 repleto
1478 4691 1663 4761 etjustitinm
1679 4694 1760 4746 taam
1769 4689 1832 4762 filio
1843 4693 1912 4762 reeb

1115 4775 1202 4845 (Psot.
1218 4792 1290 4843 xxxi,
1305 4776 1339 4847 ι).
1357 4777 1409 4832 Sed
1423 4792 1510 4848 neque
1524 4779 1589 4836 huic
1618 4781 1742 4837 dissonat
1767 4779 1913 4851 promissio

1116 4863 1183 4918 tacta
1198 4879 1247 4934 per
1260 4865 1380 4937 angelos,
1396 4865 1443 4937 qui
1458 4881 1492 4922 eo
1506 4875 1645 4938 assumpto
1659 4869 1695 4924 ita
1721 4869 1757 4923 ad
1771 4867 1913 4940 apostolos

1115 4951 1291 5024 loquebantur
1306 4969 1313 5008 z
1330 4955 1378 5010 Eic
1392 4955 1530 5029 lesusqci
1544 4963 1703 5030 assumptos
1718 4960 1873 5016 estuantis
1883 4959 1910 5012 is

1115 5041 1270 5107 cetomsie
1282 5044 1624 5115 uenietquemadmoaam
1639 5047 1749 5102 videtis
1762 5063 1831 5104 eam
1845 5063 1911 5104 aaa·

264 5133 314 5180 tur.
330 5124 427 5181 Nonne
440 5127 490 5180 hoc
504 5127 624 5199 quotidie
643 5128 769 5198 postulat,
784 5145 847 5185 eum
862 5130 930 5198 ¹dicit
949 5132 977 5187 in
995 5146 1058 5187 ora·

266 5215 326 5268 ione
347 5231 354 5267 :
384 5214 519 5272 ildoeoiat
551 5233 670 5288 repetita
690 5223 773 5274 taam
799 5219 911 5303 (ltottls.
931 5235 971 5288 vr,
992 5220 1059 5291 l0)i

300 5305 327 5358 ι.
357 5303 415 5377 Ego
439 5315 527 5362 tamen
550 5319 647 5378 praeter
675 5307 831 5381 agilitatem,
852 5308 977 5366 existimo
1004 5327 1059 5368 non
1149 5312 1175 5365 6.
1192 5307 1285 5381 liquet
1299 5325 1333 5365 ex
1348 5309 1390 5366 his
1404 5311 1532 5369 omnibus
1544 5327 1673 5383 sponsam
1691 5311 1765 5369 inse
1786 5311 1911 5372 divinum

1116 5134 1172 5185 tem
1187 5133 1217 5186 in
1232 5133 1416 5203 retemptat.
1434 5149 1453 5195 ι,
1472 5137 1526 5204 tt),
1539 5135 1590 5190 hoc
1604 5143 1656 5203 est,
1671 5135 1699 5190 in
1710 5135 1761 5191 hac
1774 5136 1836 5207 ipsa
1850 5151 1911 5192 eor·

1114 5219 1189 5290 poris
1208 5218 1382 5293 formantque
1396 5221 1555 5279 substantia.

267 5393 357 5448 minus
368 5395 507 5468 signanter
523 5395 637 5466 exprini
652 5397 732 5452 etiarn
746 5393 937 5464 infirmitatem,
953 5385 980 5454 ot
993 5399 1057 5470 qui·
1111 5395 1209 5453 habere
1224 5397 1378 5468 eonsilium,
1394 5410 1421 5456 et
1444 5401 1601 5474 mysterium
1616 5415 1744 5474 superne
1765 5401 1913 5460 voluntatis

266 5483 419 5539 demsexus
435 5483 580 5556 incaprea,
597 5485 683 5541 aetatis
697 5485 725 5540 in
740 5485 861 5545 hinnulo.
882 5486 945 5545 Vult
967 5485 1057 5560 itaque
1116 5485 1224 5542 minime
1235 5486 1370 5560 ignorare,
1387 5492 1514 5561 quaesub
1531 5493 1629 5550 umbra
1652 5491 1805 5550 imbellium
1826 5493 1912 5550 imbe-

264 5585 343 5641 enm3
359 5580 389 5627 ut
402 5572 468 5628 mibi
480 5574 598 5642 ridetur,
609 5575 660 5632 stsi
673 5590 733 5631 cum
741 5583 874 5647 potestate
883 5576 985 5648 restire,
1001 5592 1055 5635 non
1111 5575 1263 5648 silliumque
1285 5577 1459 5658 animantium
1490 5588 1611 5637 naturam
1648 5579 1838 5651 infirmiorem,
1873 5599 1902 5638 se

278 5667 365 5716 nmen
383 5659 410 5716 in
421 5661 559 5719 lornsltei
575 5663 715 5736 injudicio
728 5681 873 5736 apparere;
888 5667 935 5722 sed
949 5682 1013 5724 sane
1027 5665 1054 5723 in
1110 5665 1203 5737 potius
1229 5665 1396 5737 interiorem,
1416 5667 1479 5740 quia
1504 5669 1560 5742 jara
1584 5667 1691 5727 mtirma
1718 5685 1775 5728 non
1801 5671 1865 5738 erit,
1884 5669 1915 5726 ιιι
