3996 6350
5 381 10 438 ε
117 395 155 454 57
698 389 946 477 soraurrrssus
965 390 1033 450 asr
1047 387 1203 452 aarum.
1740 389 1779 454 aa

118 519 195 576 iilluo
212 520 414 590 commendavit
427 521 547 594 eloquio,
569 517 652 574 veluti
666 515 800 588 perflante
816 522 919 582 austro,
938 529 966 608 p,
976 515 1083 573 similas
1093 529 1215 573 essemus
1229 515 1295 586 (lea.
1311 529 1332 582 r,
1348 518 1387 586 9).
1400 516 1503 572 Florait
1517 524 1608 572 autem
1620 515 1775 574 hocsameu

117 615 202 682 atque
216 625 232 665 e
246 607 335 666 vicino
349 597 406 666 sole
422 608 545 664 radiante
558 605 681 680 justitiae,
698 605 821 678 quadam
838 621 872 660 ex
887 620 921 661 eo
976 603 1003 658 in
1018 601 1197 670 mirabilibus,
1212 619 1272 676 quae
1286 610 1396 660 ostensa
1420 611 1484 659 suut
1506 605 1534 661 in
1548 604 1622 662 exitu
1641 604 1724 663 lsrael
1738 606 1774 664 de

119 697 270 770 spiritualia
298 697 486 770 profluxerunt
509 704 639 753 aromata
667 693 776 752 Utinam
798 701 826 749 et
849 709 923 751 nunc
976 693 1102 764 AEgypto,
1118 691 1146 748 in
1166 691 1261 768 ligaris
1276 701 1303 748 at
1325 690 1515 766 aenigmatibus
1539 709 1588 763 per
1610 702 1696 752 totum
1719 694 1773 752 iter

121 787 197 850 Deus
211 787 315 845 emittat
327 788 441 843 verbum
457 803 545 854 suum,
563 794 590 841 et
604 783 761 857 liquefaciat
777 801 810 840 ea
823 783 921 852 uobis;
976 781 1003 836 in
1017 779 1130 837 deserto
1145 797 1232 853 usque
1256 780 1284 836 in
1308 787 1406 836 terram
1429 779 1627 852 promissionis,
1644 792 1672 839 et
1694 784 1775 842 dein-

121 874 221 946 pertlet
248 874 357 946 spiritus
385 875 453 942 ejus,
485 884 512 931 et
543 873 609 928 fiant
637 872 715 930 nobis
744 871 922 946 intelligibilia
975 883 1041 940 ceps
1055 868 1082 923 in
1098 869 1247 926 visionibus
1262 876 1289 924 et
1303 867 1437 925 vaticiniis
1459 869 1668 940 prophetarum.
1684 872 1712 928 in
1726 888 1774 930 or·

122 963 207 1019 verba
220 962 399 1040 evangelica:
421 962 488 1018 liant
502 963 530 1019 iu
546 961 675 1019 cordibus
690 961 792 1018 nostris
811 961 923 1018 deside·
976 957 1115 1014 clinatione
1143 973 1252 1030 quoque
1281 957 1359 1032 regni
1390 972 1424 1012 aa
1451 957 1596 1017 sacerdotii
1625 974 1710 1031 usque
1740 963 1774 1018 ad

123 1050 218 1106 rabilia
230 1066 314 1124 super
327 1066 423 1106 aurum
444 1058 473 1106 et
486 1051 606 1122 lapidem
625 1049 774 1124 pretiosum
798 1050 920 1118 multum,
975 1045 1121 1103 Christum.
1137 1045 1261 1103 Christus
1281 1053 1372 1102 autem
1395 1046 1476 1116 hujus
1500 1045 1613 1102 seminis
1627 1054 1663 1102 et·
1678 1048 1775 1105 horam

122 1137 189 1193 liant
203 1145 231 1195 et
245 1137 368 1196 dulciora
383 1155 468 1211 super
482 1139 534 1197 mel
551 1145 579 1197 st
598 1138 708 1196 lavuml
975 1135 1072 1192 llorum
1095 1150 1150 1192 uon
1172 1134 1307 1191 immerito
1331 1134 1435 1191 imatus
1456 1149 1518 1190 esse
1545 1133 1717 1208 intelligitur,
1733 1137 1776 1192 di·
1877 1135 1880 1142 '

158 1226 349 1298 militiisque
366 1246 372 1282 :
392 1213 490 1286 thaam
505 1233 547 1287 εει
560 1229 678 1302 capetus
698 1227 842 1286 Gabriele
857 1229 921 1284 bec.
976 1233 1055 1279 cente
1069 1222 1172 1281 David:
1185 1225 1322 1282 Dominus
1332 1221 1409 1281 dabit
1424 1223 1639 1296 benignitatem,
1654 1229 1682 1282 et
1699 1229 1776 1282 tarra

120 1317 184 1372 Noa
209 1314 327 1372 arbitror
341 1316 414 1372 huuc
428 1315 556 1390 angelum
570 1317 605 1373 dc
620 1316 771 1373 minoribus
785 1332 857 1380 esse,
877 1314 922 1386 qui
976 1318 1074 1371 nostra
1087 1312 1165 1370 dabit
1178 1316 1310 1386 fractam
1322 1329 1406 1371 saara
1420 1313 1508 1384 (Paul.
1525 1326 1648 1378 unsara,
1665 1313 1711 1384 ta)
1724 1331 1732 1382 ;
1747 1320 1775 1370 ει
1809 1307 1810 1310 ’

120 1403 244 1475 qualibet
265 1419 299 1460 ex
321 1419 412 1469 eausa,
437 1405 534 1460 crebra
555 1405 663 1461 soleant
685 1405 719 1459 ad
739 1412 827 1461 terras
846 1403 923 1474 iungi
976 1399 1074 1456 iterum
1091 1421 1099 1456 z
1115 1405 1263 1473 Detracta
1277 1402 1384 1460 uentris
1400 1403 1445 1458 tui
1463 1417 1567 1475 ponam
1581 1418 1667 1475 saper
1680 1401 1775 1460 sedem

120 1490 260 1562 legatione
280 1508 288 1546 ε
308 1491 382 1563 quod
407 1507 441 1547 ex
465 1490 525 1564 cjos
553 1492 664 1549 nomine
693 1492 782 1565 palam
805 1489 922 1564 intelligi
977 1493 1058 1546 taam
1071 1491 1159 1558 (Paul.
1175 1505 1273 1559 cxxxi,
1292 1490 1345 1562 ιι).
1361 1489 1393 1546 la
1404 1489 1540 1546 Nazareth
1555 1505 1623 1564 ergo
1638 1490 1777 1548 nuntiatur

120 1577 211 1650 datur,
226 1578 300 1651 quod
314 1577 523 1650 interpretatum
537 1579 678 1653 fortitudo
694 1581 744 1640 Dei
762 1580 878 1647 dicitur3
894 1587 923 1635 et
976 1575 1099 1634 Christus
1117 1578 1284 1647 nasciturus;
1302 1578 1365 1651 quia
1386 1578 1413 1636 iu
1437 1577 1504 1635 llore
1528 1585 1653 1649 speratur
1673 1577 1777 1635 tructas

121 1666 186 1738 quia
207 1681 263 1723 non
286 1667 320 1722 ab
344 1667 397 1724 alio
421 1669 511 1742 aliquo
536 1668 606 1727 forte
630 1667 818 1726 excellentiori
837 1683 867 1723 εε
882 1673 922 1737 (ut
974 1680 1165 1736 processurus.
1177 1665 1231 1722 Sed
1247 1666 1399 1737 prodeunte
1415 1665 1575 1737 tractabas
1587 1666 1701 1736 decidit,
1711 1667 1776 1739 quia

120 1754 230 1824 assolet)
253 1754 361 1826 spiritu,
384 1756 433 1814 sed
458 1757 493 1813 ab
507 1757 567 1830 ipso
589 1759 648 1813 Deo
666 1755 736 1814 mitti
750 1755 919 1828 perhibetur.
975 1753 1088 1810 veritate
1105 1761 1253 1827 apparente
1265 1753 1294 1810 in
1304 1770 1397 1820 carne,
1409 1753 1498 1827 ligura
1511 1753 1680 1826 pertransiit.
1695 1755 1776 1812 Unde

122 1844 237 1914 Propter
251 1844 303 1901 hoc
312 1859 379 1918 erga
389 1845 507 1917 positum
517 1853 569 1914 est,
581 1849 678 1917 altam
687 1845 731 1904 vel
743 1845 805 1902 ideo
819 1845 920 1901 dictum
974 1851 1002 1898 et
1011 1843 1145 1899 Nazareth
1156 1843 1377 1916 civitaanlilaeae
1387 1842 1528 1910 dicitur,id
1538 1845 1775 1916 esttransmipra·

122 1937 174 2001 εει,
190 1936 285 2000 alteo,
302 1949 337 1988 ne
351 1934 394 1989 aui
405 1934 596 1992 velbeatorum
608 1935 732 2008 spiritum
748 1951 826 1992 suum
835 1936 920 2002 Deus,
936 1892 959 1969 Β
974 1932 1061 1989 tionis
1073 1933 1155 2004 :quia
1168 1941 1300 1988 nascente
1315 1932 1434 2000 Christo,
1445 1932 1537 1989 omnia
1547 1931 1592 1986 illa
1608 1929 1775 1988 transierunt

121 2025 267 2090 antequam
283 2019 396 2094 Virgini,
417 2021 553 2079 revelasse
569 2029 679 2094 putetur
694 2020 847 2092 consilium,
868 2036 919 2076 cx·
973 2035 1034 2091 quae
1048 2021 1173 2092 superius
1187 2019 1354 2085 enumeravi,
1370 2036 1442 2093 qua,
1455 2027 1487 2078 ut
1509 2020 1547 2075 ait
1560 2019 1718 2092 Apostolus,
1740 2022 1772 2076 in

120 2113 200 2178 cepto
215 2107 346 2162 duntaxat
357 2110 521 2180 archangelo
537 2111 674 2177 Gabriele,
695 2111 740 2184 qui
752 2110 845 2183 utique
861 2115 920 2164 tan-
972 2107 1065 2184 figura
1077 2110 1274 2182 contegebant
1293 2109 1352 2166 iltis
1371 2111 1398 2179 (l
1420 2110 1481 2167 Gor.
1498 2124 1528 2177 x,
1553 2108 1608 2181 ll).
1628 2107 1684 2164 Hos
1707 2124 1775 2180 ergo

121 2203 155 2252 tae
169 2196 241 2252 inter
253 2210 318 2252 suos
329 2195 446 2254 inveniri
460 2199 581 2270 potuerit
596 2199 776 2268 excellentiae,
787 2207 817 2253 ut
831 2197 877 2252 tali
892 2202 919 2253 et
973 2195 1055 2254 flores
1069 2203 1097 2252 et
1111 2213 1162 2254 nos
1175 2198 1221 2271 qui
1235 2199 1291 2270 jam
1306 2198 1425 2256 fructum
1440 2203 1576 2265 tenemus,
1593 2196 1774 2268 pertransisse

120 2283 230 2340 nomine
245 2284 343 2358 diguus
357 2286 515 2354 haberetur,
536 2296 564 2343 et
578 2288 684 2344 nuntio.
704 2289 761 2344 Nec
780 2285 920 2342 discordat
973 2283 1096 2342 videmus
1111 2303 1117 2344 :
1133 2293 1161 2342 et
1175 2287 1238 2344 dum
1252 2286 1342 2344 adhuc
1365 2286 1464 2344 llorere
1494 2285 1668 2353 videbantur,
1685 2293 1774 2344 traus-

119 2387 221 2430 nomen
244 2387 261 2428 a
287 2373 392 2430 nuntio.
422 2374 473 2432 Dei
501 2375 602 2448 quippe
630 2376 758 2433 virtutem
784 2376 919 2434 Christum
973 2371 1036 2428 ituri
1048 2373 1279 2445 praevidebantur.
1294 2375 1372 2434 Unde
1389 2375 1472 2432 David
1485 2392 1491 2430 :
1504 2375 1586 2432 hane
1601 2376 1675 2432 titul
1691 2374 1776 2432 herbo

119 2477 201 2532 quam
218 2460 315 2516 melius
340 2461 464 2518 nuntiare
480 2463 605 2530 decebat,
632 2480 713 2536 quam
728 2463 810 2532 hunc,
836 2480 920 2536 quam
974 2465 1114 2528 transeat,
1126 2479 1210 2519 mooe
1220 2465 1321 2533 floreat
1331 2468 1359 2522 et
1371 2468 1500 2521 transeat
1510 2481 1519 2519 .·
1530 2462 1774 2535 vespereacidat

119 2547 208 2604 simile
223 2564 324 2604 nomen
336 2549 472 2606 honorat?
482 2551 551 2606 Nam
564 2551 629 2623 quid
639 2552 762 2608 estalind
778 2551 918 2624 tortitudo,
973 2549 1126 2607 tndaretet
1136 2550 1649 2622 arescatffsalaxxxrx,6).Vcspere
1659 2548 1772 2616 etenim,

118 2651 201 2708 quam
215 2635 323 2694 virtus?
337 2639 399 2694 Non
412 2645 505 2696 autem
520 2639 658 2704 dedecens
676 2649 722 2698 aut
740 2641 920 2714 incongruum
973 2636 1071 2710 idest,
1096 2638 1205 2710 quarmo
1233 2640 1308 2696 venit
1335 2638 1476 2710 plenitudo
1502 2637 1643 2710 temporis,
1666 2639 1695 2694 iu
1717 2653 1773 2712 qao

118 2724 252 2793 videatur,
282 2725 421 2782 dominum
450 2735 478 2784 et
508 2728 631 2784 nuntium
655 2729 790 2786 communi
814 2729 920 2786 censeri
974 2724 1046 2780 misit
1068 2725 1141 2780 Deus
1165 2725 1340 2800 Unigenitum
1356 2743 1448 2794 suum,
1464 2729 1565 2782 lactum
1590 2741 1624 2782 ex
1647 2725 1772 2795 muliere,

118 2813 269 2882 vocabulo;
284 2813 456 2870 cumsimilis
475 2816 502 2870 in
518 2824 632 2888 utroque
647 2815 849 2888 appellationis,
862 2833 918 2874 non
973 2811 1073 2868 lactum
1088 2813 1138 2867 suh
1153 2812 1215 2885 lege
1230 2815 1338 2884 (Galat.
1361 2830 1401 2882 tv,
1418 2817 1456 2886 l),
1472 2813 1582 2870 diacma
1595 2812 1655 2884 ipso
1675 2830 1683 2870 :
1705 2817 1774 2874 ane

117 2903 154 2958 sit
182 2911 272 2958 aman
300 2903 441 2974 utriusque
470 2904 564 2960 similis
591 2921 683 2962 causa.
704 2908 789 2961 Aliter
818 2907 918 2978 quippe
972 2901 1127 2972 aoaasocio
1137 2905 1233 2960 omnia
1248 2903 1343 2974 (Apoc.
1358 2903 1483 2974 xxr‚5);
1499 2909 1593 2959 vetera
1608 2901 1773 2958 transierunt
1821 2896 1827 2906 “

117 2991 240 3046 Christus
264 2989 392 3050 tortitudo
408 2994 451 3050 vel
466 2993 552 3050 virtus
573 2995 623 3050 Dei
648 2995 757 3063 dicitur,
772 2994 851 3051 aliter
866 3011 918 3051 aa·
973 2994 1001 3044 et
1013 2989 1219 3062 disparuerunt,
1237 2992 1374 3064 quomodo
1389 2991 1417 3048 in
1432 2992 1556 3048 novitate
1575 2990 1773 3048 tumescentis

117 3080 204 3155 gelus.
221 3080 342 3154 Angelus
363 3082 436 3137 enim
456 3089 561 3138 autum
586 3084 777 3156 nuncupative,
794 3083 918 3140 christus
971 3074 1075 3134 tructus
1097 3078 1179 3136 tiores
1205 3079 1337 3137 decidunt
1360 3087 1388 3138 et
1412 3086 1551 3138 arescam.
1578 3077 1656 3136 Unde
1679 3095 1772 3136 rursus

117 3174 209 3224 autem
234 3168 317 3224 etiam
332 3168 500 3227 substantive
515 3171 638 3228 Christus
653 3171 702 3228 Dei
716 3171 801 3228 virtus
814 3171 842 3242 (l
855 3173 917 3232 Cor.
971 3165 1102 3240 scriplum
1115 3173 1158 3224 eti
1169 3185 1176 3226 :
1188 3171 1298 3227 Fidum
1313 3172 1403 3238 attii,
1414 3173 1442 3228 ti
1456 3170 1507 3240 [³0⁸
1521 3168 1641 3238 testata
1656 3168 1773 3226 vntum

118 3271 138 3326 r,
155 3258 200 3326 at)
215 3264 243 3313 et
258 3256 356 3313 dicitur
377 3265 406 3314 et
420 3267 472 3326 est,
489 3275 549 3331 quae
569 3259 631 3316 lorti
646 3269 761 3328 armato,
777 3260 825 3334 qui
839 3276 918 3316 suum
933 3236 955 3313 c
972 3260 1068 3314 aotam
1077 3243 1191 3314 Domini
1199 3263 1297 3315 maaet
1308 3259 1341 3315 in
1351 3263 1502 3317 eranam.
1513 3256 1614 3323 Gredo,
1624 3271 1680 3313 non
1690 3256 1772 3312 ambi·

118 3346 217 3402 atrium
235 3345 263 3401 in
286 3361 354 3418 pace
376 3346 513 3404 custodire
537 3346 770 3416 solebat-fortior
787 3363 918 3419 superve-
971 3343 1014 3420 gis
1031 3345 1097 3417 quin
1119 3345 1234 3402 verbum
1257 3346 1362 3404 tructus
1376 3347 1410 3402 sit
1423 3362 1432 3416 ;
1447 3345 1568 3403 Verbum
1583 3351 1674 3403 autem
1690 3343 1769 3401 Chri·

117 3433 207 3502 aiens,
223 3435 312 3507 ipsum
326 3451 375 3492 suo
396 3437 512 3492 brachio
526 3436 691 3504 debellavit;
708 3435 790 3492 etsie
813 3435 838 3492 ei
854 3451 918 3492 vasa
972 3440 1030 3490 stus
1044 3439 1095 3491 est.

118 3521 418 3594 captiuitatispotcnter
433 3523 541 3597 eripuit.
557 3524 679 3599 Angelus
699 3540 765 3583 vero
788 3523 917 3581 fortitudo
1009 3524 1034 3578 ι.
1050 3523 1139 3580 Bonus
1161 3522 1254 3597 itaque
1275 3523 1380 3580 fructus
1403 3522 1537 3590 Christus,
1561 3522 1609 3596 qui
1626 3527 1720 3580 manet
1741 3521 1770 3578 ia

118 3608 170 3666 liei
196 3608 348 3682 appellatus
371 3619 423 3678 est,
449 3611 492 3668 vel
514 3612 588 3683 quod
612 3610 768 3682 hujusmodi
787 3609 918 3666 meruerit
971 3619 1114 3669 aeternum.
1125 3612 1181 3669 Sed
1196 3611 1242 3670 uhi
1257 3612 1485 3685 esttecumqucd
1498 3611 1591 3668 aruit?
1604 3611 1651 3668 ubi
1664 3621 1707 3668 est
1720 3611 1772 3670 flos

117 3698 328 3773 prerogativam
342 3696 437 3768 officii,
451 3714 505 3772 quo
521 3699 645 3764 ciusdem
659 3698 798 3756 nuuharet
811 3699 915 3757 adveu-
971 3699 1017 3772 qui
1037 3700 1158 3756 decidit?
1172 3701 1309 3773 Propheta
1332 3702 1508 3773 respondeat.
1526 3701 1623 3760 Omnis
1644 3717 1711 3760 coro
1726 3703 1743 3774 s
1757 3728 1770 3744 ·

117 3794 175 3843 tum
195 3787 324 3845 virtutis:
343 3787 389 3844 vel
413 3788 476 3861 quia
500 3789 634 3862 virginem
658 3797 754 3845 natura
778 3787 914 3860 pavidam,
971 3791 1392 3864 aam;etomnisplortaej1as,
1409 3795 1546 3864 tanquam
1560 3792 1612 3860 aas
1626 3791 1688 3863 feni
1700 3790 1769 3861 (lea.

118 3876 278 3948 simplicem,
303 3878 494 3942 verecundam,
521 3880 556 3933 de
585 3877 706 3935 miraculi
730 3878 851 3934 renate
882 3892 918 3934 ne
970 3889 1018 3945 xa,
1035 3875 1422 3950 alamannicarum,
1439 3893 1506 3952 ergo
1525 3879 1641 3936 carnalis
1660 3878 1705 3936 ille
1720 3895 1769 3951 po-

118 3971 324 4036 expavesceret,
340 3965 496 4022 contortare
524 3965 638 4022 deberet
659 3984 666 4020 :
687 3965 760 4040 quad
784 3971 812 4022 ει
840 3964 916 4032 lecit,
970 3964 1050 4037 pulos
1064 3965 1220 4023 Judaeorum
1238 3973 1268 4023 ut
1282 3965 1375 4023 lenum
1390 3966 1460 4021 aruit
1475 3968 1569 4036 (atius,
1581 3966 1654 4036 fuit).
1670 3969 1769 4024 Annon

116 4055 155 4112 lie
170 4055 283 4124 timeas,
295 4053 432 4126 inquiens,
445 4055 542 4123 daria,
554 4055 692 4112 invenisti
702 4055 828 4127 qratiam
842 4055 918 4128 apud
970 4052 1064 4110 lenum
1088 4053 1167 4121 aruit,
1185 4054 1250 4110 dum
1274 4054 1348 4110 idem
1372 4053 1489 4127 populus
1512 4055 1547 4110 ab
1561 4055 1636 4112 omni
1658 4055 1769 4127 spiritus

116 4146 216 4201 Doara.
232 4142 288 4198 Sed
303 4148 331 4199 et
345 4141 430 4214 ipsius
444 4157 584 4213 sponsum,
599 4143 737 4200 homiaem
757 4144 852 4214 utique
871 4142 916 4199 ni-
970 4142 1136 4218 pinguedine
1159 4159 1275 4216 vacuus,
1294 4143 1373 4200 siocae
1396 4143 1495 4200 littere
1513 4142 1651 4202 athenia
1673 4145 1770 4202 dauon

117 4230 262 4288 hilominus
284 4231 412 4287 humilem
433 4247 465 4287 ac
485 4231 650 4301 timoratum,
667 4247 722 4288 uon
742 4231 915 4289 irrationabi·
971 4231 1050 4288 etiam
1066 4232 1116 4290 ilos
1131 4231 1239 4300 decidit,
1253 4233 1362 4304 quando
1375 4229 1514 4305 gloriatio,
1530 4247 1612 4304 quam
1627 4232 1766 4290 habebant

118 4320 180 4375 liter
193 4319 306 4378 forsitan
322 4320 395 4376 idem
404 4320 520 4396 angelus
533 4318 703 4378 confortasse
721 4318 804 4377 184
824 4320 915 4377 credi·
969 4319 998 4375 in
1011 4321 1084 4393 lege,
1099 4335 1153 4378 non
1168 4319 1322 4378 remansit?
1337 4320 1367 4377 Si
1379 4321 1430 4376 llos
1443 4336 1500 4377 aaa
1514 4321 1626 4391 decidit,
1639 4321 1687 4379 uhi
1702 4337 1769 4394 ergo

119 4416 172 4475 tur,
188 4425 342 4482 quanquam
356 4417 420 4466 tuac
438 4409 472 4464 ab
488 4409 655 4482 evangelista
678 4425 732 4466 uon
749 4411 914 4467 nominetur.
971 4426 1095 4483 regnum,
1120 4409 1165 4466 uhi
1188 4408 1382 4476 sacerdotium,
1403 4411 1449 4465 ubi
1464 4411 1618 4488 prophetae,
1634 4409 1680 4466 nbi
1702 4417 1769 4468 tem·

119 4497 230 4569 loseph,
240 4497 337 4569 inquit,
345 4498 493 4567 fitiltaotd,
505 4513 541 4554 aa
551 4498 653 4555 timeas
662 4500 788 4570 accipere
797 4498 916 4555 damam
970 4499 1055 4571 plum,
1072 4498 1119 4556 ubi
1133 4498 1252 4571 denique
1266 4498 1401 4570 magnalia
1415 4497 1470 4566 illa,
1485 4499 1521 4555 de
1540 4499 1640 4572 quibus
1658 4497 1769 4571 gloriari

121 4587 267 4658 conjugem
283 4586 590 4656 aecumenicae.)
606 4586 810 4644 Conuenienter
823 4586 915 4660 itaque
931 4585 954 4661 ss
970 4588 1103 4654 solebant,
1110 4593 1138 4644 st
1147 4585 1377 4657 mammotrectis
1387 4588 1547 4646 audivimas
1554 4592 1583 4647 et
1591 4588 1770 4660 coemamus

120 4673 231 4730 Gabriel
244 4675 280 4730 ad
295 4675 427 4747 hocopus
447 4674 557 4750 cligitur
574 4695 580 4732 :
598 4674 652 4731 imo
666 4675 729 4748 quia
744 4676 797 4733 tale
810 4677 850 4732 illi
864 4693 913 4734 ne·
971 4695 1014 4746 ea,
1026 4683 1056 4736 et
1062 4682 1162 4751 patrea
1176 4677 1267 4734 nostri
1277 4681 1471 4734 sanaverant
1485 4677 1563 4735 nohis
1575 4675 1589 4731 ?
1603 4684 1632 4732 ει
1645 4675 1745 4732 iterum
1760 4693 1767 4730 :

119 4763 223 4835 gotium
238 4761 399 4837 iujungitun
415 4769 489 4820 recte
503 4764 549 4820 tali
563 4764 673 4820 nondne
691 4765 860 4840 designatur.
974 4768 1087 4837 Quanta
1099 4765 1247 4822 mandauit
1261 4765 1392 4836 patritus
1413 4768 1517 4824 nostris
1538 4769 1608 4823 noto
1621 4767 1717 4837 socero
1735 4782 1770 4824 ec

155 4853 181 4908 3.
197 4850 296 4906 ldissus
319 4857 362 4906 est
378 4866 445 4922 ergo
459 4853 573 4924 angelus
587 4853 697 4909 Gabriel
711 4869 727 4909 a
740 4854 809 4912 Deo.
833 4855 916 4924 Quo?
969 4857 1037 4926 filiis
1051 4855 1110 4912 sais
1124 4854 1212 4926 (Psal.
1226 4867 1332 4924 annin,
1344 4855 1381 4922 3.)
1390 4852 1426 4908 lit
1436 4854 1496 4911 haee
1508 4854 1582 4910 diota
1596 4861 1660 4910 sunt
1674 4867 1724 4925 pro
1735 4869 1768 4910 eo

119 4942 303 4998 invisitatam
315 4938 605 5008 Gatiloeoe‚caiaomen
615 4943 915 5001 Nazaretb.Videamus
970 4943 1042 5016 quod
1057 4943 1174 5015 positum
1186 4951 1228 4998 est
1244 4957 1250 4996 :
1269 4943 1304 4997 ln
1319 4943 1460 5000 Nazareth
1468 4945 1615 5002 ciuitatem
1632 4943 1767 5002 Galilaea.

118 5029 150 5096 si,
167 5039 197 5085 ut
210 5028 248 5084 ait
260 5026 422 5093 Nathauael‚
438 5044 456 5083 a
469 5029 613 5086 Nazareth
622 5036 714 5103 potest
728 5033 837 5106 aliquid
852 5033 917 5091 boui
1006 5035 1032 5089 ὅ.
1049 5032 1080 5087 ln
1094 5029 1168 5087 illam
1182 5044 1248 5102 ergo
1262 5030 1397 5088 cidtatcm
1413 5031 1511 5088 missus
1526 5039 1568 5090 est
1581 5030 1697 5104 angelus
1711 5030 1767 5086 Ga·

120 5133 177 5174 erre
188 5119 282 5188 (toan.
293 5129 314 5183 ι,
327 5115 382 5188 ld).
393 5115 526 5174 Nazareth
536 5117 730 5190 interpretatur
743 5122 804 5189 llos.
816 5120 916 5178 Viden·
969 5120 1038 5177 briei
1052 5121 1150 5178 allec.
1170 5121 1213 5176 hd
1227 5117 1332 5192 quemi
1346 5120 1386 5177 Ad
1408 5121 1548 5192 Virptaem
1565 5122 1767 5194 desponsatam

120 5213 261 5262 turautam
269 5204 334 5261 mibi
349 5204 487 5277 quoddam
503 5221 598 5262 semen
611 5205 695 5264 luisse
709 5207 809 5266 divinae
823 5211 916 5284 cogni·
969 5212 1038 5277 aira,
1060 5211 1107 5266 cat
1124 5227 1228 5269 amaea
1249 5213 1312 5266 arat
1334 5211 1444 5282 ioseph.
1465 5209 1531 5279 Quae
1546 5216 1587 5267 est
1612 5209 1670 5265 hac
1686 5206 1766 5279 Virgo

120 5293 211 5360 tionis,
227 5303 357 5366 tanquam
373 5309 389 5351 e
408 5294 478 5352 coelo
498 5296 630 5364 iactatum
649 5295 678 5352 in
700 5305 800 5368 terras,
815 5298 917 5357 alnou·
969 5307 1025 5354 tam
1044 5297 1221 5366 venerabilis,
1235 5305 1265 5355 ut
1282 5297 1415 5354 salutetur
1429 5297 1463 5352 ab
1479 5297 1594 5370 angelo;
1612 5304 1667 5352 um
1681 5295 1766 5352 hunu-

121 5382 209 5438 tiones
229 5390 256 5439 et
280 5383 474 5456 promissiones
508 5383 588 5440 factae
620 5385 729 5442 caelitus
753 5386 788 5442 sd
811 5393 914 5460 patres,
969 5385 1013 5454 lis,
1028 5393 1057 5442 ut
1071 5387 1237 5458 desponsata
1251 5387 1286 5444 sit
1300 5386 1405 5444 labro?
1420 5385 1534 5442 Pulchra
1550 5384 1691 5458 permistio
1705 5385 1765 5442 vir·
1821 5443 1828 5453 ,

119 5472 258 5528 Abraham
272 5471 386 5538 scilieet,
401 5474 476 5528 isaac
499 5480 528 5529 et
552 5472 655 5541 Jaaoh;
680 5475 714 5529 de
738 5489 792 5546 quo
811 5477 916 5534 semine
948 5523 950 5528 .
970 5475 1091 5548 ginitatis
1104 5483 1133 5532 ct
1148 5475 1305 5532 humilitatis
1322 5491 1328 5530 ε
1344 5491 1397 5532 nec
1411 5472 1586 5532 mediocriter
1600 5476 1691 5548 placet
1707 5474 1766 5532 Dae

120 5560 248 5630 scriptum
259 5562 383 5618 estzlltet
392 5562 659 5621 DominasSataotb
668 5563 827 5636 reliquisset
837 5568 915 5625 nobis
969 5564 1015 5621 illa
1036 5564 1137 5632 anima,
1152 5567 1179 5620 in
1194 5582 1247 5638 qua
1262 5571 1290 5620 et
1304 5563 1443 5620 hundlitas
1465 5565 1637 5622 commendat
1651 5562 1766 5636 virgini·

119 5664 224 5716 aeman,
236 5652 308 5709 aaut
319 5651 436 5712 Sodoaaa
449 5653 656 5722 scamma-snt
666 5653 749 5725 quasi
763 5655 916 5715 Gomorrha
971 5661 1063 5722 tatem,
1099 5663 1127 5713 et
1160 5653 1300 5729 virginitas
1342 5661 1457 5711 esomat
1489 5653 1676 5712 humilitatem.
1709 5652 1765 5710 Sed
