4150 6348
173 409 227 472 485
583 409 618 470 ΙΝ
637 407 799 471 chunstatt
818 409 845 468 S.
866 405 1047 470 hinnulum
1066 405 1214 468 uciscopl
1229 405 1336 468 SllllllO
1358 408 1393 469 ll.
1767 413 1822 474 486

172 535 430 609 malisopponeret;
446 534 561 592 animam
574 549 652 592 suam
667 535 694 592 in
708 535 834 593 manibus
849 535 907 594 auis
920 552 968 608 po-
984 551 1008 631 q
1025 532 1064 606 l).
1095 531 1205 605 Triplex
1237 531 1351 604 proinde
1382 533 1576 606 congratulatio
1608 543 1649 594 est
1683 536 1818 606 hominis,

172 641 248 694 nens,
261 625 376 682 accessit
390 627 548 697 intrepidus,
564 625 966 698 suscepitarchiepiscopatum,
1024 625 1057 678 ab
1085 621 1159 678 omni
1186 627 1315 693 peccato,
1349 628 1376 678 et
1403 621 1512 690 labore,
1543 635 1570 682 et
1594 624 1713 699 periculo
1749 627 1820 684 libe-

172 717 284 772 tradens
297 731 359 772 sese
383 714 534 772 discrimini
552 715 703 784 manifesto,
723 725 753 771 ut
775 723 848 771 tauto
867 713 971 772 crimini
1024 711 1084 769 rati.
1099 713 1138 768 Ex
1153 712 1205 768 hoe
1223 710 1359 784 siquidem
1384 727 1433 768 nec
1453 721 1589 784 peccalum
1612 715 1640 771 in
1654 732 1687 773 eo
1701 717 1820 773 habitare

172 803 255 862 finem
283 805 371 863 deret.
395 805 468 862 luter
490 804 608 877 pericula
630 804 700 860 rexit
723 803 884 876 Ecclesiam3
908 809 970 876 post
1024 800 1134 870 dicitur,
1150 815 1200 858 nec
1213 798 1381 871 poenitentiae
1396 799 1486 857 luctus
1499 801 1638 872 indicitur,
1654 820 1704 862 nec
1716 807 1750 862 ab
1765 806 1819 863 ullo

172 893 293 965 pericula
306 893 355 949 sibl
370 893 498 949 continuo
513 908 699 950 successorem
714 893 826 950 alterum
841 891 970 948 canonice
1024 889 1152 963 deinceps
1165 889 1243 962 lapsu
1256 889 1282 946 ri
1300 888 1455 960 praedioitur
1478 906 1538 947 esse
1551 891 1709 950 carendum.
1727 895 1822 951 Posuit

172 982 319 1039 ordinarit.
341 981 380 1037 Ea
399 981 532 1054 siquidem
562 981 716 1039 conditione
748 988 914 1054 susceperat,
942 988 970 1036 ut
1022 977 1239 1050 Eliaspallium;
1266 992 1319 1032 nou
1334 976 1461 1050 estquod
1487 977 1588 1046 timeat,
1614 995 1667 1035 non
1692 982 1820 1052 estquod

172 1078 330 1143 postquam,
343 1074 467 1125 cessante
482 1068 679 1140 persecutionis
694 1070 778 1136 rabie,
794 1069 862 1126 alter
876 1084 970 1126 secure
1022 1066 1107 1138 tangi,
1130 1068 1230 1124 nedum
1255 1065 1340 1124 teneri
1357 1067 1391 1122 ab
1405 1067 1526 1125 adultera
1546 1076 1681 1125 vereatur.
1705 1069 1820 1129 Currum

171 1167 266 1230 posset
278 1158 394 1226 institui,
410 1157 552 1214 adsedem
567 1159 702 1230 propriam
722 1174 844 1216 remeare
860 1158 970 1230 permit·
1023 1156 1200 1230 conscendit3
1213 1171 1266 1214 uon
1285 1164 1326 1212 est
1338 1157 1395 1226 jam
1415 1155 1550 1228 trepidare
1570 1173 1603 1213 ne
1617 1157 1696 1214 cadat
1709 1175 1718 1213 ε
1732 1159 1821 1217 suavi·

173 1253 274 1302 teretur
290 1261 296 1301 :
313 1247 359 1304 ubi
374 1245 432 1304 sine
446 1246 639 1304 ecclesiasticis
651 1248 862 1307 saecularibusve
876 1247 969 1306 reddi·
1023 1250 1064 1301 ter
1079 1245 1200 1314 scandit3
1216 1261 1271 1301 non
1286 1245 1411 1302 laborans
1427 1247 1516 1303 volatu
1538 1246 1659 1318 proprio,
1677 1245 1725 1304 sed
1740 1248 1821 1304 celeri

171 1334 245 1391 tibus
260 1336 288 1390 in
301 1337 556 1410 congregationibus
578 1338 724 1411 religiosis,
746 1353 813 1411 quas
836 1336 896 1411 ipse
918 1353 968 1394 ex·
1024 1335 1051 1390 ln
1074 1333 1198 1392 vehiculo
1212 1336 1318 1392 sedens.
1343 1334 1385 1390 Ad
1408 1335 1461 1392 hoo
1481 1350 1532 1392 nos
1556 1335 1735 1410 refrigerium,
1752 1337 1821 1394 dile-

172 1432 318 1493 struxerat,
339 1427 445 1500 degens
467 1427 605 1483 intereos
629 1435 755 1500 tanquam
769 1443 840 1484 unus
864 1443 967 1494 eorum,
1024 1423 1157 1491 ctissimi,
1178 1431 1234 1480 tota
1256 1422 1337 1480 animi
1358 1424 1484 1483 ariditate
1511 1440 1652 1482 curramus
1680 1425 1708 1482 in
1735 1428 1819 1483 odore

171 1511 306 1584 usquead
321 1513 374 1570 hoc
388 1520 496 1585 tempus
516 1513 582 1570 vixit
600 1515 700 1588 absque
718 1517 771 1572 ulla
794 1515 967 1586 proprietate.
1022 1519 1224 1586 unguentorum
1238 1513 1319 1583 huius
1334 1512 1406 1569 beati
1420 1512 1505 1585 patris
1519 1513 1616 1581 nostri,
1635 1515 1681 1586 qui
1695 1523 1818 1572 nostrum

172 1601 219 1658 Sic
233 1602 282 1658 Dei
296 1601 432 1657 hominem
453 1602 628 1672 examinarit,
643 1618 698 1660 non
718 1603 865 1661 exinanivit
879 1603 968 1660 trihu·
1023 1601 1105 1658 hodie
1119 1608 1256 1672 torporem
1275 1600 1302 1656 in
1325 1597 1551 1660 ferventissimum
1565 1603 1732 1664 desiderium
1746 1605 1819 1664 visus

172 1687 282 1746 lationis
296 1689 450 1747 incendium
477 1706 483 1748 :
500 1692 632 1763 siqnidem
655 1708 751 1750 aurum
766 1702 843 1761 erat3
867 1693 905 1750 sic
919 1709 968 1749 nec
1023 1697 1066 1746 est
1079 1687 1219 1748 excitasse.
1230 1690 1388 1756 curramus,
1404 1690 1525 1763 inquam,
1541 1698 1602 1763 post
1616 1709 1686 1760 eum,
1696 1694 1818 1750 crebrius

172 1777 301 1836 illecebra
314 1779 399 1836 tenuit
413 1788 459 1836 aut
473 1781 603 1854 resolvit3
623 1797 674 1838 nec
695 1783 819 1842 curiosus
833 1788 968 1854 spectator
1021 1778 1060 1834 illi
1078 1777 1244 1835 clamantes:
1261 1779 1347 1834 Trahe
1362 1793 1412 1835 nos
1435 1787 1560 1850 postte:
1577 1781 1712 1840 ctallectu
1728 1784 1818 1840 cordis

170 1867 200 1924 in
214 1869 257 1926 via
271 1868 398 1938 substitit,
414 1870 531 1942 propriae
545 1871 772 1945 peregrinationis
784 1872 894 1930 oblitus.
984 1839 1006 1916 Β
1021 1873 1048 1924 et
1061 1867 1183 1939 proiectu
1198 1866 1411 1924 conversationis
1425 1869 1534 1926 devotos
1547 1870 1725 1942 omnipotenti
1738 1873 1820 1928 mise-

205 1957 235 2010 'h
259 1954 328 2025 Quis
350 1965 480 2028 vestrum,
505 1960 612 2034 iratres,
635 1975 691 2016 non
713 1962 887 2018 vehementer
909 1961 967 2031 ejus
1021 1955 1142 2013 ricordiae
1157 1957 1259 2030 gratias
1281 1956 1438 2026 relerentes,
1465 1958 1539 2030 quod
1562 1957 1682 2031 indignis
1707 1960 1820 2018 servulis

170 2043 271 2102 imitari
284 2046 374 2118 eupiat
387 2048 565 2119 sanctitatem,
586 2048 609 2106 si
623 2052 650 2106 id
668 2051 765 2107 audeat
779 2051 821 2108 vel
834 2051 966 2124 sperare?
1018 2043 1085 2114 auis,
1108 2044 1210 2116 quibus
1232 2045 1341 2117 propria
1364 2045 1463 2101 desunt
1483 2045 1589 2114 merim,
1611 2047 1698 2105 aliena
1724 2049 1818 2107 sallem

170 2134 259 2191 Credo
273 2135 354 2210 igitur
368 2137 495 2194 libentius
508 2139 662 2208 audituros,
682 2139 705 2195 si
719 2140 810 2197 dicere
828 2138 899 2196 sorte
912 2155 967 2212 po·
1020 2133 1104 2192 uoluit
1116 2133 1245 2206 sutfragia
1259 2148 1314 2191 non
1329 2135 1434 2192 deesse.

169 2223 295 2290 terimus,
310 2225 374 2295 quid
402 2236 526 2283 sanctum
546 2227 641 2285 iecerit
660 2227 829 2286 Malachiam.
856 2229 909 2284 Sed
933 2244 967 2284 ne
1329 2222 1448 2280 SEllMO
1471 2224 1506 2282 ll.

169 2321 292 2368 nostrum
321 2313 433 2370 forsitan
469 2315 556 2371 minus
584 2316 750 2388 acceptabile
784 2316 966 2374 testimonium
1058 2311 1199 2384 l.Liquet,
1216 2309 1392 2378 dilectissimi,
1409 2311 1483 2384 quod
1497 2312 1562 2368 dum
1587 2328 1702 2386 corpore
1716 2315 1818 2374 retine·

168 2402 303 2471 videatur,
322 2402 489 2475 Scriptorum
512 2405 604 2461 audite
626 2405 781 2462 dicentem:
807 2407 840 2462 ln
862 2405 917 2475 fide
939 2407 967 2459 et
1020 2416 1090 2470 mur,
1116 2401 1319 2473 peregrinamur
1343 2419 1358 2457 a
1380 2403 1496 2459 Donduo
1518 2404 1560 2474 (11
1583 2407 1643 2464 Cor.
1663 2422 1693 2476 v,
1716 2409 1763 2479 dl:
1788 2423 1819 2464 ac

170 2489 291 2547 lenitate
305 2492 397 2564 ipsius
412 2496 545 2550 sanctam
559 2494 722 2565 sccitillam
736 2493 833 2567 (dccli.
845 2507 910 2563 xta,
926 2493 966 2563 l.)
1020 2503 1067 2558 per
1082 2489 1134 2544 hoc
1148 2488 1250 2544 luctum
1263 2489 1362 2562 magis,
1377 2506 1461 2562 quam
1476 2493 1617 2567 gaudium,
1633 2494 1817 2551 miserandum

167 2577 236 2634 Fide
253 2579 372 2636 calcabat
395 2583 536 2647 mundum,
556 2583 660 2638 loanne
678 2587 832 2652 attestante,
842 2581 890 2653 qui
911 2581 963 2640 ait:
1020 2575 1098 2632 nobis
1108 2575 1202 2632 indicit
1212 2577 1337 2634 exsilium
1352 2585 1379 2634 et
1394 2580 1557 2636 conscientia
1569 2582 1739 2639 delictorum.
1750 2585 1818 2656 Quia

168 2669 235 2723 Maec
250 2669 439 2737 salutatoria,
452 2687 515 2742 qam
528 2671 619 2726 vincar
631 2671 852 2740 mandamaes
866 2675 967 2728 nostra
1021 2672 1108 2721 tamen
1120 2664 1268 2736 apostolico
1278 2681 1326 2722 ore
1337 2667 1457 2740 gaudere
1471 2671 1820 2742 cumgaudentibusadmo-

170 2755 197 2816 (l
204 2758 290 2812 lona.
305 2774 334 2824 u,
350 2757 386 2829 l).
400 2759 468 2814 Nam
482 2757 510 2814 in
525 2758 621 2830 spiritu
634 2761 751 2816 lenitatis
761 2761 828 2816 dura
838 2759 967 2832 quaelibet
1019 2753 1269 2826 nemurlllommu,
1284 2752 1337 2826 lb),
1350 2754 1376 2809 in
1388 2771 1498 2814 omnem
1509 2773 1558 2814 nos
1565 2759 1688 2817 suscitari
1698 2761 1818 2819 letitiam

166 2851 195 2900 et
209 2848 324 2902 adversa
338 2862 416 2918 mque
431 2848 521 2905 animo
542 2849 683 2906 tolerabas,
698 2849 768 2905 Hine
782 2849 890 2922 quidem
906 2857 967 2921 post
1019 2849 1126 2912 tempus
1136 2852 1164 2900 et
1178 2857 1260 2898 causa
1268 2842 1393 2914 requirit.
1404 2843 1472 2901 Nam
1480 2846 1503 2900 si
1513 2863 1585 2914 vere,
1597 2851 1671 2921 quod
1685 2849 1818 2921 Propheta

168 2933 306 2990 Christum
319 2935 373 2992 fide
386 2937 505 2994 calcabat
528 2940 620 3004 maria,
648 2954 682 2995 ne
705 2947 847 3012 caperetur
870 2939 965 2995 illece-
1020 2931 1114 2998 sensit,
1129 2927 1265 2987 erisultent
1275 2931 1342 3000 iusti
1357 2931 1385 2986 in
1400 2941 1546 3004 conspectu
1561 2937 1608 2992 liei
1627 2937 1714 3008 (Paul.
1729 2954 1816 3010 nxvrr,

169 3023 228 3079 bris
253 3041 260 3078 :
289 3022 354 3080 inde
381 3025 409 3081 ia
438 3026 565 3097 parientia
588 3043 638 3084 sua
665 3028 822 3099 possidebas
849 3028 965 3084 animam
1021 3021 1059 3092 l),
1075 3019 1190 3075 exsultat
1203 3020 1263 3076 sine
1275 3018 1359 3075 dubio
1374 3021 1530 3095 Malachias,
1548 3025 1593 3096 qui
1606 3025 1635 3081 in
1650 3026 1745 3084 diebus
1760 3029 1816 3084 auis

167 3127 257 3184 snam,
273 3127 307 3169 ae
319 3114 454 3170 molestiis
468 3115 647 3190 frangeretur.
662 3119 701 3173 De
716 3118 759 3176 his
773 3119 845 3174 enim
860 3118 1003 3195 duobusc
1020 3108 1119 3181 Plflssu'ss
1141 3108 1210 3175 1³⁰⁰,
1235 3115 1262 3163 θῑ
1284 3109 1410 3166 iuvemus
1431 3122 1473 3169 0⁸¹
1492 3113 1592 3183 iustus·
1620 3115 1650 3170 11¹
1674 3117 1816 3175 lstssclilssle

168 3201 255 3257 hahes
268 3201 294 3258 in
308 3204 424 3275 psalmo,
440 3219 552 3260 casuros
571 3221 587 3260 a
602 3206 684 3262 latere
700 3213 746 3264 tuo
766 3206 848 3274 mille,
868 3217 895 3264 et
913 3207 964 3264 de—
1018 3208 1044 3255 02
1057 3199 1161 3268 iustitia
1183 3213 1275 3255 mmm
1296 3199 1357 3272 59⁸0
1371 3200 1533 3260 fflisslslffli'st
1549 3219 1556 3258 ²
1574 3205 1674 3274 Plsssslfll
1692 3207 1814 3264 ministe-

168 3305 229 3346 cem
243 3289 327 3346 millia
344 3293 475 3349 adertris
489 3295 543 3349 tuis
556 3293 648 3366 (Psal,
663 3311 709 3368 xc,
724 3297 753 3367 7)
769 3314 776 3352 ;
792 3297 866 3371 quod
879 3298 964 3353 multa
1017 3289 1098 3354 rium,
1113 3288 1213 3360 placuit
1241 3298 1267 3344 et
1290 3288 1421 3346 minister.
1435 3290 1536 3358 Quidni
1552 3293 1711 3364 placuerit?
1726 3297 1816 3353 Posuit

168 3379 262 3450 plures
302 3382 489 3453 prosperitatis
523 3383 649 3455 fallacia,
684 3401 765 3458 qaam
796 3385 964 3444 adversitatis
1018 3377 1077 3434 sine
1088 3389 1196 3448 sumptu
1207 3377 1394 3451 Evangelium
1405 3377 1521 3451 replevit
1530 3380 1679 3454 Evangelio
1690 3385 1814 3455 patriam,

168 3465 275 3541 flagella
289 3470 425 3541 dejiciant.
441 3471 529 3528 Nemo
543 3471 632 3544 itaque
651 3479 782 3540 nostrum,
801 3471 963 3542 charissimi,
1017 3482 1127 3523 suorum
1143 3466 1260 3522 maxime
1283 3465 1396 3524 feralem
1413 3469 1531 3526 edomuit
1551 3469 1700 3527 barbariem
1716 3473 1814 3530 Hiber-

168 3558 249 3629 plana
264 3556 395 3614 mollioris
404 3558 456 3616 riae
473 3558 567 3633 [aliua
583 3559 673 3633 undae]
688 3559 830 3631 superficie
845 3561 964 3617 delecta-
1018 3569 1130 3625 norum;
1147 3552 1200 3610 leui
1212 3554 1282 3627 jugo
1296 3554 1396 3610 Christi
1417 3555 1443 3610 in
1467 3555 1558 3629 qladio
1581 3557 1693 3630 spiritus
1707 3568 1814 3617 exteras

167 3654 223 3716 aaa,
240 3648 290 3704 iter
303 3649 369 3704 illud
386 3649 521 3706 marinum
538 3648 632 3723 [amq
646 3650 807 3720 maximum]
823 3650 874 3706 sibi
890 3665 964 3707 com.
1019 3641 1139 3700 subdidit
1153 3644 1285 3712 nationes,
1301 3660 1389 3717 usque
1404 3646 1439 3701 ad
1451 3652 1658 3704 extrematerrae
1668 3649 1815 3706 restituens

166 3735 274 3792 modius
296 3736 449 3794 arbitretur.
465 3740 578 3812 Magnos
596 3738 641 3796 hic
664 3754 776 3809 campus
795 3747 900 3796 montes
915 3740 961 3794 ha·
1018 3733 1202 3790 hereditatem
1221 3749 1299 3790 suam
1314 3733 1402 3793 illi.0
1425 3735 1603 3794 ministerium
1627 3733 1812 3796 lru'ctuosuml

167 3823 225 3891 bet,
242 3822 392 3880 invisibiles
406 3826 526 3898 quidem,
542 3828 592 3884 aed
606 3842 639 3884 eo
660 3827 719 3898 ipso
743 3827 963 3900 periculosiores.
1018 3822 1202 3878 oministrum
1216 3821 1341 3878 fidelem!
1358 3823 1484 3896 Nunquid
1500 3839 1554 3882 non
1574 3841 1624 3898 per
1642 3827 1733 3901 ipsum
1747 3829 1815 3886 Filio
1856 3837 1862 3844 ·

167 3911 339 3970 laboriosior
361 3913 432 3971 lorte
450 3913 495 3971 via
516 3915 623 3973 videtur
645 3917 715 3974 inter
737 3917 821 3973 ardua
840 3917 961 3988 collium,
1017 3921 1058 3968 est
1068 3920 1180 3983 paterna
1191 3912 1335 3982 adimpleta
1347 3912 1516 3985 promissio?
1532 3915 1660 3989 Nunquid
1673 3932 1727 3974 non
1742 3918 1815 3976 hune

167 4011 193 4058 et
211 4017 306 4073 aspera
326 4004 432 4074 rupium
440 4021 456 4089 ;Ι
473 4005 522 4062 sed
547 4006 664 4078 expertis
683 4006 765 4082 longe
793 4008 916 4065 securior
937 4017 965 4064 et
1017 4001 1080 4056 olim
1101 4002 1256 4058 intuebatur
1280 4002 1369 4076 Pater,
1385 4017 1444 4058 cum
1467 4002 1500 4058 ad
1523 4002 1619 4060 Filium
1635 4005 1812 4079 loqueretur:

165 4089 372 4149 desiderabilior
390 4092 535 4151 invenitur.
552 4095 701 4169 Utrobique
720 4105 810 4152 tamen
830 4096 960 4166 lahorem,
1016 4091 1089 4149 Dabo
1101 4091 1253 4164 tiliacum
1264 4092 1563 4160 doerddilalemtaam.
1574 4098 1602 4149 et
1611 4098 1814 4167 possessionem

166 4181 313 4253 utrobique
328 4181 480 4253 perieulum
494 4199 554 4240 esse
567 4193 690 4260 noverat,
704 4185 751 4260 qui
765 4186 870 4244 dicebat
886 4205 893 4242 :
909 4189 963 4245 Per
1018 4185 1100 4238 tuam
1124 4183 1261 4240 lemniacos
1275 4180 1385 4239 werce?
1399 4181 1488 4253 (Paul.
1514 4197 1545 4252 rr,
1566 4183 1606 4256 8.)
1620 4183 1706 4254 Quam
1726 4185 1815 4244 libens

166 4273 386 4342 majoatllt'oe
400 4288 418 4328 a
431 4272 552 4342 declam
570 4277 599 4330 cl
612 4292 630 4332 o
645 4275 771 4333 sinistris
787 4277 826 4347 (ll
840 4277 901 4334 Cor.
920 4290 959 4347 vr,
1016 4268 1138 4327 Salvator
1161 4270 1310 4343 recipiebat
1332 4271 1405 4344 quod
1431 4279 1541 4344 emerat,
1557 4281 1585 4330 et
1607 4281 1709 4330 emerat
1728 4275 1814 4345 pretio

165 4359 194 4431 7)
209 4375 216 4414 :
233 4369 264 4415 ut
281 4361 377 4418 merito
391 4365 608 4435 congratulemur
626 4365 666 4422 eis
680 4365 727 4438 qui
738 4367 899 4423 transierunt
912 4383 961 4440 per
977 4402 1000 4481 n
1016 4358 1155 4434 saligninis
1178 4360 1230 4427 sul·
1256 4359 1404 4433 ign⁰mifli8
1417 4363 1515 4428 efficis,
1535 4363 1811 4436 h0fr0rflp³³85011isl

164 4448 260 4520 ignem
275 4451 679 4524 etaquam,etinrelrigerium
693 4453 961 4512 sunteducti.Rclri-
1016 4449 1103 4518 Quam
1127 4449 1214 4505 libens
1238 4448 1272 4505 <¹0
1295 4450 1420 4506 manibus
1444 4450 1590 4521 Milichiaer
1612 4468 1661 4524 llf⁰
1684 4467 1718 4510 00
1741 4455 1812 4526 ‘1¹¹0d

164 4537 364 4612 geriumrutcis
376 4541 491 4598 andire?
501 4541 606 4599 Utinam
620 4542 648 4598 id
661 4545 740 4600 robis
753 4544 821 4600 alius
835 4545 961 4616 loquera-
1014 4539 1098 4610 pratis
1112 4537 1293 4595 ministraretl
1310 4539 1385 4610 Ergo
1400 4540 1427 4594 in
1442 4539 1567 4597 ministro
1582 4540 1690 4612 quidem
1705 4551 1813 4614 gratum
1895 4532 1898 4541 ’

164 4631 293 4685 lutlnam
307 4634 441 4703 egoquod
453 4632 628 4703 neumausi,
641 4645 828 4690 eructarenon
837 4649 960 4706 possum.
1014 4636 1072 4683 crat
1091 4642 1192 4683 munus
1210 4627 1369 4700 gratuitum,
1383 4627 1411 4683 iu
1435 4627 1584 4684 ministerio
1609 4637 1697 4685 autem
1712 4631 1813 4702 placita

200 4720 228 4772 8.
245 4717 345 4775 Videor
359 4728 446 4776 tamen
460 4719 528 4776 mihi
540 4721 622 4778 hodie
641 4739 723 4796 super
745 4723 797 4780 hoo
818 4723 961 4797 refrigerio
1014 4715 1156 4774 conversio
1171 4725 1352 4787 peccalorum·
1369 4716 1462 4788 Grata,
1487 4719 1608 4790 inquam,
1625 4727 1652 4774 et
1669 4719 1770 4790 placita
1785 4721 1812 4776 iu

163 4806 322 4864 Malachiam
352 4810 445 4867 audire
472 4810 604 4868 dicentem
633 4815 840 4883 :Cannas-tera,
863 4815 961 4870 anima
1014 4806 1138 4862 ministro
1154 4805 1312 4879 simplicitas
1325 4805 1408 4874 oculi,
1424 4805 1451 4861 in
1467 4805 1616 4864 ministerio
1631 4817 1722 4866 autem
1737 4810 1811 4866 salus

162 4899 961 4974 meo,inreqot'cmtuam,qoioDomioasdeacseclttidir
1014 4895 1120 4970 populi.

162 4987 352 5060 qaiaeripuit
365 4989 494 5046 animam
508 5005 602 5048 meam
616 4990 649 5048 dc
667 4995 759 5048 morte
773 4990 861 5064 (Psoi.
881 5007 960 5059 cxiv,
1051 4989 1078 5040 2.
1093 4983 1253 5059 Quanquam
1270 4985 1318 5042 etsi
1339 4984 1480 5043 ministerii
1504 4985 1613 5060 quidem
1637 4987 1727 5046 minor
1750 4990 1813 5048 elh-

162 5075 192 5140 7,
208 5073 247 5147 8),
262 5085 314 5132 etc.
332 5076 361 5132 ln
374 5077 475 5149 quihus
491 5079 579 5136 verbis
593 5081 657 5151 quid
666 5080 826 5156 intelligam,
845 5079 962 5138 1046
1015 5075 1113 5133 olentia
1127 5083 1296 5148 sequeretur.
1311 5074 1486 5132 nihilominus
1501 5083 1588 5134 tamen
1608 5077 1643 5134 ad
1657 5080 1813 5136 Malachiam

161 5162 261 5234 paucis
273 5166 364 5223 audite
381 5185 389 5224 ε
405 5167 539 5239 siquidem
563 5168 688 5225 inclina'a
715 5176 756 5227 est
777 5170 832 5239 iam
848 5169 917 5238 dies,
933 5180 962 5225 et
1016 5174 1044 5222 et
1058 5167 1091 5222 ad
1107 5181 1191 5239 opera
1213 5166 1272 5236 ejus
1285 5165 1331 5222 ille
1349 5165 1448 5221 merito
1465 5166 1641 5240 respexisset,
1665 5169 1710 5225 cui
1729 5169 1814 5227 amica

160 5250 276 5324 longius
298 5271 379 5326 quam
406 5273 579 5329 speraveram
604 5275 694 5316 sermo
721 5259 864 5331 processit,
889 5261 961 5332 quod
1015 5256 1129 5330 puritas,
1145 5257 1189 5314 cui
1205 5254 1344 5313 familiaris
1359 5254 1516 5329 simplicitas
1534 5275 1540 5314 :
1555 5258 1634 5328 cujus
1646 5257 1758 5328 justitiae
1772 5265 1817 5316 est

159 5340 265 5400 invitus
293 5344 396 5402 avellar
424 5361 440 5402 a
468 5349 576 5419 paterni
599 5348 740 5406 dulcedine
772 5349 901 5420 nominis,
934 5356 962 5407 et
1015 5351 1049 5402 do
1070 5345 1219 5404 intentione
1238 5361 1351 5420 pensare
1374 5361 1455 5418 opus,
1482 5354 1509 5403 et
1535 5347 1569 5402 de
1589 5347 1661 5402 oculi
1684 5346 1814 5420 qualitate

158 5431 320 5490 Malachiam
348 5434 429 5492 silere
459 5435 553 5511 lingua
576 5437 736 5510 formidans,
761 5437 845 5494 sunem
872 5437 962 5496 iacere
1015 5439 1097 5493 totius
1112 5441 1246 5492 aestimarc
1265 5435 1387 5509 corporis
1409 5443 1519 5492 statum.
1544 5435 1623 5493 Nunc
1638 5451 1815 5510 veromaqna

157 5529 297 5580 vereatur.
312 5523 387 5580 Mors
400 5525 508 5594 animae,
523 5525 622 5584 iratres
639 5527 702 5599 mei,
725 5537 866 5600 peccatum
887 5537 929 5586 est
952 5545 959 5587 :
1015 5526 1225 5599 operabamini,
1242 5527 1377 5599 exquisita
1396 5525 1423 5581 in
1438 5526 1693 5584 omnesvoluntates
1714 5534 1741 5585 et
1755 5537 1813 5586 sto·

157 5610 214 5666 nisi
235 5610 306 5669 torte
323 5613 425 5673 excidit
442 5614 520 5674 vobis
542 5617 616 5690 quod
639 5617 666 5672 in
690 5617 821 5690 propheta
845 5617 959 5693 legistis,
1014 5616 1060 5672 dia
1073 5615 1210 5674 Mahchiae
1225 5633 1232 5671 ι
1249 5631 1347 5689 magna
1365 5622 1393 5672 et
1405 5615 1501 5682 multa,
1517 5620 1544 5670 et
1565 5614 1636 5672 bona
1659 5616 1747 5686 valde,
1763 5617 1813 5674 etsi

156 5703 266 5764 Anima
280 5707 959 5783 praeascendentemmonetamnaccnxrm,
1014 5721 1065 5780 pro
1088 5707 1158 5764 bona
1180 5711 1261 5764 castae
1285 5703 1442 5764 intendonis
1464 5703 1571 5780 origine
1588 5705 1711 5766 meliora.
1734 5703 1816 5780 Quod
1871 5721 1874 5728 ¹
