4116 6348
118 469 176 534 657

738 467 909 532 schhohtts
927 468 969 526 ht
991 469 1149 536 oriensis,

1712 471 1766 532 dh8

118 597 250 654 Nubilosa
263 599 385 670 corporis
399 599 569 669 compositio,
590 607 617 656 et
632 600 715 656 facies
729 597 849 656 tenebris
863 594 916 652 tri-
932 611 956 691 fl
971 605 1001 652 nt
1021 599 1138 658 breviter
1155 603 1233 659 dotes
1252 602 1418 659 fortitudinis
1447 603 1651 670 concludamus,
1678 603 1763 657 uirtus

119 687 200 744 stiriae
222 686 373 757 obfuscata,
396 688 567 746 devotionem
591 691 626 744 ab
651 689 742 746 animo
770 686 916 744 recessisse

119 776 240 848 signant.
254 776 370 848 Respice
384 776 471 835 David
485 786 548 833 ante
565 794 654 836 arcam
673 777 779 835 Domini
795 773 917 832 hilariter

118 865 273 937 saltantem,
300 875 425 937 atquem
450 866 586 938 sapienter
606 865 785 937 superbientis
808 864 916 920 feminae

119 953 251 1025 reprimat
261 953 482 1024 indignationem.
500 955 616 1020 tudam,
628 954 725 1027 iuquit,
740 955 916 1012 stultiorem

118 1045 150 1098 fra
165 1047 317 1116 conspectu
332 1043 447 1099 Domini
461 1043 500 1110 (ff
508 1044 572 1114 flep.
585 1059 622 1110 vr,
640 1042 744 1115 ii-tt).
760 1041 854 1098 Cernis
867 1039 916 1114 igi·

118 1141 256 1202 turquam
280 1130 431 1186 necessaria
455 1142 483 1186 et
506 1132 670 1190 corraeniaus
693 1134 728 1188 sit
747 1130 867 1187 hilaritas
887 1130 914 1184 iu

117 1219 279 1276 obedientiae
304 1217 488 1276 exsecutione.
503 1220 568 1290 Quis
592 1221 665 1281 enim
679 1220 794 1294 imperat
811 1220 913 1276 homiui

116 1307 244 1375 libenter,
260 1305 396 1361 tristitiam
420 1306 547 1362 efflanti?
571 1309 599 1365 Si
623 1308 666 1364 vis
689 1324 756 1384 ergo
781 1308 915 1380 perfectus

116 1409 188 1461 csse,
198 1393 321 1450 hilariter
335 1402 363 1449 et
376 1410 438 1450 oum
450 1411 548 1469 magua
563 1396 654 1454 vultus
666 1398 800 1454 alacritate
807 1397 914 1470 suscipe

115 1481 237 1552 iubentis
260 1482 411 1553 imperium,
429 1493 459 1540 ut
482 1484 614 1542 voluntati
628 1485 727 1554 cordis,
749 1485 913 1558 simplicitati

117 1568 220 1640 operis,
235 1570 325 1627 vultus
339 1571 499 1628 hilaritatem
513 1573 658 1648 adjungas.

151 1661 181 1716 t.
196 1657 315 1726 Quartus
329 1661 433 1732 gradus
446 1671 488 1718 est
501 1661 687 1720 obsecundare
704 1661 839 1720 velociter.
856 1663 912 1720 Ve-

117 1750 210 1806 lociter
224 1746 308 1804 currit
321 1764 409 1806 sermo
431 1751 482 1806 Dei
497 1749 584 1822 (Paci.
600 1766 699 1818 exunt,
721 1754 780 1823 tc),
795 1759 823 1807 et
835 1752 912 1808 velo·

115 1852 176 1894 cem
190 1835 291 1892 habere
304 1835 440 1895 desiderat
453 1847 624 1912 sequentem.
641 1839 722 1896 Vides
736 1856 798 1896 cnm
812 1848 912 1912 quanta

116 1924 259 1982 velocitate
272 1933 361 1982 currat
377 1923 433 1996 ille,
449 1926 495 1999 qui
514 1927 578 1984 dicit
594 1945 601 1985 :
621 1930 697 1986 Viam
711 1931 913 1986 mandatorum

117 2018 235 2073 tuorum
249 2017 367 2072 cucurri
376 2005 465 2084 (Psoi.
485 2031 579 2082 oxvur,
595 2017 652 2086 32).
667 2017 765 2073 fidelis
781 2016 913 2073 rrbcdicna

116 2103 203 2160 nescit
224 2118 326 2166 moras,
350 2103 422 2176 fugit
444 2105 603 2171 crastiuum,
624 2106 729 2176 ignorat
750 2105 912 2173 tarditatem,

116 2191 240 2264 praeripit
261 2191 469 2265 praecipientem‚
496 2203 573 2266 paret
601 2194 695 2250 oculm
723 2194 803 2260 visui,
832 2212 915 2253 aures

115 2280 233 2347 auditui,
254 2281 373 2355 linguam
393 2281 461 2350 voci,
482 2297 579 2338 manus
593 2283 677 2353 operi,
698 2282 788 2340 itineri
813 2284 911 2361 pedes3

116 2378 202 2426 totum
219 2384 247 2426 se
261 2369 374 2444 colligit,
397 2377 426 2425 ut
439 2370 596 2441 imperantis
615 2371 726 2446 colligat
739 2371 912 2431 uoluntatem.

116 2455 183 2512 Vide
205 2457 350 2514 Dominum
372 2457 530 2514 festinanter
544 2459 755 2530 praecipientem,
781 2468 808 2515 et
823 2461 914 2516 homi-

115 2561 179 2600 nem
189 2544 343 2602 festinanter
357 2545 547 2606 obedientem:
565 2548 705 2617 Zaechcec,
720 2547 817 2620 inquit,
832 2550 914 2619 sesti-

114 2651 190 2692 ttcrss
204 2635 347 2706 descende,
361 2637 429 2710 quin
443 2637 524 2694 hodie
538 2638 571 2692 iu
585 2635 667 2696 domo
684 2642 734 2696 tnta
747 2642 857 2710 oportet
870 2655 914 2697 mc

971 695 1012 742 est
1025 687 1138 746 virtutes
1154 708 1268 748 servans
1278 707 1310 748 ac
1324 692 1460 748 muniens.
1475 693 1564 763 iunge
1593 691 1675 764 igitur
1688 691 1762 747 velo·

970 777 1044 833 citati
1066 777 1262 849 fortitudinem,
1289 779 1468 837 constantiam
1487 779 1630 844 instantia,
1645 788 1673 836 at
1696 787 1761 836 tnnc

969 866 1125 924 decantabis
1136 885 1272 926 securus:
1292 871 1389 926 linum
1399 869 1553 940 peccatoris
1570 885 1629 927 uon
1641 870 1761 928 monebit

969 972 1014 1014 me
1034 956 1119 1026 (Paci.
1135 974 1225 1027 xxxv,
1244 959 1300 1030 it).

1004 1045 1032 1098 9.
1047 1043 1143 1102 Sextus
1157 1047 1260 1118 gradum
1275 1055 1317 1104 est
1330 1046 1467 1104 humiliter
1481 1044 1606 1101 obedire.
1621 1045 1651 1100 ln
1671 1043 1761 1099 humi-

969 1131 1040 1188 litate
1054 1141 1147 1190 nostra
1169 1152 1276 1192 memor
1292 1137 1342 1192 fnit
1361 1135 1448 1191 nostri
1462 1135 1508 1206 qui
1523 1133 1585 1190 fecit
1598 1149 1649 1188 nos
1672 1131 1760 1202 (Psoi.

969 1237 1076 1291 cxxxv,
1088 1224 1144 1296 23).
1161 1225 1256 1297 stagna
1270 1226 1356 1281 virtus
1370 1223 1517 1290 humilitas,
1533 1222 1592 1278 sine
1607 1221 1686 1291 cujus
1710 1223 1762 1276 oh·

968 1317 1044 1368 tantu
1057 1310 1143 1368 virtus
1157 1313 1331 1382 fortitudinis,
1357 1330 1412 1368 non
1433 1312 1522 1368 solum
1536 1311 1620 1366 virtus
1637 1327 1691 1365 non
1716 1309 1759 1375 sit,

969 1400 1017 1454 sed
1032 1401 1112 1456 ctiam
1126 1401 1154 1458 in
1170 1404 1304 1475 superbiae
1321 1402 1417 1460 vitium
1432 1408 1567 1472 erumpat.
1593 1401 1680 1470 Quam
1705 1397 1762 1454 for·

969 1487 1028 1544 liter
1042 1491 1170 1546 currebat
1189 1491 1263 1558 Satri,
1288 1507 1350 1548 curn
1366 1497 1439 1548 esset
1467 1490 1599 1562 parvulus
1624 1488 1650 1542 in
1674 1487 1762 1544 oculis

967 1576 1041 1633 suisl
1072 1587 1173 1650 quauta
1196 1579 1412 1636 Phcilistaeorum
1426 1577 1534 1653 agmina
1559 1577 1758 1647 prosternebat!

965 1665 1074 1737 quantis
1088 1666 1190 1723 viribus
1206 1669 1355 1724 exercebat
1364 1666 1499 1740 gladium!
1514 1669 1658 1739 Postquam
1672 1673 1762 1722 autem

968 1755 1052 1812 tenuit
1065 1771 1127 1810 eum
1143 1758 1278 1826 superbia,
1296 1764 1323 1812 et
1342 1755 1465 1812 transivit
1479 1755 1506 1810 iu
1522 1753 1648 1812 affectum
1659 1754 1762 1811 cordis,

931 1842 1064 1928 fldcbiiis
1080 1851 1106 1900 et
1132 1843 1268 1916 impotens
1283 1845 1379 1912 factus,
1405 1843 1657 1901 incircumcisorum
1678 1842 1762 1898 armis

968 1929 1046 1989 facile
1066 1941 1217 2002 prostratus
1238 1933 1375 1990 occubuit.
1391 1934 1489 1999 aspice
1518 1948 1619 2012 regem,
1655 1932 1682 1987 in
1709 1948 1762 2004 quo

967 2020 1104 2076 humilitas
1118 2021 1253 2090 sublimis,
1270 2031 1297 2076 ct
1311 2022 1420 2076 humilis
1435 2019 1585 2078 sublimitas
1600 2019 1672 2076 felici
1690 2035 1765 2076 com·

968 2110 1103 2180 positione
1116 2111 1261 2168 nitescunt.
1278 2108 1407 2180 Domine,
1423 2110 1518 2182 inquit,
1534 2127 1592 2168 nou
1602 2110 1764 2167 notescitu-

969 2204 1032 2255 tum
1046 2214 1211 2265 cormeum,
1235 2216 1322 2273 neque
1337 2199 1408 2258 eluti
1421 2205 1490 2256 suut
1504 2200 1581 2258 oculi
1603 2199 1661 2254 ruci
1674 2197 1762 2270 (Paci.

968 2303 1056 2356 cxxx,
1069 2289 1094 2360 l)
1106 2309 1112 2344 :
1131 2296 1253 2345 ettotam
1265 2287 1433 2345 itinerarium
1444 2290 1505 2358 ejus
1515 2285 1764 2343 scdulaintentione

967 2391 1080 2432 recurre
1090 2395 1098 2444 ;
1110 2385 1137 2432 ct
1148 2376 1473 2448 quaquaae1·sumoculos
1484 2375 1631 2441 rellexeris,
1644 2373 1764 2430 inurentes

967 2463 1125 2523 humilitatis
1145 2464 1257 2520 floribus
1277 2481 1338 2520 esse
1363 2479 1529 2535 respersum.
1558 2462 1629 2520 Audi
1647 2478 1764 2535 namque

967 2551 1030 2609 aiibi
1044 2553 1110 2625 quid
1125 2553 1197 2609 dicat
1213 2571 1219 2608 :
1237 2553 1445 2612 Fortitudinem
1469 2569 1562 2609 mecm
1576 2557 1607 2608 nt
1623 2555 1650 2608 tc
1665 2556 1763 2610 custo-

967 2643 1044 2700 dium
1063 2643 1151 2712 (Paci.
1168 2657 1243 2710 amu,
1267 2643 1325 2713 1ο).
1349 2641 1437 2712 Quam
1451 2657 1515 2699 vere
1534 2639 1654 2712 loqrritur
1671 2641 1763 2710 justus

116 2739 243 2788 mouere..
259 2727 294 2782 at
312 2727 456 2797 festinans
472 2724 627 2791 descendit,
647 2731 675 2781 ct
694 2726 808 2798 excepit
831 2726 913 2784 illum
964 2729 1077 2802 justitiae
1092 2729 1252 2787 exsecutori
1265 2731 1462 2804 Suntnamque
1477 2728 1595 2801 plurimi,
1612 2727 1659 2800 qui
1681 2727 1759 2784 forti-

114 2813 251 2885 pcudcns.
269 2812 490 2871 animadvertisti
510 2813 572 2884 quia
587 2823 613 2870 at
626 2812 786 2869 festinanter
800 2814 914 2870 descen·
967 2818 1085 2877 tudinem
1101 2834 1242 2876 suamnou
1257 2819 1292 2874 ad
1306 2820 1404 2886 Deum,
1416 2818 1463 2874 aad
1476 2818 1510 2872 ad
1520 2818 1627 2872 inanem
1646 2818 1763 2890 gloriam

114 2901 194 2971 derit.
211 2909 238 2958 ei
259 2901 410 2974 stridentes
427 2899 540 2958 1178
559 2900 702 2974 exceperit·
724 2901 830 2958 Audisti
844 2903 912 2960 obe·
967 2907 1138 2978 custodinut;
1155 2908 1201 2979 qui
1216 2906 1355 2963 confidunt
1370 2908 1396 2962 in
1411 2907 1510 2962 virtute
1525 2922 1576 2962 sua
1587 2924 1594 2972 ;
1607 2907 1653 2975 qui
1666 2907 1700 2960 dc
1715 2921 1762 2961 ae·

114 2988 257 3060 dienham,
272 2989 335 3044 audi
349 2996 376 3044 et
391 2986 555 3045 obedientiae
572 2991 824 3045 remunerationem.
843 2992 912 3059 Quia
966 2996 1053 3070 ceptis
1068 2996 1219 3064 virtutibus,
1241 2997 1318 3069 quasi
1333 3013 1388 3052 nou
1403 2995 1566 3065 acceperint,
1592 2993 1762 3066 gloriantur,

115 3078 197 3138 hodic
210 3076 287 3134 sulus
302 3075 368 3133 huic
383 3077 482 3132 domui
494 3077 575 3146 sactu
589 3079 640 3134 est.
656 3075 763 3130 latuere
785 3075 862 3130 etiam
879 3091 912 3132 ex
967 3084 1107 3140 Conditori
1123 3083 1251 3142 facientes
1267 3085 1404 3155 injuriam,
1421 3101 1436 3138 a
1451 3099 1505 3156 quo
1520 3093 1562 3139 est
1576 3099 1657 3138 ornae
1671 3084 1763 3138 datum

114 3165 242 3224 acutione
252 3164 332 3236 hujus
342 3164 502 3220 obedientiae
511 3162 691 3220 conclusionis
702 3163 805 3234 grande
815 3171 912 3237 myste-
931 3173 1109 3255 copularum,
1126 3180 1152 3228 et
1167 3189 1248 3228 omne
1271 3173 1372 3228 donum
1390 3171 1538 3244 perfectum
1562 3171 1634 3243 (tac.
1657 3176 1682 3240 t,
1706 3171 1760 3244 t'i).

114 3254 196 3320 rium,
208 3261 235 3308 ct
252 3253 416 3328 obsignatam
433 3253 574 3326 signaculo
594 3251 785 3312 misericordiae
800 3260 910 3309 senten·

113 3345 198 3404 tiam:
219 3345 297 3402 Vertit
312 3346 400 3413 euim,
415 3343 510 3416 inquit,
532 3344 619 3400 Filius
634 3344 756 3402 hominis
771 3361 909 3418 quaerere,

112 3435 363 3508 cisaluumsacerc
375 3435 446 3508 qnod
455 3432 663 3507 perierctlinc.
676 3450 731 3500 xrx,
740 3437 767 3500 5,
779 3437 840 3507 ti,9,
855 3435 908 3506 to).

111 3526 209 3580 Danaae
224 3523 312 3596 legisti
324 3525 396 3595 qnod
411 3522 474 3579 liliis
489 3523 571 3578 lsrael
585 3523 750 3597 precipitur,
767 3533 795 3580 nt
808 3541 910 3598 agnum

111 3613 256 3669 comedant
270 3609 449 3668 festinanter?
470 3611 571 3683 (deod.
592 3627 642 3681 xrr,
668 3609 725 3683 11.)
742 3612 910 3671 festinanter

110 3699 214 3774 qnippe
226 3699 286 3756 veri
305 3698 377 3774 rigui
392 3699 521 3756 comestio
540 3699 662 3772 signatur
677 3699 828 3770 implenda,
845 3703 908 3773 quia

110 3791 195 3844 verba
206 3787 264 3854 illa,
274 3803 335 3860 quae
347 3789 490 3860 perlegam
504 3787 588 3852 dedit,
601 3801 661 3858 quae
671 3800 721 3857 per
732 3789 908 3859 semetipsum

111 3892 232 3948 praeseus
248 3874 377 3940 exhibuit,
394 3889 453 3947 quae
468 3889 516 3945 per
530 3872 661 3930 Ecclesia
676 3875 840 3944 praepositos
854 3887 908 3934 tra·

108 3963 197 4020 denda
213 3960 329 4035 reliquit,
344 3961 433 4018 veloci
445 3971 507 4018 snut
516 3961 669 4018 ohedientia
683 3966 907 4024 consummanda.

111 4053 144 4108 Et
153 4065 181 4109 tu
191 4067 259 4125 ergo
269 4067 330 4108 cnm
342 4050 504 4107 voluntatem
515 4052 601 4122 cordi,
612 4049 809 4126 simplicitatem
819 4057 907 4126 operi,

109 4141 274 4198 hilaritatem
288 4139 373 4198 uultui
388 4139 570 4209 conjunxeris,
587 4141 696 4196 addest
717 4141 905 4212 trclocitatem3

109 4242 139 4286 nt
152 4229 192 4286 sis
213 4231 290 4300 juata
304 4230 454 4300 apostolum
473 4229 611 4296 iacobum,
633 4231 715 4287 uelox
729 4231 765 4288 cd
780 4234 904 4293 cudbu-

108 4317 179 4376 dum
192 4318 261 4390 (iac.
280 4333 300 4385 1,
318 4317 374 4387 rs),
386 4327 412 4373 et
426 4317 460 4373 ad
475 4317 640 4389 implendum
655 4319 781 4377 velocior.

146 4411 174 4462 8.
190 4405 305 4476 Quintus
318 4406 418 4483 gradus
429 4412 468 4462 est
478 4405 626 4477 adimplere
642 4407 761 4468 viriliter.
782 4412 908 4471 ttmttrer

966 3263 1007 3320 Nc
1021 3279 1087 3333 ergo
1103 3261 1231 3318 fortitudo
1245 3262 1273 3317 in
1296 3261 1451 3334 superbiam
1467 3271 1595 3331 transeut,
1611 3260 1763 3318 condienda

965 3359 1004 3408 cst
1031 3351 1086 3406 sale
1112 3350 1285 3420 humititatis,
1315 3350 1380 3422 quia
1409 3347 1475 3404 nihil
1508 3348 1628 3420 proderit
1655 3348 1762 3405 fortiter

964 3439 1085 3508 obedire,
1102 3441 1125 3493 si
1140 3438 1283 3512 contigerit
1306 3438 1450 3494 infeliciter
1473 3437 1623 3509 superbire.
1641 3435 1681 3491 illi
1696 3451 1761 3507 ergo

964 3528 1147 3583 fortitudinem
1161 3542 1237 3582 suam
1249 3527 1281 3580 ad
1292 3527 1379 3582 Deum
1389 3525 1608 3597 custodiunt,qui
1618 3541 1679 3581 cum
1689 3523 1762 3580 fece-

963 3617 1018 3672 rint
1043 3617 1115 3688 quod
1141 3615 1230 3673 facere
1255 3615 1364 3684 debent,
1401 3615 1492 3672 diacre
1522 3623 1657 3685 possunt:
1685 3614 1763 3670 Serra

963 3706 1081 3762 inutiles
1091 3721 1200 3772 sumus,
1212 3703 1438 3778 quoddehuimur
1447 3706 1541 3775 fucere
1550 3703 1671 3774 fecimus
1683 3703 1758 3774 (duc.

962 3809 1029 3861 xvn,
1047 3793 1102 3864 10).

1000 3885 1044 3938 tc.
1067 3879 1205 3952 Septimus
1229 3879 1332 3954 gradus
1346 3887 1397 3950 est,
1413 3879 1595 3937 indesinenter
1614 3879 1758 3950 obtempe-

963 3985 1034 4028 rare.
1050 3971 1112 4026 Non
1127 3970 1173 4042 qui
1191 3966 1346 4038 incoeperit,
1358 3967 1404 4022 aad
1420 3967 1465 4039 qni
1477 3967 1699 4038 perseveraverit,
1715 3965 1760 4022 hic

963 4061 1053 4119 salvus
1067 4059 1120 4115 erit
1134 4059 1245 4130 (dietih.
1262 4073 1288 4127 x,
1305 4059 1361 4124 tal.
1385 4057 1505 4128 incipere
1528 4053 1677 4112 multorum
1699 4062 1757 4122 est;

964 4163 1138 4224 perseuerare
1153 4164 1317 4219 paucorum.
1333 4145 1536 4204 perseverantis
1554 4143 1701 4215 singularis
1716 4146 1760 4198 cst

960 4239 1017 4296 tutu
1035 4237 1135 4294 summi
1149 4236 1233 4313 regis,
1254 4238 1382 4296 virtutum
1398 4237 1511 4301 fructus,
1527 4249 1676 4304 earumque
1691 4248 1757 4289 con·

962 4327 1114 4395 summatio,
1132 4326 1214 4382 totius
1224 4327 1287 4384 boni
1302 4325 1511 4398 repositorium;
1528 4322 1614 4380 virtus
1629 4321 1688 4377 sine
1704 4337 1758 4393 qua

964 4433 1044 4474 nemo
1058 4415 1160 4472 videbit
1174 4416 1273 4487 Deum,
1295 4433 1344 4472 nec
1357 4433 1372 4470 a
1387 4417 1444 4472 Deo
1464 4411 1598 4471 videbitur
1615 4410 1695 4466 :iims
1717 4419 1758 4467 ast

107 4498 197 4570 cpite,
209 4499 616 4567 etcousorteturcoruestrum,
624 4501 773 4572 omnesqui
782 4506 905 4574 speratis
924 4501 945 4578 [l
962 4505 995 4561 ad
1016 4504 1149 4576 justitiam
1173 4504 1248 4560 omui
1270 4503 1518 4574 credentumque
1539 4501 1665 4558 virtutem
1688 4515 1756 4556 con-

108 4587 140 4642 ξπ
160 4587 279 4645 Doruiuc
293 4584 380 4656 (Paci.
396 4601 461 4653 xxx,
479 4583 536 4654 25).
552 4585 613 4640 Nou
629 4593 670 4641 est
684 4585 850 4646 fortitudinis
869 4590 908 4649 ire

107 4677 143 4730 ab
161 4673 380 4739 inobedientiam,
400 4673 449 4729 aad
463 4673 497 4729 ab
513 4674 665 4730 obedientia
682 4691 735 4730 non
753 4677 863 4738 abduci.
879 4681 907 4739 Si

106 4763 248 4820 tribulatio
271 4762 383 4830 intonat,
406 4763 431 4819 si
448 4764 601 4836 persecutio
623 4765 742 4832 resultat,
766 4766 790 4821 si
809 4784 907 4841 pecca-

108 4861 185 4909 tores
209 4851 257 4908 tibi
277 4851 406 4927 laqueum
430 4862 543 4924 ponunt,
569 4854 592 4908 si
615 4853 728 4928 maligni
757 4862 832 4912 tuum
857 4855 908 4916 iter

108 4941 277 5014 impediunt;
292 4942 494 5000 inobedientiae
503 4944 576 4998 viam
588 4959 641 4999 uon
657 4941 777 5014 deseras,
787 4945 832 5002 sed
844 4947 887 5004 dic
899 4964 905 5003 :

107 5033 233 5088 Porcius
250 5047 322 5098 aum,
339 5036 367 5088 et
386 5047 443 5091 ceu
459 5047 523 5088 sum
538 5031 679 5099 turbatus,
695 5038 730 5090 ut
748 5035 908 5093 custodiam

106 5120 247 5178 mnndma
258 5124 309 5178 tun
324 5121 412 5191 (Paci.
429 5135 522 5185 cxvrrr,
540 5120 596 5193 dh).
612 5119 683 5189 Quid
699 5122 770 5179 enim
785 5124 909 5195 superins

107 5215 266 5268 enumerata
285 5210 391 5281 pariunt
409 5209 541 5276 utilitatis,
562 5209 585 5266 si
601 5209 730 5267 fortitudo
745 5212 825 5281 desit,
846 5229 908 5286 qua

105 5299 136 5356 in
166 5315 228 5356 arce
254 5283 415 5357 consiantiae
438 5299 552 5356 virtutes
576 5300 697 5370 collocat,
727 5309 754 5356 et
780 5316 812 5358 eo
836 5303 907 5359 vallo

107 5385 209 5456 munit,
225 5404 281 5462 quo
299 5387 446 5446 furentium
460 5391 576 5461 impetus
595 5390 715 5463 aspirare
731 5406 782 5448 non
797 5391 908 5465 possiti

106 5481 216 5536 hanam
231 5485 303 5535 tuam
318 5479 412 5535 misisti
428 5479 461 5536 ad
476 5478 573 5537 fortia?
591 5480 725 5554 agendum
745 5489 785 5536 est
800 5479 906 5537 instan-

105 5580 160 5638 ter,
183 5575 212 5624 et
228 5577 382 5626 constanter
401 5568 598 5641 obediendam,
619 5586 669 5627 nec
682 5569 752 5626 iuter
764 5572 907 5628 verborum

105 5676 158 5716 seu
188 5659 330 5714 verberum
357 5661 525 5732 asperitatem
551 5669 602 5716 tam
632 5661 729 5733 regalis
751 5669 792 5717 est
815 5661 908 5716 semita

105 5748 297 5822 rclinpuenda,
314 5751 361 5806 seri
376 5751 503 5809 tenaciori
518 5759 561 5808 est
575 5751 711 5808 reduenda
731 5753 847 5810 feruore.
877 5753 909 5808 lit

961 4599 1057 4652 ventus
1078 4591 1253 4648 reverendum
1268 4593 1319 4649 sibi
1336 4592 1483 4650 thalamum
1494 4589 1671 4648 consecravit.
1686 4587 1756 4656 Quid

963 4683 1034 4739 anim
1058 4697 1172 4738 currere
1186 4680 1308 4752 prodest,
1325 4689 1351 4737 et
1365 4691 1428 4738 aute
1452 4688 1554 4736 metam
1573 4694 1668 4734 cursus
1684 4675 1755 4734 defi-

962 4773 1049 4829 cere?
1064 4773 1108 4830 Sic
1122 4772 1231 4828 currite
1245 4774 1279 4826 ut
1292 4770 1545 4843 comprehendatis,
1566 4765 1678 4824 1174
1693 4767 1757 4823 dicit

961 4861 1107 4933 Apostolus
1120 4859 1147 4931 (l
1159 4860 1222 4916 Cor.
1239 4875 1278 4928 rx,
1292 4859 1347 4932 it).
1363 4859 1474 4931 Oquam
1490 4857 1675 4930 perseveranti
1686 4856 1754 4928 pede

962 4965 1072 5006 crrrsnm
1087 4963 1164 5004 sunm
1181 4947 1332 5019 perfecerat
1353 4948 1399 5019 qui
1413 4947 1519 5004 dicebat
1534 4964 1541 4999 :
1558 4947 1680 5004 Cursum
1694 4963 1757 5004 com

962 5037 1121 5097 summouit
1145 5039 1183 5107 (ff
1194 5039 1261 5094 Tim.
1278 5052 1314 5105 tv,
1331 5036 1371 5109 i).
1383 5035 1407 5092 0
1420 5051 1503 5108 quam
1516 5035 1755 5110 longum-cursum

961 5127 1023 5183 felix
1037 5127 1083 5184 ille
1098 5127 1165 5184 latro
1181 5127 1325 5198 cornplevit
1344 5127 1430 5198 (roo),
1446 5127 1493 5199 qui
1511 5132 1714 5183 consummatus
1728 5124 1756 5178 in

960 5215 1038 5272 breui
1052 5214 1173 5287 expleuit
1187 5220 1308 5285 tempora
1328 5215 1425 5271 multat
1441 5217 1518 5289 (Sap.
1539 5231 1580 5282 rv,
1598 5213 1650 5286 iti.
1669 5211 1756 5270 Deni-

961 5318 1014 5376 que
1029 5315 1056 5359 et
1070 5302 1202 5359 Dominus
1226 5305 1418 5375 prophetarum
1435 5321 1481 5378 per
1496 5304 1654 5376 prophetam
1668 5303 1757 5372 loqui·

961 5401 1003 5448 tur
1019 5413 1024 5449 :
1043 5393 1072 5450 Si
1090 5407 1237 5450 conversus
1258 5394 1348 5464 fucrit
1361 5397 1457 5466 justus
1468 5412 1486 5451 o
1497 5395 1615 5466 justitia
1638 5409 1701 5458 rua,
1728 5398 1756 5448 ct

961 5483 1060 5554 fecerit
1075 5481 1275 5555 impietatem,-
1285 5484 1423 5549 omnium,
1432 5485 1619 5555 justitiarum
1628 5485 1689 5556 ejus
1699 5499 1757 5538 nora

963 5570 1127 5628 recordabor
1151 5572 1261 5641 (dasch.
1283 5589 1362 5640 xvru,
1388 5574 1447 5643 24).
1480 5573 1562 5630 Vides
1584 5589 1651 5646 ergo
1676 5589 1756 5644 quarn

989 5681 1073 5762 .(¹⁰⁰i
1097 5679 1213 5748 Quidam
1232 5680 1436 5754 addunt,puem
1463 5684 1674 5755 perseuerantia
1697 5699 1781 5755 potr

963 5754 1221 5822 nrteutcmiuocuit,
1238 5760 1462 5821 consummatus,
1478 5765 1531 5811 etc.
