4086 6344
153 439 207 500 897
781 441 954 504 santonas
972 441 1006 502 IN
1024 442 1173 504 clarita.
1623 477 1626 487 ι
1749 457 1803 518 gqg

153 564 224 633 darn,
241 563 358 638 Spiritus
376 565 448 622 enim
463 573 504 622 est
517 566 601 636 Deus,
619 573 647 624 et
668 582 716 624 eos
738 567 784 642 qui
801 567 898 626 volunt
912 568 949 625 si·
965 583 989 662 st
1005 583 1114 626 censere
1128 584 1183 626 non
1192 569 1309 630 dubites.
1319 573 1364 632 Sic
1374 589 1472 645 nempe
1480 576 1620 636 habeszst
1629 583 1706 638 reete
1715 583 1803 653 offers

152 651 231 708 miles
253 657 278 708 ei
303 653 346 712 rel
369 670 550 726 perseuerare,
568 655 612 713 vel
635 655 702 724 lieri,
719 663 824 729 oportet
850 655 950 713 intrare
1006 655 1034 712 et
1047 659 1123 712 recte
1142 672 1201 714 non
1222 657 1334 726 dividia,
1350 663 1475 735 peccasti
1498 665 1578 732 (Gen.
1604 681 1641 734 tv,
1660 665 1698 738 tl.
1720 667 1803 724 Recte

153 742 187 797 ad
213 758 270 811 cor,
287 753 367 816 atque
394 745 420 800 in
446 745 543 819 spiritu
566 745 594 801 id
618 746 720 818 negotii
748 745 882 804 actitare:
904 746 949 802 abi
1005 739 1113 810 quidem
1127 744 1307 818 quodeunque
1328 747 1423 802 borum
1448 749 1546 821 offers,
1570 760 1643 810 recta
1664 739 1803 812 autumali

153 832 269 889 revelata
293 831 361 888 fecie
381 835 550 905 speculantes
572 834 687 910 gloriam
711 834 770 904 Dei,
787 835 815 891 in
829 836 951 893 eamdem
1005 829 1137 886 alterutro
1152 846 1184 886 es
1198 847 1252 888 non
1270 833 1378 890 dividis.
1394 836 1455 892 Noli
1469 853 1530 894 esse
1547 847 1637 896 rectus
1659 843 1765 900 oblator
1778 852 1805 901 et

153 919 298 992 imaginem
319 920 549 976 transformentur
567 923 600 977 de
616 923 734 979 claritate
747 923 774 978 in
789 924 948 990 claritatem,
1004 931 1105 986 pravus
1125 919 1238 978 diliS0r·
1255 921 1324 990 Quid
1348 922 1449 980 dividis
1470 938 1589 982 aemma
1612 927 1689 984 fide?
1709 932 1805 1002 Inique

153 1015 282 1080 tanquam
298 1024 315 1063 a
333 1009 442 1064 Domini
457 1009 561 1080 Spiritu
574 1009 614 1082 (ll
631 1012 693 1068 Cor.
710 1027 750 1080 ιιι,
768 1013 826 1082 ιθ).
1005 1007 1113 1076 dividis,
1125 1008 1206 1065 fidem
1217 1011 1356 1084 perimens
1367 1018 1456 1071 tuam:
1471 1029 1534 1069 nam
1544 1013 1609 1071 fides
1620 1018 1679 1074 sine
1691 1017 1803 1076 stata

190 1113 216 1163 9.
237 1095 396 1166 Quanquam
420 1106 448 1152 et
470 1099 595 1170 eorporis
609 1105 737 1154 statmam
756 1099 830 1156 dedit
848 1098 950 1156 homiui
1005 1097 1133 1168 operibus
1148 1110 1309 1156 mortuaest
1330 1102 1401 1171 (lec.
1421 1115 1453 1165 ιι,
1479 1101 1536 1174 20).
1557 1104 1654 1161 Munus
1669 1114 1804 1163 mortuum

152 1183 226 1238 Deus
248 1191 347 1240 rectane
361 1204 368 1251 ;
391 1183 503 1240 forsitan
532 1194 563 1241 ut
585 1186 637 1242 ista
661 1203 793 1260 corporea
811 1187 952 1244 exterioris
1006 1185 1090 1241 offers
1103 1186 1184 1244 Deo?
1198 1187 1227 1242 Si
1239 1188 1311 1244 enim
1325 1189 1451 1260 quaedam
1462 1191 1550 1246 suisne
1565 1189 1629 1248 fidei
1643 1193 1701 1266 ipsa
1717 1197 1803 1252 devo·

153 1270 310 1344 viliorisque
334 1273 465 1330 rectitudo
489 1273 611 1346 figmenti
633 1277 771 1332 hominem
793 1276 952 1333 interiorem
1006 1273 1044 1329 lio
1059 1282 1111 1346 est,
1126 1275 1193 1346 quid
1215 1275 1359 1351 fidesque
1382 1295 1437 1335 non
1456 1287 1585 1350 operetur
1605 1298 1635 1338 ει
1650 1284 1804 1351 dilectione,

154 1359 237 1426 illum,
254 1361 301 1430 qui
323 1360 358 1416 ad
374 1361 523 1436 imaginat
541 1362 592 1419 Dei
616 1363 703 1420 factus
727 1371 778 1432 eet,
803 1364 953 1434 spiritualis
1006 1362 1059 1417 nisi
1073 1361 1187 1421 cadaver
1200 1363 1346 1422 exanimet
1360 1367 1433 1424 Bene
1455 1368 1572 1424 honoras
1592 1368 1678 1426 Deum
1695 1389 1806 1429 munere

154 1464 210 1504 suae
228 1449 368 1506 servandae
385 1451 556 1508 rectitudinis
575 1452 742 1522 admoneret,
758 1463 785 1509 et
797 1453 882 1509 decor
896 1453 952 1508 limi
1007 1450 1114 1507 fetido?
1130 1453 1201 1509 bene
1215 1454 1306 1524 placas
1321 1463 1373 1510 tuae
1390 1453 1452 1511 fidei
1466 1455 1623 1514 interfector
1633 1457 1647 1511 f
1659 1457 1802 1528 Quomodo

154 1537 351 1594 deformitatem
361 1547 484 1611 argueret
493 1541 585 1596 animi.
596 1539 666 1610 Quid
682 1545 756 1598 enirn
770 1540 950 1606 indecentius,
1008 1537 1096 1594 bostis
1119 1539 1232 1610 pacifica
1256 1542 1303 1596 ubi
1332 1549 1387 1597 tam
1407 1558 1479 1601 saera
1503 1543 1636 1602 discordia
1659 1549 1724 1604 esti
1746 1548 1806 1604 Non

154 1641 234 1698 qnam
258 1641 373 1685 curvum
396 1635 468 1682 recto
490 1642 605 1698 corpore
619 1644 713 1702 gerere
728 1628 870 1683 animum?
886 1628 952 1683 Por·
1008 1625 1104 1680 mirum
1119 1625 1143 1680 ει
1157 1627 1224 1682 Cain
1239 1627 1386 1686 insurrexit
1400 1631 1429 1685 in
1443 1631 1565 1702 fratrem,
1581 1634 1628 1706 qui
1638 1650 1716 1691 suam
1731 1635 1807 1706 prius

153 1729 233 1774 tersa
257 1731 301 1773 res
322 1725 364 1772 est
385 1713 466 1788 feuda,
486 1714 588 1771 luteum
611 1731 668 1788 vas,
693 1715 768 1787 qued
791 1723 832 1772 εει
854 1731 953 1788 corpus
1007 1712 1140 1770 occiderat
1153 1712 1246 1771 fidem.
1261 1715 1332 1784 Quid
1348 1717 1464 1786 miraris,
1480 1736 1497 1776 o
1512 1721 1587 1789 Cain,
1600 1722 1624 1778 si
1642 1724 1676 1779 ed
1691 1731 1737 1780 tua
1751 1739 1806 1780 non

153 1802 187 1857 de
201 1809 281 1876 terra,
297 1805 390 1860 oculos
403 1804 501 1861 habere
515 1818 632 1872 sursum,
648 1804 734 1861 coelos
754 1802 839 1860 libere
859 1805 951 1876 suspi—
1006 1799 1118 1873 respicit
1131 1817 1244 1859 munera
1266 1804 1354 1874 quite
1372 1803 1601 1878 saepissimam.
1624 1827 1662 1881 ιν,
1686 1813 1728 1885 ιι.)
1749 1813 1806 1870 Nee
1893 1866 1899 1878 ,

154 1907 226 1960 cere,
248 1892 436 1964 caelorumque
457 1892 634 1949 luminaribus
658 1893 793 1950 oblectare
807 1901 950 1963 aspectum
969 1885 991 1964 Β
1008 1890 1060 1946 boe
1075 1888 1175 1945 mirum
1200 1890 1294 1946 sinon
1313 1892 1423 1962 respicit
1437 1897 1469 1950 ad
1486 1902 1522 1961 te,
1545 1897 1594 1968 qui
1612 1898 1647 1954 ita
1661 1901 1762 1956 diuisus
1775 1916 1806 1957 es

155 1979 322 2052 spiritualem
339 1995 404 2037 sero
418 1981 611 2054 caelestemque
626 1987 775 2038 creaturam
788 1995 853 2037 suos
868 1996 951 2038 econ-
1006 1977 1034 2033 iu
1050 1987 1085 2034 te.
1099 1977 1128 2033 Si
1143 1993 1253 2034 manum
1267 1977 1416 2047 iterationi,
1431 1980 1496 2051 quid
1509 1981 1629 2036 animuin
1644 1983 1692 2038 das
1706 1985 1804 2040 livorii

154 2068 236 2125 trario
250 2068 352 2136 oeulos,
370 2069 397 2125 id
419 2078 461 2125 est
480 2069 603 2127 internos
617 2086 714 2127 sensus
728 2076 811 2143 etque
825 2068 949 2138 affectus,
1005 2067 1066 2123 Non
1082 2065 1211 2122 concilias
1225 2067 1312 2124 Deum
1328 2066 1386 2134 tibi,
1402 2066 1506 2124 discors
1519 2075 1617 2138 ιεειιιιι,
1634 2085 1689 2126 uon
1702 2073 1805 2142 placas,

155 2157 263 2212 trahere
292 2157 319 2211 in
345 2165 444 2213 terram
467 2156 611 2226 deorsum;
629 2163 656 2213 ει
669 2174 729 2230 quae
749 2157 842 2214 debuit
856 2158 953 2214 nutriri
1007 2155 1056 2212 aed
1069 2170 1185 2226 peceas;
1211 2163 1238 2211 ει
1261 2155 1381 2213 ιιοιιιιιιιιι
1395 2155 1506 2227 quidem
1524 2155 1608 2228 impie
1622 2158 1743 2226 ferendo,
1759 2159 1806 2214 sed

153 2245 182 2300 in
197 2246 308 2317 croceis,
326 2247 429 2304 baerere
443 2245 513 2316 luto,
528 2255 656 2320 tanquam
684 2263 766 2303 unam
789 2247 824 2304 de
846 2247 950 2316 ειιιιιιιε,
1008 2253 1096 2300 tamen
1110 2241 1255 2299 dividendo
1271 2258 1325 2300 non
1345 2253 1426 2300 recte.
1450 2244 1508 2302 Etsi
1526 2245 1640 2302 necdum
1660 2245 1806 2314 fratricida,

154 2335 353 2408 amplexarique
378 2342 499 2392 stercora
530 2337 636 2407 (fbrcn
671 2352 710 2406 tv,
739 2335 778 2408 b).
807 2335 951 2402 Erubesce,
1006 2331 1061 2402 jam
1079 2338 1171 2387 tamen
1194 2329 1318 2388 fideicida
1342 2331 1450 2390 teneris.
1476 2331 1604 2404 Nunquid
1629 2341 1730 2404 rectus,
1763 2335 1806 2392 vel

153 2422 243 2479 anima
265 2440 334 2492 mea,
349 2423 468 2480 divinam
488 2423 618 2496 pecorina
630 2430 810 2481 commutasse
824 2423 953 2479 similitu·
1007 2420 1116 2491 quando
1140 2435 1249 2475 manum
1273 2418 1390 2492 porrigis
1410 2420 1476 2485 Deo,
1502 2421 1580 2490 cujus
1594 2436 1641 2478 cor
1659 2421 1687 2478 iu
1708 2431 1808 2480 terram

154 2511 264 2581 dinem;
280 2513 410 2569 erubesce
425 2511 539 2570 volutari
558 2515 587 2568 in
600 2527 689 2583 coene,
704 2527 765 2585 quae
779 2513 814 2568 de
828 2512 897 2568 coelo
912 2528 951 2570 es.
1008 2510 1088 2566 trabit
1106 2508 1174 2566 livor
1189 2520 1216 2565 et
1239 2508 1384 2564 fraternum
1408 2507 1524 2564 odium?
1542 2510 1684 2578 Quomodo
1707 2521 1807 2580 rectus,

152 2601 301 2672 Erubesce,
312 2601 411 2668 annua,
427 2601 465 2658 ait
479 2617 587 2673 corpus,
605 2602 632 2657 ιιι
651 2603 703 2660 mei
725 2600 951 2659 consideratione.
1007 2601 1087 2670 euJus
1109 2595 1179 2653 tides
1201 2604 1317 2663 mortua,
1342 2596 1419 2665 eujus
1439 2611 1509 2668 opus
1531 2599 1711 2670 messenius
1731 2598 1809 2655 nulle

153 2689 252 2744 Creata
273 2690 375 2747 creanti
398 2689 494 2746 similis
519 2698 603 2759 recta,
625 2706 667 2748 me
688 2707 798 2766 quoque
824 2686 954 2763 accepisti
1008 2685 1127 2756 deletio,
1142 2683 1290 2740 amaritudo
1305 2683 1411 2738 multa?
1428 2683 1491 2739 Erat
1505 2683 1615 2756 quidem
1631 2689 1659 2741 in
1674 2685 1808 2744 offerente

153 2775 320 2850 adjutorium
340 2777 426 2834 simile
440 2777 499 2845 tibi,
514 2778 608 2851 utique
627 2781 777 2836 secundum
791 2779 955 2838 lineamenta
1008 2774 1086 2842 fides,
1101 2774 1149 2829 sed
1174 2788 1229 2829 non
1248 2771 1277 2827 in
1299 2771 1352 2827 fide
1373 2771 1505 2828 dilectio:
1527 2781 1602 2828 recta
1623 2773 1734 2843 oblatio,
1760 2774 1809 2830 secl

134 2873 293 2936 ‘corporeae
317 2864 497 2922 rectitudinis.
512 2863 683 2938 Quocunque
697 2876 723 2924 te
737 2881 835 2940 sertas,
852 2867 907 2924 sive
921 2866 955 2922 ed
1008 2861 1123 2920 crudelis
1137 2859 1246 2918 divisio.

152 2953 241 3008 Deum
262 2969 378 3022 sursum,
394 2955 450 3012 sive
467 2954 501 3010 ad
517 2969 560 3010 me
574 2956 703 3012 deorsum
715 2959 806 3026 (nemo
820 2954 954 3028 siquidem
1044 2953 1072 3005 8.
1096 2953 1168 3008 Mors
1193 2948 1256 3005 fidei
1269 2959 1311 3007 est
1332 2947 1467 3021 separatio
1489 2947 1638 3005 charitatis.
1663 2950 1758 3008 Credis
1780 2950 1809 3006 in

152 3056 261 3098 carnem
281 3058 357 3098 suam
381 3058 502 3114 unquam
522 3041 585 3100 odio
609 3043 724 3116 babuit),
740 3044 840 3116 ubique
854 3041 955 3100 occurit
1009 3039 1168 3098 clarissuma
1191 3038 1234 3094 fac
1261 3035 1359 3094 Christi
1381 3052 1473 3108 opera,
1503 3045 1533 3092 ut
1559 3037 1630 3095 uitat
1657 3038 1726 3095 fides
1753 3048 1807 3098 tua.

153 3128 204 3185 tibi
218 3130 324 3203 species
346 3129 454 3191 decoris
478 3131 527 3202 tui,
543 3131 644 3203 ubique
657 3146 708 3204 pre
721 3140 856 3188 statutuae
865 3132 955 3205 digni·
1008 3130 1103 3186 fidem
1116 3138 1188 3185 tuam
1204 3125 1311 3184 dilectio
1323 3125 1435 3194 animet,
1445 3127 1544 3198 probet
1553 3125 1634 3184 actio.
1644 3127 1705 3185 Non
1718 3127 1809 3186 inem-

155 3217 221 3275 tatis
242 3219 327 3276 habes
345 3219 380 3274 de
395 3217 551 3293 magisterio
566 3218 707 3291 sapientiae
730 3219 890 3277 familiarem
904 3219 954 3274 ad·
1008 3224 1054 3274 ret
1080 3225 1217 3271 terrenum
1240 3227 1320 3285 opus,
1342 3226 1425 3284 quem
1448 3209 1515 3267 fides
1537 3214 1689 3269 coelestium
1711 3215 1805 3288 erigit.

153 3306 474 3382 monitionemfdeergo
488 3323 587 3380 meam,
599 3325 682 3382 quam
697 3308 736 3364 tui
750 3309 837 3384 gratia
851 3307 954 3380 accepi,
1010 3303 1064 3374 Qui
1091 3315 1116 3360 te
1130 3303 1198 3360 dicis
1221 3305 1248 3357 in
1264 3301 1370 3357 Cbristo
1393 3315 1513 3371 manere,
1538 3301 1632 3372 debes,
1656 3303 1728 3360 sicut
1751 3304 1811 3374 ipse

155 3396 337 3456 retinentect
369 3405 494 3453 servante
520 3399 747 3473 praerogatiuam
772 3406 800 3454 tu
819 3399 955 3470 quomode
1010 3393 1167 3461 ambularit,
1181 3400 1210 3447 et
1232 3402 1262 3446 tu
1285 3389 1431 3447 ambulare.
1447 3389 1528 3457 Quod
1550 3389 1575 3445 si
1594 3391 1731 3462 propriam
1745 3390 1810 3466 qlo-

155 3499 212 3541 nott
233 3483 406 3541 confunderis
426 3484 552 3541 amisisse
574 3484 672 3540 tuam?
691 3483 746 3540 Gur
765 3501 841 3541 suam
873 3485 901 3540 ιιι
930 3493 956 3539 te
1011 3483 1078 3540 riam
1114 3479 1223 3554 quaeris,
1252 3477 1365 3538 florenti
1397 3477 1512 3551 invidos,
1541 3479 1647 3536 absenti
1680 3480 1809 3548 detrahis,

156 3571 287 3628 Conditor
302 3572 423 3628 intuetur
440 3572 570 3629 abolitam
585 3571 797 3646 similitudinem,
807 3588 868 3628 cum
884 3581 956 3628 tuam
1011 3569 1120 3643 reponis
1133 3568 1242 3626 laedenti
1256 3576 1281 3625 te
1295 3585 1304 3625 :
1319 3568 1371 3625 boc
1384 3567 1508 3624 Christus
1531 3582 1585 3624 non
1599 3568 1672 3624 fecit.
1689 3567 1810 3626 Confite-

156 3659 185 3714 iu
208 3676 252 3716 me
268 3660 316 3716 tibi
330 3667 483 3726 conservet,
500 3660 661 3732 assidueque
674 3661 880 3731 repraeaeutetf
897 3661 957 3715 Jarn
1012 3660 1049 3716 ris
1063 3670 1088 3716 ιε
1109 3674 1190 3716 nosse
1212 3659 1308 3726 Deum,
1323 3656 1402 3713 iactis
1424 3665 1516 3714 autem
1537 3671 1635 3734 negas.
1656 3658 1718 3714 Nou
1738 3663 1811 3714 recte

156 3764 237 3806 ornue
259 3749 435 3820 adjutorium,
449 3749 523 3821 quod
539 3747 587 3803 tibi
605 3765 638 3804 ex
660 3763 703 3804 me
721 3749 877 3817 debebatur,
893 3765 956 3806 ver·
1013 3751 1102 3822 plane,
1119 3747 1169 3805 sed
1189 3747 1272 3820 imple
1296 3746 1414 3820 baguam
1434 3745 1552 3814 Christo,
1573 3747 1693 3804 animans
1711 3746 1811 3804 dedisti

156 3835 223 3918 ιιειιΙ
237 3835 285 3892 tibi
310 3837 338 3892 in
360 3836 567 3907 confusionem
589 3837 710 3892 abuteris
734 3838 864 3911 obsequio
883 3852 957 3905 meo,
1012 3841 1128 3913 diabolo.
1145 3836 1218 3893 Audi
1232 3851 1297 3909 ergo
1311 3836 1376 3908 quid
1392 3836 1462 3890 dicat
1477 3853 1484 3888 ;
1501 3837 1586 3893 Homo
1601 3837 1656 3892 istc
1672 3835 1812 3894 lebitones

155 3925 269 3996 indigne
291 3925 439 3981 huminum
460 3942 559 3997 0⁰fl³us
582 3926 725 3996 inhibita&
741 3929 836 3984 brutus
861 3932 888 3983 θῑ
910 3926 958 3983 δι’
1014 3933 1374 4004 ltcnorut,corcutemejus
1385 3931 1811 4004 buccatammaxnsra).

157 4013 244 4068 slialit
258 4013 378 4084 spiritus.
1014 4023 1076 4078 Non
1089 4035 1119 4076 es
1133 4019 1256 4092 profecto
1276 4023 1375 4084 rectus,
1398 4016 1517 4087 quitum
1533 4030 1588 4071 non
1607 4023 1681 4071 recte
1702 4015 1811 4072 dividis.

193 4104 221 4157 7·
232 4100 390 4157 Istiusmodi
406 4118 474 4174 erge
486 4119 576 4161 curva
591 4105 689 4162 animae
704 4120 759 4162 nott
772 4109 886 4176 possunt
899 4104 960 4162 dili·
1014 4113 1073 4168 Non
1088 4117 1165 4184 potes
1178 4107 1299 4165 attollere
1313 4117 1395 4179 eaput
1407 4120 1533 4177 pressum
1546 4102 1648 4161 diaboli
1658 4104 1812 4174 jugosNon

157 4207 223 4265 30¹⁰
244 4205 383 4263 ⁵f⁰fl⁸³¹¹²i
408 4191 537 4264 qu⁰⁰i³m
561 4208 616 4249 ¹1⁰ss
640 4200 703 4250 ⁸⁰¹¹*
731 4193 825 4250 tmissae
854 4208 959 4268 ⁵P⁰¹1⁵b
1015 4212 1042 4259 te
1068 4183 1209 4270 subrigere
1245 4196 1387 4270 prevales,
1417 4193 1460 4251 cui
1486 4195 1640 4251 dominatur
1673 4192 1812 4265 iniquitas.

159 4297 223 4338 eum
236 4279 405 4339 aintmundi.
419 4281 474 4351 Qui
489 4282 559 4350 vett,
577 4283 673 4356 inquit,
690 4285 961 4358 amicosessebujes
1015 4288 1170 4362 iniquitates
1194 4297 1247 4364 tuae¹
1273 4299 1459 4360 supergressae
1483 4294 1548 4340 sunt
1574 4290 1656 4356 caput
1678 4288 1767 4348 tuum,
1788 4291 1815 4339 et

159 4370 271 4438 muudi,
285 4370 421 4427 inimicus
435 4372 485 4428 net
500 4373 682 4430 constituitur
692 4372 764 4448 (luc.
780 4390 818 4442 rr,
833 4373 873 4445 d).
887 4373 960 4448 Ergo
1015 4381 1085 4437 sicut
1094 4394 1163 4436 onus
1178 4392 1261 4451 grate
1275 4390 1394 4450 gravatae
1406 4383 1469 4431 sunt
1478 4389 1560 4446 super
1570 4381 1596 4430 te
1608 4372 1696 4446 (Paul.
1708 4385 1811 4429 servu.

160 4473 282 4532 quaerere
295 4467 323 4515 el
347 4476 443 4531 sapere
466 4476 526 4533 quae
546 4469 609 4517 sunt
629 4479 710 4535 super
725 4475 832 4530 terram,
847 4465 961 4520 curvitas
977 4469 1054 4574 ⁰5).
1070 4465 1202 4537 iniqnitas
1224 4464 1342 4535 deoique
1365 4464 1442 4517 sedet
1463 4477 1544 4533 super
1559 4462 1688 4518 talentum
1710 4459 1815 4531 plumbi

160 4564 258 4606 anruiae
279 4557 320 4606 est
333 4567 340 4617 ;
355 4558 382 4606 et
406 4567 421 4606 e
448 4566 570 4624 regnone,
596 4553 720 4610 meditari
746 4568 779 4608 ac
806 4552 961 4608 desiderare
1015 4557 1109 4628 (chb.
1120 4573 1149 4625 v,
1164 4554 1204 4626 7).
1215 4553 1297 4608 Vides
1311 4552 1387 4624 quod
1399 4566 1454 4607 non
1468 4550 1545 4606 faciat
1559 4553 1696 4606 bominem
1711 4556 1815 4604 rectum

161 4651 224 4710 ‹11¹ae
246 4654 355 4695 smum
378 4649 451 4707 ⁵⁰⁰²,
481 4639 627 4698 ῐθῦῑῑωᾶθ·
651 4641 685 4696 Ei
710 4639 770 4713 19⁵³
795 4649 824 4696 ιιι
846 4641 963 4712 perfecta
1017 4645 1084 4703 fides
1098 4647 1179 4702 etiarn
1202 4651 1363 4713 rectaque
1387 4655 1441 4696 non
1456 4647 1584 4711 operatur
1602 4655 1635 4695 ex
1654 4637 1810 4694 dilectione.

160 4727 197 4784 sit
218 4729 307 4802 (178),
322 4729 351 4784 in
371 4745 455 4785 sensu
478 4729 621 4786 deliniatur
642 4738 669 4786 et
692 4745 835 4787 consensu.
851 4730 963 4787 Βεειιιιιι
1017 4735 1053 4792 Aa
1076 4733 1195 4806 quisine
1213 4729 1358 4786 dilectione
1383 4737 1434 4799 est,
1460 4743 1515 4784 uon
1535 4729 1614 4784 babet
1632 4727 1703 4783 uude
1721 4725 1817 4801 diligat

162 4832 258 4875 revera
281 4825 306 4873 te
324 4817 449 4890 dixerim,
466 4818 489 4874 ei
512 4829 585 4874 recte
613 4817 641 4874 in
663 4819 788 4876 omnibus
809 4818 921 4891 sentias,
937 4827 964 4881 et
1018 4838 1154 4900 spensam.
1172 4819 1225 4876 Sed
1239 4833 1290 4876 nee
1304 4833 1398 4890 opera,
1413 4817 1536 4889 quamvis
1554 4823 1638 4884 recta,
1653 4822 1757 4872 rectum
1770 4829 1818 4872 cer

162 4905 240 4963 factis
253 4923 308 4976 non
322 4907 478 4964 dissentias.
489 4908 638 4966 Invisibilis
647 4909 730 4965 animi
744 4917 844 4966 statum
859 4907 966 4966 nuntiet
1019 4913 1128 4988 efficere
1142 4905 1284 4965 sufficiunt
1306 4906 1363 4962 sine
1376 4903 1441 4960 fide.
1456 4903 1524 4976 Quis
1542 4904 1616 4960 enim
1628 4910 1732 4962 rectum
1745 4903 1818 4959 dican

161 4993 232 5052 fides
245 5008 273 5052 et
290 4996 371 5056 actio.
386 4999 502 5054 ltecturn
522 4997 626 5067 judica,
642 4999 665 5054 si
679 4997 733 5054 fide
746 4997 921 5067 catholicum,
934 4987 966 5054 ἐι
1019 5000 1157 5058 ιιοιιιιιιειιι
1170 5013 1226 5054 non
1240 4997 1392 5069 placentem
1413 4993 1496 5051 Dect
1511 4994 1575 5051 Sine
1589 4993 1644 5051 fide
1657 5001 1749 5052 ειιιειιι
1763 4993 1818 5049 irn-

158 5086 265 5156 juetum
288 5103 372 5159 opere
397 5088 564 5160 probareris.
589 5087 618 5144 Si
646 5104 699 5161 quo
729 5088 828 5160 minus,
852 5104 966 5145 currum
1020 5089 1148 5166 possibile
1162 5098 1204 5147 est
1217 5090 1324 5161 placere
1337 5085 1397 5142 Deo
1410 5085 1503 5158 (aar.
1518 5099 1557 5152 ιι,
1573 5088 1612 5170 ιι).
1627 5083 1680 5153 Qui
1694 5099 1749 5140 non
1763 5084 1819 5155 pla

197 5206 274 5278 (sta)
290 5209 368 5264 Hune
380 5207 462 5264 etiam
473 5209 573 5278 locum,
589 5208 624 5264 ob
639 5208 806 5280 premissam
819 5208 964 5276 rationem,
1020 5199 1121 5282 quibas
1139 5193 1297 5283 diciturne
1314 5209 1467 5268 sponsum:
1483 5193 1558 5248 flecti
1573 5192 1743 5275 diliguutte,
1768 5205 1817 5263 qut

162 5277 193 5332 in
218 5279 300 5335 euius
331 5280 447 5337 corbuili
475 5281 656 5350 discrepantia
682 5291 805 5336 vaurum
828 5279 964 5336 codicum.
1020 5272 1150 5328 videlicet
1164 5286 1197 5326 sn
1208 5270 1338 5325 mnibus
1352 5272 1381 5322 et
1395 5269 1480 5344 recte,
1495 5267 1524 5320 et
1538 5265 1817 5347 reetechruescunt.

161 5347 268 5417 Quibus
281 5350 361 5418 enim
377 5353 512 5423 prolixius
535 5355 611 5408 deest
624 5367 788 5424 prou-mrum
808 5355 889 5422 hujus
907 5366 965 5406 scr·
1021 5345 1091 5398 Tum
1105 5341 1274 5398 conciuditur
1290 5353 1379 5394 sermo
1401 5336 1444 5418 ms
1459 5335 1548 5419 ΨΜ
1564 5353 1574 5418 ,ἰ
1584 5336 1707 5402 millam
1719 5339 1754 5417 ‚0²
1768 5349 1819 5390 Μ*

162 5415 263 5490 ιιιοιιιε,
280 5422 307 5478 in
323 5424 365 5478 liis
383 5427 421 5478 ita
434 5423 548 5480 etl'ertur
561 5425 635 5479 biece
649 5431 754 5478 textus:
767 5423 919 5480 rectitudo.
931 5423 967 5479 fit
1022 5413 1231 5478 coaltissimus,
1243 5411 1428 5492 αιιιιιιηθναιῑ
1439 5405 1820 5496 titecsontosaponupaa

164 5493 457 5561 bonerectitodincm,
468 5499 502 5552 ot
511 5497 551 5550 sit
559 5497 687 5568 perlecto
696 5497 728 5553 in
738 5495 879 5561 omnibus,
888 5497 967 5550 inoc-
999 5544 1000 5552 ,
1022 5492 1117 5544 nante
1131 5486 1228 5569 cedens
1235 5484 1354 5568 [lemano
1368 5483 1467 5564 ιιῼζιιθ
1482 5480 1547 5534 16514
1560 5479 1679 5541 (simma
1690 5492 1739 5551 fut
1752 5491 1818 5557 W?

164 5565 352 5624 obcaecare
374 5572 416 5622 est
435 5583 520 5624 sensu
535 5577 622 5641 utque
637 5583 785 5626 cmaensu.
799 5569 889 5624 illum
903 5581 967 5624 osce
1003 5613 1006 5626 .
1021 5557 1171 5619 Putrcets
1190 5552 1716 5631 tmtsmactoowotetrepcutbaupsr
1723 5558 1820 5630 emota

164 5637 967 5712 rcetuncortcetacrtmpotetractctaomoibsupenttqa
1023 5631 1136 5706 secula.
1178 5627 1481 5714 tuen-Nomia&
1499 5621 1640 5680 lesslllllltm
1655 5621 1700 5676 ⁸¹11
1712 5621 1821 5702 0041968

165 5709 195 5767 et
205 5725 224 5766 u
233 5709 521 5781 rcetqquodsccsscit
535 5711 566 5768 in
580 5711 660 5771 nulle
673 5709 837 5771 eluantur.
851 5713 921 5769 Ecce
934 5708 968 5767 de
1022 5703 1186 5778 praeierunt·
