3950 6350
23 525 27 534 ,
69 467 121 522 ιιι
631 459 669 514 ιιι
688 455 968 528 oomaaonsma
986 458 1103 516 saeuo
1122 459 1157 520 v.
1668 463 1719 521 ma

66 587 205 660 Jejunium
221 585 373 644 orationem
392 585 512 655 roborat,
531 583 619 642 oratio
632 579 781 640 sanctificat
790 581 906 680 jeju-fl
923 581 1046 640 meraria.
1061 583 1103 639 lie
1124 580 1167 640 bis
1189 583 1236 656 qui
1258 583 1299 640 sic
1316 591 1406 654 orant,
1425 588 1489 644 audi
1508 587 1574 662 quid
1592 588 1721 663 loquatur

66 676 152 744 nium,
168 681 196 733 et
209 675 327 734 mnino
341 679 532 746 repraesentat.
552 672 625 744 Quid
645 670 717 730 enim
732 671 868 743 jejunium
921 672 956 730 ad
969 672 1131 744 prophetam
1142 672 1284 730 Dominus.
1307 672 1414 746 Glcmm
1434 673 1532 747 inquit,
1550 695 1587 736 nc
1603 694 1691 738 cesses
1710 696 1720 732 .·

66 764 148 823 nobis
161 763 294 836 proderit,
309 763 333 819 si
348 763 519 837 relinquatur
533 761 561 818 in
576 764 678 820 terra?
697 760 772 833 quod
787 760 868 818 absit.
920 764 1003 836 quasi
1018 764 1085 820 tttbc
1100 764 1200 822 ecclic
1213 777 1308 820 vocem
1323 766 1403 820 tcum
1422 761 1501 836 (laci.
1515 779 1593 834 bvltt,
1610 769 1649 837 t),
1663 775 1720 824 etc.

65 853 231 912 sublevetur
245 867 311 928 ergo
324 851 460 926 jejunium
474 867 566 925 penna
581 851 699 924 quadam
708 845 789 908 82!
805 863 867 907 ora·
923 852 1009 922 Quasi
1028 851 1105 918 racc,
1120 850 1208 924 inquit
1219 870 1226 910 :
1236 850 1300 924 quia
1313 851 1341 907 in
1355 849 1451 924 spiritu
1464 853 1620 910 vehementi
1630 856 1719 914 incre·

66 942 157 1002 tionis.
174 943 278 1000 Vamm
291 940 363 1012 buia,
376 958 411 999 ue
426 942 497 1000 torte
511 939 739 1008 minussuiiiciat,
755 939 869 996 alteram
920 941 1004 1012 pandi
1019 947 1082 996 sunt
1106 938 1253 1000 temerarii.
1274 941 1317 996 bie
1337 937 1439 995 etenim
1461 948 1595 1013 querunt,
1614 942 1661 1014 qui
1674 959 1721 1002 se-

63 1046 176 1105 quoque
189 1047 303 1088 necesse
318 1037 360 1088 est
374 1030 482 1088 sociari.
505 1031 601 1088 θναιίι
620 1032 705 1103 jotti,
723 1028 761 1084 ait
775 1027 868 1100 Scrip·
920 1027 1051 1099 metipsos
1074 1028 1196 1085 noudum
1214 1027 1387 1086 invenemnt.
1402 1030 1458 1085 Nec
1471 1030 1523 1085 boc
1536 1028 1597 1084 dico
1611 1035 1641 1087 ut
1653 1046 1720 1101 pec-

63 1128 136 1188 tura,
147 1123 281 1194 penetret
294 1120 488 1190 ccclcstliccti.
499 1121 646 1189 xxxv,20,
661 1117 718 1190 at).
729 1117 789 1174 Sint
803 1132 869 1189 ergo
920 1117 1057 1175 autoribus
1081 1115 1203 1174 auferam
1230 1118 1326 1174 orandi
1353 1117 1478 1175 fiduciam
1496 1136 1502 1175 :
1518 1118 1568 1176 sed
1588 1118 1649 1176 volo
1674 1135 1722 1176 eos

60 1209 169 1282 ieiunio
188 1217 293 1276 nostro,
313 1215 343 1265 ut
365 1207 443 1265 iacile
462 1209 547 1264 coelos
567 1211 705 1280 penetret,
727 1205 777 1262 alae
796 1205 867 1272 dua,
919 1221 1010 1277 orare,
1031 1214 1161 1280 unquam
1179 1214 1290 1282 gentem
1307 1223 1365 1282 quae
1384 1215 1525 1280 peccatum
1545 1206 1651 1274 iecerit,
1666 1222 1721 1265 non

63 1297 197 1356 orationis
218 1297 320 1356 scilicet
342 1303 424 1370 atque
448 1295 569 1367 justitia.
594 1295 701 1351 iustitia
724 1309 789 1351 vero
809 1309 869 1366 que
919 1296 1059 1366 justitiam.
1076 1295 1163 1353 Orant
1177 1311 1227 1369 pro
1241 1297 1410 1370 indulgentia
1424 1307 1597 1369 peccatorum
1612 1313 1722 1356 suorum

62 1394 116 1456 est,
133 1387 186 1446 nisi
199 1384 366 1458 quacutque
379 1384 469 1442 reddit
480 1385 554 1455 quod
563 1399 641 1440 suum
649 1382 788 1440 estiNoli
802 1397 868 1455 ergo
918 1397 948 1454 jn
980 1384 1071 1442 animo
1098 1384 1215 1442 contmto
1242 1393 1269 1442 et
1301 1386 1398 1458 spiritu
1429 1387 1597 1456 humilitatis,
1627 1403 1722 1460 quem-

63 1475 144 1548 quasi
157 1473 400 1532 solumattendere
414 1474 512 1530 Deum.
529 1471 645 1530 Debitor
659 1472 731 1530 enim
746 1473 867 1528 esetiam
919 1472 1066 1530 admodum
1096 1474 1257 1532 Publicanos
1283 1475 1328 1531 ille
1354 1492 1360 1528 :
1386 1479 1468 1544 Deus,
1497 1475 1597 1549 inquit,
1629 1480 1723 1552 propi·

61 1563 196 1636 prelatis,
210 1562 292 1618 etism
303 1561 433 1618 iratribus
445 1561 502 1618 tuis
518 1579 524 1618 :
540 1577 591 1617 uec
603 1561 661 1618 vult
674 1563 748 1618 Deus
762 1567 792 1617 ut
801 1576 867 1634 par·
920 1566 980 1622 tica
995 1568 1053 1621 ceto
1066 1564 1139 1620 miti
1151 1567 1294 1638 peccatori
1309 1563 1385 1634 (loc.
1402 1580 1484 1634 xviri,
1502 1567 1554 1634 13).
1570 1566 1721 1624 Temerita-

59 1651 209 1723 vipendas,
221 1665 292 1723 quos
302 1650 361 1724 ipse
371 1650 483 1708 minime
491 1651 673 1724 parvipendit.
685 1652 783 1722 Neque
794 1651 867 1708 enim
920 1651 1062 1709 tamenim
1081 1651 1152 1716 dico,
1174 1652 1283 1722 quando
1302 1651 1326 1708 is
1341 1652 1369 1707 in
1384 1654 1461 1724 cujus
1476 1653 1641 1712 conscientia
1655 1671 1721 1726 pec-

58 1741 124 1798 sine
150 1753 235 1798 cansa
254 1740 293 1794 ait
313 1737 460 1811 Apostolus
481 1757 488 1794 ε
506 1741 687 1800 macoma
714 1740 786 1797 borco
808 1755 867 1797 oon
919 1747 1009 1799 catum
1029 1741 1118 1798 adbuc
1131 1748 1179 1796 aut
1193 1739 1286 1796 vitium
1306 1739 1415 1813 aliquod
1433 1749 1540 1814 regnat,
1556 1743 1677 1800 ambulat
1692 1742 1720 1799 in

60 1834 181 1888 tactum
191 1826 865 1900 corcmliecrcdctiamccrumbomtaibcatliom.
919 1831 1027 1904 maguis
1047 1837 1075 1888 ct
1089 1831 1117 1886 in
1135 1828 1303 1886 mirabilibus
1324 1845 1408 1902 super
1424 1846 1465 1898 se,
1485 1831 1574 1888 minus
1593 1831 1722 1888 sollicitus

58 1934 113 1987 ιιιι,
130 1918 186 1989 ii).
209 1915 327 1974 Dicebas
342 1915 460 1973 fortasse
477 1934 483 1974 :
500 1915 606 1974 Sutiicit
626 1916 692 1972 mibi
713 1916 736 1973 si
762 1921 864 1974 tantum
881 1907 904 1986 Β
919 1936 969 1993 pro
982 1918 1104 1990 periculo
1118 1919 1216 1976 anime
1233 1933 1299 1976 suae.
1320 1918 1443 1975 Tertium
1462 1919 1611 1991 periculum
1630 1920 1720 1992 est,si

58 2007 138 2062 Deua
152 2006 287 2078 approbat
299 2005 374 2078 quod
384 2021 451 2078 ago:
466 2021 528 2078 quae
541 2005 606 2062 milri
620 2005 655 2062 de
670 2005 788 2061 humano
798 2021 865 2062 cura
919 2008 953 2064 sit
976 2007 1062 2066 oratio
1086 2006 1187 2080 tepida,
1211 2012 1240 2062 et
1261 2020 1316 2063 non
1336 2021 1370 2064 ex
1384 2006 1446 2063 viva
1459 2006 1606 2064 allectione
1619 2021 1719 2081 proce-

56 2093 186 2165 judicio?
208 2093 262 2152 Sed
285 2103 378 2152 certus
399 2093 437 2150 sis
457 2093 531 2167 quod
553 2091 579 2151 ei
602 2092 716 2150 mimme
745 2091 862 2164 placeat,
919 2095 999 2154 dens.
1022 2093 1127 2150 Timida
1148 2093 1257 2167 quidem
1280 2093 1367 2150 oratio
1390 2093 1488 2151 coelum
1506 2109 1563 2150 non
1581 2102 1717 2168 penetrat.

59 2182 195 2256 quidquid
214 2197 276 2240 cum
296 2182 425 2240 scandalo
442 2183 558 2240 tiliorum
576 2184 649 2254 ejus,
665 2187 692 2240 et
706 2188 801 2240 contra
818 2180 863 2256 ip·
919 2184 983 2256 quia
996 2181 1139 2254 restringit
1153 2183 1271 2238 mimum
1291 2183 1373 2238 timor
1391 2181 1597 2252 immoderatus,
1611 2191 1642 2241 ut
1656 2199 1720 2242 ora-

59 2270 120 2328 sios
135 2268 236 2328 ieceris
252 2269 431 2340 voluntatem,
451 2270 494 2328 cui
516 2269 629 2329 obedire
654 2275 782 2340 tanquam
803 2270 864 2341 ejus
918 2274 965 2340 tio,
986 2289 1043 2330 non
1060 2271 1150 2329 dicam
1173 2287 1229 2330 non
1250 2273 1412 2341 ascendere,
1433 2272 1482 2332 sed
1502 2287 1552 2350 nec
1569 2273 1720 2346 proaedere

58 2360 164 2418 vicario
192 2360 348 2433 oportebat.
374 2361 567 2431 Soccdficctc,
588 2358 687 2432 inquit,
704 2361 863 2432 jejunium,
918 2366 1010 2434 queat.
1030 2359 1134 2432 Tepido
1150 2359 1258 2417 veroin
1272 2375 1388 2416 ascemu
1406 2360 1559 2433 languescit
1573 2368 1602 2419 et
1615 2361 1719 2428 deficit,

56 2454 160 2508 cccotc
181 2454 285 2507 ccccm
299 2450 381 2522 (loct.
397 2464 441 2516 ιιι,
457 2449 512 2520 lb).
527 2447 599 2519 Quid
618 2453 661 2504 est
675 2447 749 2504 enim
763 2455 864 2504 coetum
918 2463 952 2506 eo
967 2448 1040 2521 quod
1053 2464 1110 2504 nou
1123 2449 1222 2506 babeat
1235 2449 1368 2524 vigorem.
1384 2449 1454 2505 Nam
1469 2451 1613 2508 temeraria
1627 2466 1721 2508 ascen·

56 2553 161 2597 vocare
173 2537 188 2594 i
201 2537 342 2596 Unitatem
359 2551 479 2602 serame,
500 2535 615 2612 diligere
634 2551 742 2609 pacem,
763 2535 864 2592 irater·
918 2535 966 2605 dit,
983 2537 1031 2595 sed
1045 2537 1149 2606 resilit;
1166 2536 1304 2594 resistitur
1320 2537 1394 2594 enim
1410 2537 1437 2594 ei
1452 2557 1458 2596 :
1472 2553 1525 2596 nec
1544 2544 1649 2596 ιιιιιιιιι
1663 2555 1720 2597 uon

56 2627 177 2684 nitatem
199 2642 303 2684 amare.
332 2626 471 2699 Superbus
490 2624 535 2680 ille
556 2623 709 2681 Pharisaeus
729 2623 863 2695 ieiunium
918 2625 1024 2683 obtinet
1037 2626 1163 2698 matiam,
1178 2627 1228 2684 sed
1243 2631 1273 2681 et
1285 2631 1407 2684 meretur
1420 2625 1639 2697 offensamQuoe
1652 2643 1719 2685 vero

58 2716 168 2783 babuit,
187 2716 322 2787 jejunium
342 2713 530 2780 sanctificavit,
550 2713 597 2785 qui
615 2712 742 2768 nimirum
755 2714 863 2784 jejuna·
917 2713 1014 2779 fidelis,
1034 2721 1062 2772 et
1085 2713 1204 2782 humilis,
1228 2712 1314 2772 822
1335 2722 1363 2773 et
1386 2712 1496 2772 terrens
1517 2714 1604 2771 oratio
1626 2713 1718 2781 luerit,

56 2805 102 2863 vit
113 2805 156 2862 bis
170 2803 199 2860 in
213 2804 343 2871 Sabbato,
358 2812 386 2860 et
399 2803 501 2877 gratias
510 2801 568 2876 egit
578 2803 660 2859 Deo:
681 2801 731 2858 sed
745 2817 801 2858 non
814 2817 862 2858 uo·
917 2801 1016 2860 coelum
1040 2803 1099 2860 sine
1127 2801 1209 2858 dubio
1237 2801 1392 2874 penetrabit
1423 2801 1515 2860 :unde
1542 2809 1647 2860 certum
1674 2809 1719 2860 est

58 2893 133 2952 cavit
150 2899 262 2962 coetum,
281 2891 376 2949 dicans
395 2906 402 2944 :
420 2893 480 2949 lton
493 2907 557 2948 aum
574 2891 648 2948 sicci
662 2892 759 2948 caeteri
773 2890 864 2950 bomt·
918 2891 990 2966 quod
1003 2905 1088 2948 uacua
1102 2891 1191 2950 redire
1204 2905 1259 2948 nou
1273 2889 1384 2962 poterit.

57 2999 135 3041 nom
149 2981 227 3052 (ιιι.
243 2995 327 3046 xvrn,
343 2977 405 3052 lt);
422 2978 538 3052 ideoque
552 2978 594 3034 ala
609 2993 664 3035 uua
678 2979 769 3035 nitens
785 2979 861 3050 jeju·
1225 2977 1342 3036 SERblO
1356 2978 1391 3037 V.

57 3073 139 3128 nium
163 3071 224 3140 ejus
246 3083 301 3126 non
319 3068 444 3140 pervenit
463 3067 492 3122 in
511 3066 621 3124 ciclum
636 3065 691 3124 Vos
706 3083 782 3144 crgo,
800 3069 864 3126 cba-
1100 3070 1140 3128 bc
1161 3068 1270 3144 triplici
1288 3071 1368 3128 modo
1382 3069 1530 3129 matonis.

56 3157 173 3227 nissimi,
188 3157 276 3216 ιιιιιι
286 3171 383 3212 manus
396 3164 500 3214 vestras
513 3155 542 3212 in
555 3155 862 3230 sanguinepeccatoris,
953 3163 978 3214 ι.
994 3156 1128 3226 Charitas,
1151 3173 1205 3230 qua
1224 3171 1275 3228 pro
1292 3157 1370 3214 vobis
1388 3155 1517 3214 sollidtus
1535 3172 1606 3226 sum,
1620 3158 1719 3216 iratres

57 3257 88 3306 at
102 3246 216 3306 omniuo
231 3243 338 3303 soliciti
356 3250 454 3316 estote,
469 3252 500 3300 ut
514 3243 571 3300 alas
585 3243 654 3300 duas
667 3243 768 3302 babeat
785 3245 859 3317 jeju·
880 3205 982 3314 ⁰urei,
1006 3246 1078 3320 cogit
1098 3252 1128 3303 ut
1154 3247 1251 3319 loquar
1277 3245 1355 3304 uobis
1370 3263 1377 3301 ι
1393 3253 1422 3302 ιι
1438 3253 1557 3320 urgente
1576 3261 1609 3302 ea
1632 3246 1718 3304 multo

57 3339 139 3396 nium
154 3344 286 3408 vestrum,
300 3333 505 3392 sanctimoniam
520 3333 626 3392 seilicet
641 3341 668 3392 et
681 3348 787 3406 pacem,
803 3333 862 3392 sinc
917 3333 1015 3408 saepius
1043 3335 1185 3407 loquerer,
1216 3332 1269 3390 nisi
1296 3341 1351 3390 tam
1379 3334 1470 3390 multis
1497 3332 1719 3408 occupationibus

58 3443 116 3500 qua
132 3440 214 3482 nemo
231 3424 442 3484 videbitilcum.
464 3423 646 3493 Sanctificate
662 3424 820 3495 jejunium,
835 3429 864 3480 ut
917 3423 1079 3496 impedirer.
1100 3423 1158 3480 Nec
1180 3421 1278 3479 mimm
1292 3421 1316 3478 si
1329 3421 1462 3480 sollicitus
1485 3437 1545 3480 sum
1568 3437 1619 3494 pro
1641 3421 1718 3480 vobis

56 3532 131 3588 pura
154 3514 271 3572 intentio
284 3521 313 3571 et
331 3513 430 3572 devota
454 3511 540 3568 oratio
560 3511 659 3570 diviua
678 3511 745 3567 illud
764 3511 864 3570 oilerat
917 3527 978 3568 cum
999 3511 1137 3572 inveniam
1150 3511 1179 3566 in
1193 3526 1238 3568 me
1257 3509 1317 3584 ipso
1333 3509 1474 3569 materiam
1496 3510 1608 3568 multam
1627 3517 1655 3568 ιι
1669 3525 1716 3568 oc·

57 3602 219 3675 majestati:
236 3605 334 3661 locate
348 3606 464 3669 coctum,
481 3607 511 3657 ut
523 3599 763 3672 congruatunitati
773 3619 779 3658 :
791 3603 865 3658 buc·
917 3601 1052 3658 cssionem
1063 3599 1261 3658 sollicitudinis.
1278 3598 1392 3670 Quoties
1409 3599 1481 3658 euim
1508 3599 1647 3673 propriam
1661 3599 1715 3654 mi-

58 3695 129 3750 dctc
153 3691 308 3752 Dominum
322 3692 355 3748 ic
370 3693 504 3765 tympano
518 3694 547 3745 ct
561 3689 644 3745 cboro
659 3686 749 3760 (Prot.
764 3703 809 3760 ca,
824 3688 861 3760 t),
917 3689 1016 3748 seriam
1031 3697 1059 3748 et
1072 3688 1232 3746 multimoda
1246 3688 1366 3760 pericula
1384 3689 1486 3762 cogito,
1507 3689 1580 3746 baud
1603 3688 1717 3746 dubium

57 3789 89 3838 ut
104 3795 225 3838 concors
239 3779 274 3836 sit
287 3776 462 3836 mortificatio
477 3777 577 3834 camis.
917 3779 983 3854 quin
996 3779 1031 3834 ad
1049 3793 1094 3836 me
1109 3777 1197 3850 ipsum
1211 3777 1389 3835 conturbetur
1404 3777 1494 3834 anima
1511 3793 1581 3836 msa.
1594 3779 1653 3835 Nec
1665 3777 1716 3834 mi·

96 3872 125 3928 9.
148 3869 234 3925 Ροιιο
248 3867 312 3942 quia
335 3867 412 3925 etde
431 3865 536 3938 jejunio
556 3872 584 3922 et
602 3865 637 3921 de
654 3863 758 3937 justitia
775 3865 865 3939 aliqua
917 3884 968 3925 nor
995 3867 1061 3924 mibi
1093 3866 1244 3924 sollicbudo
1271 3872 1313 3922 est
1340 3881 1391 3937 pro
1419 3865 1534 3938 singnis
1562 3866 1715 3940 quibusque

59 3957 193 4026 diximus,
216 3955 329 4029 dignum
348 3961 390 4011 est
406 3959 436 4011 ut
452 3953 487 4009 de
504 3951 628 4010 oratioue
648 3967 758 4026 quoque
778 3969 865 4026 panca
918 3963 1048 4023 vestrum,
1068 3955 1090 4012 ιι
1105 3962 1197 4012 tamen
1217 3954 1300 4028 diligo
1323 3969 1372 4012 vos
1393 3963 1521 4027 tanquam
1546 3971 1592 4012 me
1614 3953 1713 4026 ipsum.

59 4047 215 4119 loquamur.
235 4045 298 4100 llaec
317 4043 390 4100 euim
404 4051 505 4116 quanto
520 4039 656 4099 efficacior
670 4050 722 4113 est,
738 4042 761 4099 si
776 4041 865 4100 fiatut
917 4044 999 4104 Novit
1021 4045 1080 4117 ipse
1103 4044 1148 4116 qui
1170 4049 1306 4100 scrutatur
1333 4042 1426 4110 corda,
1455 4041 1562 4115 quoties
1584 4042 1612 4098 in
1633 4043 1715 4100 corde

58 4135 164 4202 debet;
180 4139 257 4190 tanto
275 4131 398 4189 callidius
417 4131 542 4204 impediri
557 4131 591 4186 ab
611 4130 766 4188 adversario
783 4132 863 4203 solet,
918 4149 980 4192 meo
1007 4131 1125 4206 propriae
1150 4130 1323 4190 solicitudini
1349 4130 1541 4204 praeponderat
1562 4128 1715 4188 sollicitudo

59 4221 203 4280 lntardum
217 4219 291 4276 enim
311 4217 433 4292 graviter
453 4217 602 4291 impeditur
619 4217 707 4275 oratio
721 4233 738 4274 a
750 4219 864 4290 pusilla·
918 4231 1018 4282 vestra.
1040 4223 1099 4280 Nec
1117 4221 1251 4278 mirumst
1266 4221 1351 4278 multa
1368 4219 1435 4277 mibi
1451 4218 1602 4279 sollicitudo
1617 4229 1669 4290 est,
1686 4229 1712 4277 et

59 4309 189 4368 niquitate
206 4307 316 4380 spiritus
335 4312 362 4364 et
378 4305 474 4362 timore
492 4305 681 4364 immoderato.
701 4305 759 4364 iloc
773 4313 864 4364 autam
918 4312 1000 4370 timor
1021 4325 1137 4383 magnus
1159 4307 1302 4366 conturbat
1315 4325 1360 4368 me
1374 4325 1459 4382 super
1478 4307 1604 4369 omnibus
1626 4309 1713 4377 vobis,

60 4405 126 4456 tune
142 4396 212 4454 solet
231 4395 300 4462 fieri.
316 4411 377 4452 cum
392 4394 432 4452 ⁸1⁰
446 4393 547 4467 weitai
565 4396 647 4451 homo
660 4396 798 4467 propriam
817 4396 863 4452 in·
918 4415 986 4474 quos
1004 4399 1085 4458 video
1101 4399 1129 4454 in
1148 4404 1223 4455 tanta
1242 4398 1351 4456 ιιιιιιιιι
1365 4407 1394 4456 ιι
1409 4399 1437 4454 ιιι
1452 4397 1534 4456 mnis
1555 4397 1715 4456 comtitutos

59 4485 239 4562 dignitatem,
249 4491 279 4540 ut
296 4498 351 4541 nou
364 4490 507 4541 convertat
524 4483 618 4540 oculos
631 4482 666 4538 ad
680 4483 798 4540 divinam
812 4485 862 4542 ba·
878 4523 902 4602 n
918 4504 979 4548 essa
993 4486 1130 4561 periculis,
1148 4486 1203 4559 lpsi
1217 4485 1300 4561 enim,
1315 4493 1346 4542 ut
1364 4485 1537 4544 mendesium
1552 4491 1603 4559 est,
1618 4495 1714 4560 gesta-

60 4575 234 4652 nignitatem.
254 4573 374 4648 abyssus
396 4575 472 4632 cutm
492 4572 626 4647 abyssum
648 4573 761 4630 invocat
774 4573 861 4645 (Paul.
918 4593 977 4636 mus
990 4576 1117 4650 laqueum
1142 4579 1276 4642 nostrum,
1297 4575 1397 4647 ubique
1415 4573 1556 4647 proprium
1573 4572 1712 4646 circunle7

60 4680 122 4732 ιιιι,
138 4662 168 4734 8)
188 4681 194 4721 ;
213 4661 330 4734 abyssus
348 4661 492 4728 luminosa,
519 4661 649 4732 abyssum
668 4661 860 4732 tenebrosam
917 4666 1002 4722 mmus
1021 4663 1160 4722 inimicum
1176 4680 1183 4718 ε
1199 4677 1310 4720 manem
1331 4664 1401 4719 banc
1422 4661 1520 4733 loquor
1543 4661 1578 4718 de
1600 4666 1714 4734 peccato

60 4755 177 4826 abyssus
191 4750 393 4818 misericordiae,
410 4750 539 4823 abyssum
554 4748 682 4806 miserim.
697 4749 864 4808 Profundum
916 4761 1018 4821 natam
1035 4752 1064 4807 iu
1084 4758 1197 4824 peccato
1216 4750 1365 4822 nutritam,
1384 4739 1539 4823 corruptam
1556 4743 1637 4808 bimis
1655 4750 1714 4822 ipsa

61 4855 181 4915 namque
196 4848 239 4896 est
252 4854 300 4895 cor
317 4839 443 4908 bominis,
460 4849 487 4897 et
507 4839 752 4912 imperscrutabile.
770 4841 825 4896 Sed
840 4840 863 4896 si
917 4841 1032 4914 origine,
1056 4839 1105 4895 sed
1126 4838 1210 4896 molto
1229 4838 1344 4911 amplius
1363 4853 1445 4912 prava
1463 4838 1660 4912 consuetudine
1674 4837 1713 4898 ιι-

61 4946 164 5007 magm
177 4926 362 5001 estiniquitas
379 4943 450 4992 mea,
467 4929 552 4986 multo
567 4930 655 5000 major
668 4937 720 4998 est,
734 4929 861 5000 Domine,
917 4931 1018 4988 datam
1038 4928 1110 4986 ltine
1129 4935 1172 4986 est
1201 4927 1274 5000 quod
1297 4936 1351 4984 tam
1371 4927 1470 4984 acriter
1491 4941 1555 4985 cero
1582 4927 1714 4984 aduersus

61 5020 151 5092 pietas
166 5026 222 5077 tua.
237 5018 358 5088 ideoque
373 5031 434 5072 cum
448 5015 482 5071 ad
496 5033 540 5074 me
559 5018 647 5090 ipsum
661 5019 768 5076 turbata
782 5016 864 5074 tuerit
917 5019 1042 5094 spirimm
1065 5016 1242 5091 concupiscit,
1270 5014 1344 5090 quod
1366 5015 1476 5073 assidue
1502 5024 1660 5088 murmurat,
1686 5024 1714 5072 et

60 5107 153 5164 anima
172 5121 246 5173 mea,
271 5117 377 5161 memor
394 5117 455 5160 sum
473 5104 652 5162 multitudinis
670 5105 863 5162 misericordiae
916 5107 1060 5182 impatiens
1074 5113 1117 5166 est
1130 5105 1290 5178 discipline,
1303 5104 1375 5178 quod
1389 5103 1481 5164 illicita
1494 5104 1626 5180 suggerit,
1641 5102 1713 5176 quod

63 5205 127 5264 tua,
148 5203 177 5252 et
196 5193 303 5267 respiro
323 5193 351 5250 in
376 5209 408 5250 ea
424 5211 431 5251 ε
447 5200 477 5249 ιι
495 5209 557 5250 cum
578 5193 708 5253 introiero
728 5195 757 5252 in
771 5194 862 5266 impo-
917 5212 968 5254 nec
990 5195 1087 5254 rationi
1106 5194 1287 5267 obtemperat,
1302 5207 1354 5250 nec
1372 5192 1511 5250 inhibetur
1530 5191 1585 5248 ullo
1605 5191 1713 5248 ιιιιιοιι.

64 5283 162 5342 tentias
175 5297 253 5340 mass
267 5281 337 5357 (22),
352 5283 416 5341 nolo
427 5282 574 5339 memorari
581 5282 691 5354 institam
701 5291 753 5341 tuae
767 5283 859 5340 solius.
951 5290 979 5343 2.
993 5283 1062 5341 Huic
1079 5283 1196 5352 accedit,
1217 5283 1287 5338 banc
1305 5282 1426 5352 adiuvat,
1448 5282 1500 5338 bac
1514 5279 1597 5337 utitur
1611 5277 1645 5333 ad
1660 5276 1712 5336 ira·

99 5376 125 5430 ι.
156 5369 349 5428 Verumtamen
374 5371 442 5428 siam
465 5369 617 5442 periculum
644 5377 702 5439 est,
730 5371 754 5428 si
781 5371 863 5430 luerit
916 5371 1080 5447 pugnandos
1105 5385 1156 5428 nos
1183 5369 1370 5428 callidissimus
1396 5383 1522 5441 serpens,
1544 5367 1587 5424 oui
1610 5367 1712 5424 ιιιιιιιιιιι

65 5461 151 5519 οιιιιο
165 5459 244 5517 nimis
258 5459 372 5528 tinrida3
388 5461 427 5518 sic
440 5460 468 5517 in
487 5459 625 5516 contraria
642 5466 720 5533 parte
743 5475 799 5518 non
812 5461 862 5516 mi-
916 5460 990 5518 aliud
1003 5457 1169 5516 desiderium
1184 5465 1236 5531 est,
1252 5458 1354 5516 nullum
1367 5457 1498 5526 studium,
1512 5455 1613 5514 nubum
1628 5472 1714 5533 nego·

67 5565 125 5619 nus,
140 5550 196 5608 imo
209 5555 237 5605 et
255 5549 344 5620 majus
360 5548 509 5622 periculum
524 5557 576 5615 est,
592 5549 615 5605 si
635 5546 705 5606 torte
721 5548 804 5605 inerit
818 5555 861 5606 te·
917 5550 992 5620 dum,
1015 5547 1066 5604 nisi
1085 5545 1228 5605 estundere
1252 5549 1414 5622 sangninem
1433 5545 1593 5602 animarum.
1610 5546 1658 5603 llic
1672 5555 1715 5603 est

99 5675 156 5747 (aa)
182 5674 231 5733 llic
252 5673 358 5732 variant
375 5675 469 5749 scripti
482 5684 509 5732 et
523 5676 598 5734 editi.
617 5674 732 5744 Quidam
747 5675 860 5745 babent,
916 5674 971 5733 Sed
994 5679 1087 5731 nostra
1107 5671 1189 5730 lectio
1212 5671 1317 5744 melior,
1331 5680 1361 5730 ut
1376 5672 1567 5746 impotentior
1580 5669 1715 5729 celeratur

68 5749 99 5802 la
117 5747 260 5820 potentias
273 5763 362 5818 mess,
376 5749 452 5820 coto,
467 5747 660 5820 etctlorstius
678 5747 770 5814 babet,
783 5751 860 5814 toea,
915 5747 949 5804 ad
966 5745 1220 5824 pusillanimitatem.
1393 5807 1397 5814 .
1491 5793 1495 5800 .
1596 5793 1631 5800 ..
