3950 6350
243 417 297 473 2¹¹9
701 425 730 482 S.
752 423 928 484 BERNARDI
947 419 1092 480 notatis
1110 419 1443 482 cunam-vattsotsts
1861 425 1917 477 ‘280

246 545 506 620 ornarispatestasin
516 547 618 606 calcet
629 549 661 606 in
673 553 749 608 terra
759 547 1041 626 (llatllrmxvunl8),
1058 561 1083 642 Α
1100 563 1162 622 quse
1176 551 1308 604 accurunt
1320 543 1439 614 interim,
1456 543 1547 606 llatris
1561 543 1748 618 desponsatio,
1766 561 1830 618 qua
1848 560 1917 616 par-

246 632 300 689 Sed
315 640 343 688 et
357 633 435 690 Pater
449 634 477 690 in
496 637 613 707 psalmo:
631 641 747 696 Postula
763 657 835 708 ame,
851 639 897 707 ait,
927 641 956 696 et
974 637 1043 696 dabo
1099 644 1142 694 tus
1156 635 1268 709 virginis
1286 644 1313 692 et
1326 634 1513 708 conceptionis
1532 633 1633 708 puritas
1646 634 1803 703 celabatur,
1829 634 1875 688 ita
1890 645 1917 688 ιιι

246 721 1044 804 tiiigenteshaereditatemtaarn,elpossessionemtaam
1097 726 1215 783 hominis
1240 724 1308 782 fabri
1330 723 1410 794 filius,
1437 722 1582 781 fabricator
1604 723 1721 781 hominis
1744 728 1914 798 putaretur.

244 813 1044 892 terminosterraedlegesoosinuir·paferrea,eltanqua-m
1098 814 1243 873 Infirmitas
1258 814 1340 872 etiam
1363 814 1494 887 emporis,
1511 829 1564 887 qua
1587 813 1715 870 nimirum
1738 813 1867 886 plorans
1891 827 1915 868 ct

244 917 293 956 uas
307 902 390 975 fipali
403 905 562 979 confringes
577 924 621 966 eos
632 906 720 978 (Psal.
735 923 763 974 ιι,
776 912 801 978 8,
814 909 851 980 9).
867 902 1046 978 Fortissiqui-
1098 904 1221 979 vagiens,
1237 904 1341 962 lacteus
1357 913 1384 960 et
1398 903 1548 972 dormiens,
1574 911 1601 959 et
1622 904 1730 960 cacteris
1755 903 1915 973 subpares<

244 987 309 1044 dem
322 991 367 1046 leo
382 999 433 1059 est,
455 1008 510 1049 nou
524 993 641 1051 crudelis
652 1013 663 1050 z·
680 997 770 1067 gravis
785 1005 877 1052 umen
894 993 1045 1068 indignatio
1100 992 1307 1050 necessitatibus
1326 991 1426 1059 earnis,
1445 990 1547 1048 latebat
1565 991 1637 1048 inter
1657 993 1716 1049 haec
1729 992 1828 1048 virtus
1845 990 1913 1046 disi·

245 1081 326 1152 ejus;
342 1087 370 1137 et
383 1081 560 1162 intolerabilis
578 1083 617 1139 ira
631 1085 772 1166 columbae.
793 1085 848 1143 Sed
866 1102 915 1158 pru
931 1084 987 1139 suis
1003 1083 1046 1138 leo
1100 1081 1201 1138 nitatis.
1232 1081 1277 1138 Sic
1308 1086 1335 1137 et
1350 1079 1574 1170 'circumcisionis
1600 1081 1707 1155 signum
1735 1079 1911 1152 suscipiens.
1953 1087 1954 1172 p

246 1169 346 1242 rugiet,
373 1186 427 1226 non
447 1171 476 1227 iu
500 1187 574 1230 snos.
600 1175 717 1232 Paveant
740 1173 840 1231 alieni:
866 1173 951 1231 tribus
978 1170 1048 1228 luda
1101 1171 1207 1245 peceati
1221 1170 1382 1241 remedium,
1399 1169 1568 1244 aegritndinis
1579 1170 1757 1237 medicinam,
1776 1170 1829 1244 qui
1846 1185 1915 1224 mar·

247 1258 334 1330 magis
348 1258 473 1320 exsultet.
1102 1256 1167 1315 bum
1181 1274 1290 1316 omnem
1310 1259 1406 1316 tollere
1425 1265 1539 1317 venerat
1563 1267 1591 1316 et
1613 1271 1774 1332 peecatum:
1799 1259 1911 1314 etitem

287 1351 329 1404 to.
344 1347 489 1406 Gaudeant
502 1339 546 1425 qui
556 1350 644 1407 induti
659 1359 722 1408 suut
737 1351 919 1420 confessione,
932 1367 1047 1424 quorum
1103 1347 1131 1404 iu
1145 1349 1296 1426 AEgyptum
1313 1348 1421 1424 fugiens
1435 1364 1451 1404 a
1465 1349 1533 1406 facie
1548 1349 1663 1406 Herodis
1674 1348 1777 1422 reguli,
1797 1363 1855 1404 nec
1869 1349 1912 1403 Dei

243 1438 336 1496 omnia
349 1439 527 1496 ossadicuut:
542 1443 668 1509 Domine,
680 1443 742 1516 pais
756 1443 869 1500 simalis
882 1443 951 1499 aiot?
961 1441 1048 1512 (Psoi.
1102 1437 1185 1494 Filius
1200 1437 1311 1512 agnosci
1324 1445 1443 1514 poterat,
1459 1454 1510 1496 nec
1523 1437 1580 1495 Rex
1596 1437 1667 1494 eceli.
1684 1436 1757 1507 Quid
1783 1436 1863 1492 trina
1876 1437 1912 1491 illa

248 1543 350 1596 xxxiv,
368 1529 426 1602 to.)
440 1533 491 1588 Leo
506 1531 539 1590 de
550 1532 627 1589 triba
637 1532 721 1601 rada,
737 1533 824 1592 radia
837 1533 935 1590 llaeid.
946 1530 1050 1588 Dicitur
1104 1527 1218 1584 tentatio
1243 1527 1346 1585 inimici
1376 1528 1402 1583 iu
1435 1527 1555 1596 deserta,
1585 1523 1614 1582 iu
1638 1525 1805 1598 pinnaculo,
1835 1542 1912 1598 supra

249 1617 321 1673 enim
341 1617 427 1675 David
442 1619 502 1676 visu
520 1620 718 1691 desiderabilis,
735 1621 780 1680 vel
794 1637 877 1695 manu
900 1619 996 1693 fortis,
1022 1628 1051 1676 et
1104 1619 1244 1672 rixantem‘.l
1259 1618 1289 1676 Si
1302 1618 1379 1689 filias
1392 1617 1451 1684 Dei,
1462 1614 1559 1689 inquit,
1575 1632 1614 1686 es,
1628 1615 1673 1672 die
1685 1619 1720 1672 at
1736 1615 1855 1688 lapides
1870 1617 1910 1669 isti

247 1707 320 1763 idem
335 1706 391 1765 ait:
411 1710 481 1767 Ante
497 1714 524 1769 te
539 1727 621 1769 omne
646 1709 735 1769 896
760 1712 932 1770 desideriam
953 1728 1050 1769 meam
1103 1723 1192 1779 panes
1205 1709 1295 1778 fiant,·
1310 1715 1337 1765 et
1360 1708 1443 1765 item:
1467 1705 1544 1764 llilte
1562 1710 1588 1764 to
1609 1706 1751 1788 deorsum.
1778 1705 1911 1760 Neutrum

248 1795 551 1872 (Psal.xxxv11,lt);
574 1807 615 1859 et:
640 1802 848 1860 Fortitudinem
861 1799 1003 1859 maamad
1024 1805 1051 1858 te
1103 1795 1226 1855 Christus
1241 1797 1314 1867 lecit,
1334 1805 1363 1854 ut
1386 1796 1541 1868 signaretur
1558 1793 1637 1863 liber,
1658 1803 1688 1852 ut
1703 1794 1911 1852 fallereturas-

249 1887 408 1946 custodiam
421 1890 511 1959 (Psal.
537 1905 612 1957 svin,
640 1889 695 1962 ιθ).
721 1889 813 1948 lindie
828 1889 924 1964 inquit,
949 1887 1048 1947 David.
1066 1883 1089 1962 fl
1105 1894 1188 1944 tutus.
1213 1885 1338 1958 Denique
1361 1901 1482 1959 eousque
1505 1884 1636 1943 seductus
1659 1891 1712 1958 est,
1738 1888 1772 1941 ut
1800 1884 1911 1940 haberet

249 1975 310 2030 Non
324 1975 410 2031 David
430 1977 506 2034 radix
528 1979 598 2049 ejus,
618 1978 667 2035 sed
690 1979 749 2051 ipse
772 1979 849 2034 radix
870 1977 967 2047 David,
988 1978 1050 2050 quia
1103 1977 1160 2049 jam
1173 1969 1224 2050 pro
1238 1975 1374 2032 constanti
1393 1975 1530 2032 hominem
1545 1992 1606 2033 esse
1621 1993 1730 2050 purum,
1757 1983 1789 2032 et
1810 1975 1841 2030 in
1857 1983 1908 2030 tau-

250 2073 352 2139 portat,
368 2073 460 2121 utnon
475 2077 607 2139 portatur.
623 2068 729 2136 llerito,
743 2067 829 2125 David
844 2074 946 2139 sancte,
966 2066 1050 2124 frium
1107 2073 1160 2124 tam
1176 2066 1314 2124 vesaniam
1329 2066 1456 2140 superbia
1475 2081 1547 2123 caeca
1569 2072 1774 2140 prorumperet,
1805 2077 1838 2122 ut
1859 2083 1907 2124 nau

252 2159 327 2211 tuum
350 2171 432 2212 vacas
451 2156 589 2212 dominum
610 2165 695 2224 tuum,
715 2157 779 2230 quia
801 2173 856 2214 nou
876 2166 906 2214 tu
931 2158 1049 2224 radicem
1104 2156 1209 2214 diceret
1223 2157 1308 2215 ultra:
1330 2157 1360 2215 Si
1372 2157 1450 2228 filias
1469 2159 1519 2214 Dei
1533 2173 1569 2225 es,
1586 2156 1652 2214 sed:
1668 2159 1732 2214 llac
1744 2157 1849 2214 omnia
1864 2157 1909 2212 tili
1955 2215 1956 2232 ,

251 2251 354 2317 portas,
375 2245 423 2300 sed
443 2245 520 2300 ra'dix
535 2253 571 2300 te.
588 2245 674 2303 Radix
694 2244 857 2303 fortitudinis
873 2256 925 2314 tuse
938 2254 966 2302 et
980 2246 1051 2302 desi·
1105 2246 1224 2313 alniasi
1238 2247 1387 2321 procidens
1402 2247 1562 2306 adoraveris
1579 2263 1625 2304 me
1643 2246 1760 2318 (Μαιιιι.
1785 2261 1830 2313 xv,
1846 2249 1907 2316 39).
1955 2243 1956 2282 i

252 2332 331 2402 derii,
348 2332 423 2389 radix
438 2333 638 2402 desiderabilis,
661 2335 737 2392 radix
760 2333 847 2392 fortis.
878 2337 948 2393 t'ait
964 2335 1050 2392 leode
1106 2334 1217 2392 Sextum
1232 2343 1275 2393 est
1293 2334 1461 2410 signaculum
1485 2335 1582 2405 crucis,
1607 2335 1655 2390 nbi
1678 2335 1820 2406 pependit
1842 2332 1908 2389 urar
1954 2389 1955 2394 ,

251 2424 328 2482 triba
342 2423 426 2496 iada,
441 2425 528 2484 radiae
537 2425 634 2492 David,
650 2425 886 2500 operirelibrnm,
902 2426 1051 2484 etsoluera
1105 2425 1237 2494 latrones,
1252 2431 1280 2481 et
1298 2441 1359 2482 eum
1373 2425 1473 2500 iniquis
1487 2424 1632 2498 deputatus
1648 2433 1689 2482 est
1702 2424 1845 2481 Dominus
1860 2441 1908 2478 nra·

249 2518 356 2588 septam
370 2513 519 2587 signacula
532 2515 603 2586 ejas.
618 2514 800 2587 Apocalypsis
810 2514 895 2570 verba
908 2522 971 2570 sunt
981 2514 1049 2570 liaec.
1104 2514 1221 2586 jestatis.
1237 2513 1339 2572 Clausit
1353 2521 1381 2570 et
1395 2512 1533 2587 sepultura
1547 2514 1644 2569 librum
1658 2513 1745 2569 hune:
1764 2529 1823 2569 nee
1832 2511 1907 2569 ullum

251 2602 362 2659 Diseant
384 2601 430 2674 qui
453 2617 508 2658 non
528 2601 666 2677 legerunt,
692 2601 814 2658 recolant
838 2599 883 2673 qui
902 2608 1050 2656 noverunt.
1106 2603 1275 2676 signaculum
1309 2603 1418 2660 omuino
1449 2603 1489 2660 sic
1520 2603 1654 2675 astrinxit,
1689 2603 1729 2660 sic
1765 2602 1908 2660 occultavit

256 2691 325 2761 Vidi,
345 2687 1053 2766 iuquitluanues,indeuterusedentissupertirra-
1107 2691 1234 2765 magnum
1263 2692 1371 2765 pietatis
1398 2700 1606 2750 sacramentum.
1633 2691 1749 2765 Sepulto
1781 2691 1906 2746 nimiru-

250 2797 330 2848 nam,
341 2781 445 2837 tiaram
455 2779 1054 2852 siprratamsigillisseptem,etnoneratqni
1106 2781 1232 2851 Domino,
1252 2782 1310 2839 sola
1325 2793 1429 2840 restare
1444 2783 1598 2855 desperatio
1613 2782 1771 2848 videbatur,
1794 2780 1869 2838 adea
1885 2785 1907 2834 ut

254 2873 366 2942 legaret,
388 2870 432 2926 nel
454 2868 588 2943 aperiret.
613 2870 648 2924 at
664 2884 722 2939 epo,
738 2867 785 2934 ait,
801 2867 901 2937 [leba-m
916 2870 1051 2939 maltum,
1108 2872 1231 2948 dispruli
1242 2873 1294 2948 ipsi
1308 2872 1450 2932 dicerunt:
1479 2876 1550 2944 Quia
1564 2892 1615 2932 nos
1629 2873 1819 2948 sperabamus
1835 2875 1905 2944 (lna.

254 2959 325 3033 qaod
339 2973 423 3016 nemo
438 2957 550 3029 aperire
571 2955 674 3011 libram
689 2954 792 3026 dignus
806 2957 995 3013 inveniretur.
1015 2957 1055 3013 at
1108 2979 1189 3032 xxiv,
1205 2965 1262 3034 ιι).
1282 2963 1348 3034 Quis
1359 2979 1414 3020 nou
1432 2962 1477 3019 illo
1491 2963 1569 3020 tieret
1591 2963 1620 3022 iu
1639 2972 1765 3035 tempore
1791 2962 1906 3018 clausum

254 3064 330 3106 anas
340 3047 373 3102 de
383 3044 539 3104 senioribus
549 3044 625 3100 dieii
635 3043 906 3114 milrirltleltev'en's,
918 3047 1056 3105 eeeeoicit
1109 3051 1210 3108 areuna
1224 3051 1332 3120 libmm,
1348 3060 1376 3108 et
1390 3067 1445 3108 nun
1462 3051 1582 3126 assequi
1597 3051 1736 3126 aperiret?

230 3155 233 3164 ¹
256 3140 298 3199 leo
313 3138 346 3194 de
363 3135 439 3193 tata
453 3134 534 3205 duda,
551 3134 636 3191 radia
650 3131 749 3191 Dauid.
767 3135 802 3191 Ει
820 3134 887 3204 vidi,
908 3139 936 3191 et
950 3153 1010 3195 ecoe
1025 3138 1055 3194 in
1146 3146 1190 3198 ιι.
1211 3142 1266 3199 Sed
1284 3158 1319 3198 ne
1338 3142 1446 3200 fleveris
1458 3143 1538 3213 ultra,
1555 3143 1674 3200 loannes
1687 3149 1805 3210 sanete;
1832 3139 1907 3196 etiam

255 3228 346 3286 media
356 3226 450 3284 tironi
459 3225 572 3297 Apnam
582 3227 718 3296 stantem,
731 3227 865 3294 tunquam
877 3227 1001 3283 occisam
1011 3247 1019 3284 :
1030 3231 1057 3285 et
1112 3238 1140 3288 tu
1153 3231 1209 3289 noli
1222 3232 1299 3299 llere,
1315 3233 1407 3288 Maria.
1419 3233 1514 3290 Procul
1528 3235 1563 3288 sit
1572 3233 1669 3302 luctus,
1681 3231 1802 3290 tristitiae
1813 3231 1908 3286 nebula

254 3315 485 3386 veniensaooepit
496 3309 1055 3383 libramdedeatorasedentisintlrrono,
1111 3317 1267 3390 dissipetur.
1287 3319 1426 3377 Laetamini
1440 3320 1469 3376 iu
1483 3319 1608 3388 Domino,
1625 3326 1653 3376 et
1667 3318 1817 3391 exsultate,
1833 3319 1907 3389 justi:

254 3401 1057 3479 eruperutttiorumzfaemqaeentaririamapnaetpra-
1110 3414 1139 3466 et
1152 3408 1314 3479 gloriamini,
1329 3424 1425 3466 omnes
1439 3409 1507 3466 recti
1526 3410 1608 3466 eorde
1633 3409 1718 3480 (Psal.
1743 3423 1833 3475 xxxi,
1860 3410 1907 3477 lli.

256 3495 363 3552 tiaram
380 3495 463 3550 aetio.
480 3492 600 3548 Leonem
614 3491 734 3546 loannes
753 3490 885 3560 audierat,
899 3501 927 3548 et
946 3493 1056 3567 Agnum
1109 3498 1213 3574 Dignus
1226 3507 1268 3554 est
1279 3500 1372 3570 Agnus
1387 3499 1545 3572 quioeeisus
1556 3505 1608 3567 est,
1623 3501 1679 3557 Lea
1689 3498 1735 3572 qui
1745 3498 1906 3561 resurrexit,

256 3583 331 3651 uidit,
340 3584 434 3655 Agnus
444 3580 551 3638 occisus
562 3585 613 3648 est,
621 3578 717 3653 Agnus
727 3580 832 3652 accepit
841 3579 1056 3656 librum,Agnus
1110 3595 1248 3660 postremo
1271 3587 1340 3644 liber
1363 3587 1421 3660 ipse
1450 3587 1548 3660 dignus
1574 3595 1616 3645 est
1644 3587 1752 3659 aperire
1779 3585 1906 3659 seipsum.

257 3671 374 3745 aperuit,
395 3679 422 3728 et
436 3669 642 3742 apparuitLeo.
658 3669 782 3742 Denique
797 3670 899 3744 dignas
913 3675 965 3738 est,
981 3673 1056 3730 aiunt
1110 3676 1267 3749 Resurgens
1293 3675 1420 3732 nimirum
1447 3691 1463 3732 a
1491 3672 1577 3734 891
1605 3675 1728 3744 mortuis,
1759 3689 1907 3748 resurgens

258 3759 392 3826 seniores,
409 3760 504 3830 Apaas
522 3758 572 3830 oni
585 3758 750 3826 occisasest
770 3762 897 3832 accipere
909 3763 1057 3833 fortitudi-
1110 3772 1200 3823 autem
1218 3766 1316 3822 virtute
1339 3766 1460 3839 propria,
1475 3773 1504 3822 et
1526 3775 1587 3838 post
1602 3773 1658 3821 tres
1671 3764 1741 3833 dies,
1762 3764 1838 3821 siem
1857 3765 1906 3838 ipae

259 3867 324 3909 nem
349 3849 441 3922 (ripae.
462 3863 490 3916 v,
503 3846 645 3920 12).'Non
665 3848 900 3906 mansuetudinem
919 3851 1054 3922 amittere,
1110 3854 1283 3928 predixerat,
1299 3853 1483 3912 testimonium
1497 3853 1703 3928 perhibentibus
1727 3853 1870 3919 inimicis;
1885 3863 1907 3910 et

257 3939 307 3997 sed
317 3937 442 4012 accipere
457 3935 650 4007 lartimdinem,
663 3943 692 3992 ut
703 3945 729 3994 et
744 3952 831 4014 agnus
845 3947 963 4009 manent,
975 3949 1002 3997 et
1011 3941 1055 4001 leo
1110 3960 1257 4018 resurgens
1269 3944 1297 3999 iu
1313 3950 1387 4001 tauta
1401 3945 1544 4017 majestate
1559 3951 1586 4001 et
1600 3944 1693 4020 gloria,
1705 3942 1815 4000 indicat
1828 3945 1906 3999 mani·
1958 3947 1959 4016 Ῑ

257 4029 300 4085 sit.
317 4028 379 4084 Plus
393 4025 464 4093 dieo,
478 4034 509 4083 ut
522 4025 587 4081 mihi
605 4026 722 4095 ridetur,
738 4026 811 4084 idem
828 4028 910 4085 etiam
929 4029 998 4086 liber
1013 4039 1057 4088 est
1110 4034 1179 4092 feste
1199 4048 1368 4108 quaeounque
1388 4033 1563 4108 prediximus
1582 4033 1731 4108 signacula,
1754 4034 1803 4092 vel
1819 4034 1907 4106 operi·

257 4118 304 4192 qui
318 4132 373 4174 non
387 4120 496 4188 poterat
509 4115 618 4187 aperiri.
634 4114 701 4186 Quis
715 4115 788 4171 euim
802 4117 903 4190 diguus
917 4118 1057 4178 iuvenire-
1110 4134 1200 4182 menta
1213 4123 1373 4195 voluntaria,
1405 4140 1459 4180 non
1482 4125 1650 4197 necesaria,
1675 4139 1727 4180 nee
1747 4123 1908 4180 cronditionis

258 4213 303 4263 tur
315 4204 423 4277 aperire
437 4204 510 4259 huuc
523 4201 646 4260 librum?
664 4204 808 4276 Indignum
827 4221 857 4262 se
872 4207 1014 4278 profitetur
1029 4216 1057 4267 et
1111 4212 1204 4282 luisse,
1228 4214 1278 4272 sed
1292 4213 1467 4288 dignationis.
1484 4214 1552 4284 Quid
1577 4220 1605 4272 tu
1626 4229 1723 4286 nuper,
1744 4213 1857 4281 tudaee,
1880 4215 1908 4268 si·

258 4295 318 4368 ipse
341 4291 459 4366 Baptista
482 4293 612 4361 ioannes,
637 4293 786 4366 quainter
813 4302 891 4351 natas
914 4297 1056 4356 muliemm
1111 4305 1215 4382 gnabas
1224 4303 1341 4376 lapidem
1353 4305 1540 4362 monumenti?
1554 4307 1624 4376 Quia
1632 4305 1763 4366 seductor
1773 4307 1829 4364 ille
1839 4306 1909 4364 dire·
1958 4371 1959 4374 Ἴ

259 4385 347 4457 major
360 4398 441 4440 nemo
455 4380 589 4438 surrexit:
606 4383 668 4442 Non
684 4399 756 4457 sam,
771 4385 869 4458 inquit,
885 4386 986 4461 dignas
1000 4391 1056 4447 sol·
1111 4397 1159 4450 rai
1172 4394 1264 4450 adlruc
1278 4394 1393 4452 vinens:
1408 4397 1475 4452 Post
1491 4397 1547 4453 tres
1560 4392 1618 4452 dies
1633 4409 1783 4467 resurgam
1803 4393 1909 4466 (idatii.
1958 4380 1959 4442 l

259 4471 735 4546 ueraeorripiamealeeamentiejas
748 4473 842 4547 (liare.
854 4490 876 4547 1,
885 4477 925 4549 7).
939 4479 1057 4538 Venerat
1112 4496 1202 4550 xxvn,
1216 4483 1272 4556 63).
1290 4482 1358 4539 Vere
1376 4483 1513 4553 seductor,
1529 4483 1578 4541 sed
1592 4484 1664 4558 pius,
1679 4499 1734 4540 non
1749 4484 1908 4543 malitiosus

257 4563 331 4622 euim
346 4562 380 4619 ad
396 4577 446 4619 nos
460 4560 580 4618 calceata
594 4562 731 4633 majestas,
755 4562 881 4622 diviuitas
899 4565 1055 4627 incarnata:
1113 4571 1235 4645 Denique
1253 4571 1456 4639 aednemtima
1471 4573 1597 4643 Domine,
1607 4578 1636 4630 et
1646 4573 1782 4630 seductas
1793 4573 1912 4640 samaia

257 4659 371 4714 venerat
382 4652 434 4710 Dei
447 4651 596 4724 Sapientia,
611 4651 660 4709 sed
684 4651 713 4709 in
727 4651 798 4711 libro
811 4654 901 4714 clausa
920 4658 1014 4734 utique
1028 4669 1056 4719 et
1110 4662 1244 4734 propheta
1254 4667 1348 4719 vester
1357 4659 1384 4718 iu
1398 4677 1515 4735 persona
1525 4670 1615 4720 vestra
1624 4680 1631 4730 ;
1641 4663 1745 4734 sortior
1756 4680 1806 4721 me
1820 4667 1910 4736 suisti,

258 4745 374 4820 signato.
404 4742 483 4814 Quod
510 4742 613 4816 ligabat
639 4742 758 4817 corrigia
787 4745 974 4819 calceamenti,
1004 4751 1056 4810 hoe
1110 4755 1139 4808 et
1149 4751 1299 4809 invaluisti
1311 4751 1425 4824 (terem.
1437 4767 1488 4823 xx,
1499 4752 1538 4826 7).
1550 4751 1908 4822 Seduxitvos‚otudaei,in

257 4835 422 4892 claudebam
439 4831 579 4904 signaculi
592 4830 664 4888 libii·
1110 4840 1256 4913 passione:
1283 4855 1346 4896 nam
1364 4841 1393 4896 in
1414 4842 1614 4899 resurreetione
1634 4840 1747 4899 invaluit
1764 4847 1794 4899 et
1812 4859 1912 4916 pram·

295 4925 338 4977 tl.
354 4920 410 4978 Sed
429 4920 496 4995 qnid
509 4920 624 4977 dicimus
638 4937 720 4994 super
730 4921 772 4979 his
786 4926 916 4997 septem?
929 4927 972 4983 Au
985 4927 1055 4986 forta
1109 4927 1158 4986 luit
1172 4929 1284 4987 riucens
1297 4931 1354 4987 Leo
1377 4929 1412 4986 de
1432 4931 1503 4988 tribu
1526 4931 1603 4988 luda.
1627 4929 1747 5000 Etenim,
1774 4931 1799 4988 si
1817 4933 1913 5006 angue

259 5010 356 5085 triplex
371 5010 469 5066 animm
485 5009 582 5077 virtus,
610 5009 687 5081 ratic,
711 5013 851 5085 memoria,
876 5017 1053 5092 etvoluutas3
1110 5020 1222 5086 sissent,
1251 5035 1389 5094 nunquam
1419 5019 1563 5078 Dominum
1592 5019 1688 5094 gloriae
1709 5018 1912 5078 crucifixissem

257 5109 285 5157 et
313 5097 479 5174 quadrifaria
506 5098 629 5173 corporis
654 5102 825 5174 compositio,
854 5119 888 5160 ex
911 5103 1055 5165 elementis
1110 5107 1137 5182 (l
1151 5111 1213 5167 Cor.
1228 5124 1259 5176 ιι,
1275 5109 1314 5182 8).
1336 5108 1407 5179 Quid
1422 5125 1488 5183 ergo
1508 5108 1628 5167 iacturas
1643 5109 1696 5166 esi
1719 5110 1755 5165 Et
1772 5113 1910 5183 praedixit,

255 5189 382 5248 videlieet
396 5196 522 5263 quatuor,
538 5188 565 5245 iu
580 5188 622 5246 his
635 5198 741 5263 septem
756 5197 799 5249 est
817 5193 1003 5270 intelligenda,
1025 5207 1055 5255 ut
1109 5200 1206 5271 etjam
1221 5198 1326 5256 revixit.
1342 5199 1494 5273 Diligenter
1503 5200 1615 5272 explora
1629 5199 1804 5274 signaculum
1822 5202 1914 5275 sepul-

257 5279 322 5338 uihil
346 5278 520 5337 devexitate
547 5280 723 5338 humanitatis
751 5281 871 5340 defuisse
900 5285 1055 5344 moveamus
1112 5296 1189 5358 tura,
1206 5295 1331 5362 apertum
1351 5295 1393 5346 est
1413 5290 1495 5347 euim.
1530 5290 1614 5346 Datur
1633 5289 1680 5344 tibi
1704 5289 1819 5362 signum
1845 5293 1916 5349 tana

256 5368 414 5428 Salvatorii
434 5370 477 5426 An
497 5369 583 5445 magis
596 5369 750 5427 humanitas
769 5373 829 5443 ejus
842 5371 902 5448 ipse
919 5383 961 5433 est
973 5375 1053 5447 liber,
1108 5379 1260 5450 prophetae,
1275 5379 1337 5452 qnia
1352 5384 1379 5435 et
1392 5379 1516 5452 praedixit
1530 5378 1600 5452 ipse.
1615 5377 1764 5454 Egreditur
1785 5381 1917 5438 Jonasde

256 5467 284 5514 at
305 5458 453 5532 querenda
466 5467 530 5515 sunt
551 5458 691 5535 signacula
711 5461 833 5532 septem?
855 5460 967 5534 Septem
981 5463 1054 5522 euim
1108 5477 1204 5525 ventre
1219 5467 1292 5526 ceti:
1309 5469 1431 5526 Christus
1445 5469 1479 5526 de
1493 5468 1575 5526 carde
1591 5475 1670 5526 terra
1686 5467 1769 5526 tertia
1784 5471 1835 5528 dia
1852 5489 1917 5546 pra-

256 5547 379 5626 quasdam
393 5546 511 5603 arbitror
523 5547 649 5616 inveniri,
665 5545 764 5620 qubus
778 5549 895 5607 maxirne
915 5551 1054 5610 celabatur
1107 5559 1190 5616 redit.
1217 5558 1275 5614 Nisi
1303 5559 1376 5630 quod
1398 5558 1541 5616 manifeste
1564 5559 1625 5631 plus
1658 5575 1740 5632 quam
1760 5561 1854 5619 Jonas
1877 5563 1918 5619 hic

266 5649 378 5692 ”wne
392 5635 540 5710 Pfflffllil
552 5635 715 5707 mliffilssfissr
729 5643 760 5692 ut
778 5651 834 5694 non
847 5646 942 5711 posset
953 5643 1052 5714 aperiri
1108 5648 1218 5720 (Μαιιιι.
1235 5663 1284 5716 xn,
1302 5647 1404 5720 ιιι-ιι),
1427 5649 1473 5721 qui
1488 5647 1664 5722 semeptisum
1687 5648 1807 5707 viriiiter
1832 5663 1863 5710 et
1885 5651 1917 5707 ιιι

254 5724 333 5794 liber,
347 5734 376 5784 et
389 5724 522 5799 sapientia
537 5741 598 5797 qua·
616 5723 719 5780 latebat
737 5726 859 5798 agnosci.
879 5728 948 5786 Sunt
962 5739 1052 5790 autem
1108 5737 1168 5810 ipso
1190 5743 1270 5796 utero
1289 5735 1387 5796 mortis
1407 5735 1510 5800 eduxit.
1535 5736 1686 5810 Propterea
1700 5736 1752 5796 riri
1784 5739 1918 5800 Ninivita
