4064 6344
271 468 343 535 itta
750 463 778 523 S.
798 462 963 524 atalattttt
981 461 1117 547 natatis
1135 461 1446 525 ttmmtattttbsts
1844 461 1917 524 ttto

270 589 408 650 coronarit
431 603 494 646 eum
514 587 594 646 Pater
616 603 691 657 suus,
707 587 794 644 iucem
817 585 919 643 habitat
933 586 1064 644 inaccessi·
1078 602 1101 681 Α
1116 587 1220 653 didam,
1236 595 1263 644 et
1281 603 1334 646 non
1353 587 1510 646 suavissime
1529 587 1674 646 redolemi
1694 587 1779 646 Tanta
1795 587 1916 662 deniqtm

269 682 360 748 bilem,
375 693 424 736 nec
438 692 535 750 posses
550 677 576 732 in
596 693 628 733 ea
642 675 715 731 illum
731 675 839 733 interim
853 675 944 733 adbuc
958 676 1061 733 ridere.
1118 677 1146 732 in
1174 677 1349 750 conceptione
1371 676 1474 734 relitlsit
1488 677 1598 749 superni
1619 678 1728 734 luminis
1741 679 1850 736 Neritus
1863 679 1914 735 de·

268 769 321 826 Sed
336 767 371 824 de
383 768 436 824 hoc
453 766 530 824 elias.
1118 767 1332 838 supervenientis
1346 765 1507 824 abundantis
1534 767 1659 839 Spiritus,
1680 778 1709 824 ιιι
1723 782 1758 825 ne
1771 767 1830 838 ipsu
1852 770 1914 841 qni·

305 864 332 914 6.
348 859 426 916 Nune
440 872 505 914 vero
529 855 613 912 lilium
637 853 736 910 veritas
756 862 814 924 est;
830 865 871 911 est
884 861 911 910 et
935 869 1063 911 mansue·
1118 855 1180 912 dem
1206 856 1289 931 Virgo
1303 866 1393 914 sancta
1425 856 1610 929 sustinnisset,
1638 858 1661 914 si
1676 874 1730 916 non
1745 857 1799 914 sibi
1813 857 1916 916 obum-

270 947 344 1006 tndo.
358 947 391 1004 Et
411 946 481 1002 bene
500 944 586 1002 lilium
611 943 801 1010 mansuetudo,
817 944 919 999 habens
935 941 1065 1000 innocen·
1118 941 1225 999 bratum
1239 941 1338 1000 lcreta
1363 944 1460 1002 virtum
1478 943 1619 1002 ditissimi.
1645 947 1729 1004 Porro
1745 955 1835 1003 ortum
1849 961 1916 1002 cuu-

270 1037 314 1095 tiae
328 1034 484 1100 candorem,
499 1041 527 1090 et
550 1034 661 1090 odorem
676 1033 745 1103 spei,
761 1035 894 1105 quonium
909 1037 978 1092 sunt
992 1033 1063 1089 reli·
1118 1031 1218 1088 didanit
1253 1032 1408 1106 incorrupta
1437 1033 1576 1108 virginitas
1602 1035 1713 1106 metris;
1728 1035 1917 1092 conversatio-

270 1125 355 1198 quim,
365 1122 462 1196 inquit,
479 1121 589 1181 homini
596 1121 713 1192 pacifico
723 1119 973 1192 (Psat.xxxv1,37).
984 1120 1064 1176 Bonae
1119 1135 1194 1186 nent,
1210 1121 1364 1178 innocentia
1377 1121 1459 1188 vitm3
1478 1123 1597 1196 etoquia,
1626 1123 1747 1192 mritas3
1775 1123 1917 1188 miracuta.

270 1213 330 1286 spei
362 1211 403 1267 nir
425 1216 592 1282 mansuetus,
608 1224 659 1265 nec
680 1209 771 1263 minus
794 1209 872 1264 etiam
897 1208 925 1262 iu
940 1207 1065 1278 praerenti
1118 1209 1219 1280 puritas
1244 1211 1354 1283 osrrdis3
1370 1217 1546 1278 sacramente,
1562 1211 1670 1282 pietatis
1684 1227 1831 1280 arcanum
1856 1229 1918 1282 pee-

268 1299 388 1358 lucidum
414 1297 550 1371 quoddam
568 1295 631 1352 vite
652 1302 693 1352 est
714 1293 821 1351 socialis
842 1295 991 1365 exemplar.
1007 1299 1064 1351 An·
1117 1297 1233 1366 sionem,
1263 1298 1381 1369 patiendi
1399 1297 1542 1368 voluntas3
1570 1306 1695 1368 mortem,
1723 1300 1832 1355 libertas
1862 1316 1918 1356 non

270 1404 325 1445 uon
353 1385 526 1459 liliumque
555 1385 628 1441 lueet
654 1382 755 1454 officio,
780 1384 881 1441 redolet
908 1384 976 1454 spe?
990 1382 1066 1440 Adde
1120 1386 1271 1454 moriendi,
1294 1387 1530 1457 resurrectionem,
1573 1397 1719 1459 martyrum
1753 1387 1913 1444 tortitudo:

269 1474 341 1550 quod
357 1475 425 1532 sicut
445 1473 542 1531 veritas
560 1472 594 1529 de
616 1479 685 1529 terra
699 1481 758 1529 orta
779 1479 828 1538 est,
845 1471 922 1528 itaet
936 1487 1063 1528 mansue·
1119 1475 1314 1542 ascensionem,
1333 1474 1464 1530 exhibitio
1482 1475 1701 1548 promissionum.
1717 1475 1806 1545 Quam
1829 1475 1919 1532 bonus

270 1566 344 1623 tudo.
358 1562 417 1620 Nisi
436 1561 498 1643 qais
518 1561 622 1616 dubitet
635 1567 725 1616 ortum
742 1559 782 1615 'de
805 1568 876 1616 terre
894 1561 1002 1633 Agrium
1017 1560 1064 1617 do·
1119 1561 1180 1617 lidci
1196 1563 1263 1618 odor
1278 1563 1306 1617 in
1333 1563 1376 1617 his
1403 1561 1525 1634 singulis,
1548 1560 1660 1619 tota
1684 1571 1779 1618 nostra
1796 1563 1916 1634 quidem,

270 1651 430 1709 minatorem
459 1657 537 1706 terrm
560 1649 627 1721 (len.
652 1662 712 1714 ιιι,
741 1647 778 1720 1),
794 1647 871 1703 illum
894 1664 1005 1722 agnum,
1019 1649 1065 1720 qui
1119 1652 1164 1720 qui
1178 1652 1319 1707 candorem
1334 1667 1387 1708 non
1411 1649 1539 1716 vidimus,
1567 1661 1687 1722 temporo
1708 1659 1736 1707 et
1751 1651 1856 1708 decere
1880 1668 1919 1707 re·

268 1741 303 1796 ad
323 1739 486 1796 occisionem
511 1739 608 1794 ductus
620 1745 670 1801 est,
686 1744 713 1793 et
732 1752 788 1793 non
813 1738 921 1808 aperuit
939 1752 1063 1794 ossuum
1120 1738 1212 1809 plensl
1236 1739 1269 1795 Et
1283 1739 1354 1795 besti
1376 1739 1422 1811 qui
1456 1753 1510 1794 nou
1538 1738 1674 1805 viderunt,
1687 1746 1715 1796 et
1741 1739 1918 1796 crediderunt

268 1829 335 1898 (lec.
351 1827 410 1894 nm,
421 1827 460 1899 7).
474 1826 532 1883 Nec
546 1834 649 1882 tantum
664 1825 843 1882 mansuetudo
859 1842 905 1883 seu
920 1826 1016 1884 veritas
1031 1827 1064 1884 de
1118 1829 1212 1896 (loun.
1227 1843 1278 1900 xx,
1293 1826 1351 1898 29).
1367 1827 1431 1882 l’ars
1446 1840 1505 1882 mea
1527 1825 1556 1882 in
1570 1827 1613 1882 bis
1623 1825 1774 1892 odornltae,
1791 1826 1840 1900 qni
1855 1843 1918 1897 pro·

269 1926 340 1975 terra
361 1924 421 1972 orta
444 1923 494 1982 est,
510 1915 559 1972 scd
586 1923 613 1972 et
642 1913 756 1985 iustitia,
771 1915 906 1986 propheta
929 1914 1035 1972 dicente
1056 1931 1062 1972 :
1081 1882 1189 1970 Bcedit
1220 1931 1252 1972 ex
1271 1913 1348 1986 ipsis.
1374 1913 1520 1971 lainiusus
1552 1915 1662 1970 cambus
1685 1915 1829 1985 meisepto
1847 1930 1917 1988 quo·

269 2007 379 2070 librate,
391 2003 464 2072 eceli,
475 2005 603 2078 desuper,
614 2006 643 2061 et
656 2003 741 2060 nubes
752 2003 854 2075 pluunt
858 2007 1065 2076 justum5cpe·
1119 2004 1180 2059 dnm
1209 2002 1271 2060 fidei
1305 2003 1495 2075 instrumento,
1518 2009 1545 2058 et
1573 2001 1684 2074 quidem
1698 2001 1840 2074 copiosius
1868 2017 1916 2074 pro
1966 2065 1969 2074 ,

270 2095 367 2152 matur
387 2098 475 2161 terra,
495 2097 524 2153 et
545 2093 686 2166 perminet
710 2095 894 2163 saluatorem,
909 2099 937 2151 et
944 2095 1064 2166 justitie
1119 2091 1294 2149 multitudine
1317 2091 1445 2160 liliorum,
1475 2105 1540 2146 sane
1566 2101 1592 2146 et
1628 2089 1756 2148 exsilium
1780 2089 1862 2156 least,
1891 2098 1918 2146 et

268 2185 382 2240 oriatur
390 2182 477 2240 mmai
486 2181 553 2252 (isc.
563 2177 630 2248 ιιι,
638 2180 762 2252 8).Quod
772 2189 860 2238 eutem
866 2181 970 2251 justitia
978 2181 1064 2237 lilium
1119 2183 1212 2255 putriae
1248 2179 1410 2238 desiderium
1438 2178 1545 2236 assidue
1573 2179 1686 2236 innonat
1712 2179 1741 2236 in
1766 2178 1917 2238 messium

267 2271 312 2335 sit,
327 2269 505 2328 recordamini
527 2269 562 2326 de
586 2269 736 2337 Scriptura,
758 2268 821 2341 quia
842 2270 933 2339 justus
957 2272 1063 2342 permi-
1118 2269 1197 2326 meis.

267 2359 346 2440 nubit
360 2361 436 2418 sieut
452 2359 558 2432 lilium,
569 2363 596 2418 et
610 2359 719 2430 florebit
734 2359 765 2416 in
781 2361 920 2415 oetmnum
935 2363 1002 2416 ante
1016 2361 1065 2416 Do
1153 2363 1179 2414 8.
1195 2359 1299 2415 liabent
1311 2355 1365 2413 lilia
1379 2363 1406 2413 et
1419 2355 1501 2430 aliqui
1529 2355 1659 2413 sodalium
1674 2358 1779 2428 spond,
1794 2359 1841 2414 secl
1862 2373 1915 2414 non

267 2465 378 2506 manum
393 2447 548 2519 (Oseexrv,
563 2448 601 2518 o).
615 2447 787 2519 Nequaquam
810 2445 896 2501 lilium
916 2448 968 2504 boc
982 2447 1064 2502 bodie
1117 2449 1231 2518 copiam.
1246 2446 1347 2503 Omnes
1367 2445 1438 2504 enim
1454 2445 1487 2501 ad
1511 2461 1665 2503 mensuram
1695 2446 1829 2517 Spiritum
1842 2463 1917 2506 ecce

267 2545 317 2602 est,
332 2545 360 2593 et
372 2551 434 2593 cras
453 2535 480 2590 in
502 2533 637 2592 clibanum
661 2533 784 2606 mittitur,
801 2533 865 2607 quia
888 2533 918 2589 in
932 2542 1063 2593 aeternum
1118 2545 1225 2610 petunt,
1247 2537 1280 2591 ad
1302 2550 1455 2591 mensnram
1475 2535 1588 2592 virtutes
1616 2543 1644 2592 et
1658 2536 1750 2602 dcm;
1774 2535 1851 2592 solos
1874 2535 1919 2592 ille

267 2623 383 2682 florebit.
398 2625 431 2680 Et
442 2623 549 2681 florebit
572 2631 633 2678 ante
651 2621 807 2688 Dominum,
824 2622 904 2692 cujus
919 2621 946 2679 in
960 2637 1064 2678 memo-
1118 2625 1267 2681 nonhabet
1282 2625 1395 2680 modum
1415 2624 1509 2694 (loun.
1525 2639 1568 2689 ιιι,
1585 2624 1641 2694 31),
1657 2626 1706 2696 qui
1725 2623 1805 2680 babet
1820 2633 1915 2682 totum.

269 2712 308 2768 ria
331 2721 432 2770 aetcms
453 2711 504 2769 erit
529 2711 626 2783 justus,
645 2721 671 2767 et
693 2711 727 2767 ab
754 2710 891 2766 auditione
912 2711 983 2766 mala
1009 2727 1062 2769 non
1118 2712 1196 2768 aliud
1214 2721 1255 2768 est
1283 2711 1339 2767 lilia
1356 2713 1468 2780 habere,
1497 2711 1570 2768 aliud
1597 2711 1704 2767 nonubi
1730 2712 1786 2767 lilia
1807 2713 1916 2768 habene.

270 2802 373 2857 tumebit
400 2802 488 2874 (Psnl.
504 2795 562 2866 eur,
586 2801 625 2871 7),
642 2797 689 2855 ills
717 2799 819 2855 scilicet
846 2799 991 2869 auditione,
1010 2815 1063 2874 qua
1117 2802 1203 2870 Quem
1218 2797 1371 2855 dabismihi
1385 2799 1419 2854 de
1435 2797 1497 2854 liliis
1510 2797 1673 2870 captivitatis
1690 2801 1760 2854 adeo
1783 2800 1915 2856 innocen-

268 2888 296 2943 in
322 2888 457 2946 clibanum
486 2887 559 2960 ignis
585 2893 742 2959 peccatores
765 2885 805 2942 ire
824 2886 962 2957 jubentur.
979 2888 1062 2945 Porro
1116 2897 1211 2946 temet
1235 2895 1367 2959 sanctum,
1392 2887 1438 2958 qui
1466 2893 1549 2943 totam
1577 2895 1676 2943 terram
1700 2901 1779 2942 suam
1804 2886 1916 2944 floribus

269 2977 351 3049 hujus
372 2975 422 3031 lilii
446 2976 548 3031 candor
570 2975 615 3031 cui
636 2989 690 3031 non
714 2975 847 3046 splendet,
864 2975 917 3030 nisi
939 2977 981 3031 cui
1006 2990 1060 3031 uon
1115 2991 1248 3050 occupare
1263 2975 1391 3048 potuerit,
1406 2982 1433 3032 et
1444 2974 1594 3032 istiusmodi
1609 2973 1743 3030 floribus?
1758 2975 1815 3030 Nec
1829 2973 1917 3032 inians

270 3063 372 3136 placet‘l
381 3064 502 3134 Denique
517 3063 560 3119 sol
574 3069 624 3128 est.
636 3064 684 3118 sed
699 3078 753 3119 non
767 3062 812 3120 ille
824 3063 871 3135 qui
884 3065 969 3121 oritur
981 3079 1062 3138 super
1115 3077 1188 3122 cerae
1203 3066 1281 3122 unius
1304 3063 1357 3120 dici
1388 3063 1447 3120 sinc
1477 3063 1557 3118 sorde
1575 3071 1616 3119 est
1643 3077 1723 3134 super
1743 3069 1845 3120 terram
1858 3063 1915 3133 (tol

267 3153 356 3208 bonos
371 3155 399 3208 et
424 3151 517 3208 malos.
530 3151 623 3222 Neque
641 3149 712 3209 enim
727 3151 773 3223 qui
795 3151 892 3208 dictori
914 3162 977 3209 sunt
993 3170 999 3209 :
1017 3155 1063 3212 Sol
1079 3158 1101 3235 ῃ
1115 3170 1173 3220 ιιι,
1188 3157 1214 3221 t,
1235 3157 1261 3220 5,
1270 3156 1346 3224 juata
1358 3151 1457 3223 lxx).
1477 3153 1590 3226 ldaqnns
1601 3159 1642 3210 est
1654 3151 1718 3222 quis
1733 3151 1838 3207 trienel
1852 3167 1917 3223 que·

269 3242 461 3310 {testitimonia
475 3244 555 3297 crtus
564 3243 607 3297 est
616 3239 694 3298 noto
708 3241 786 3313 (Sap.
799 3257 826 3304 ι,
839 3239 877 3312 6),
888 3239 975 3295 lucem
990 3241 1063 3299 illius
1115 3253 1177 3299 ιιιιιι·
1207 3241 1264 3298 lilia
1291 3241 1424 3297 aedificare
1452 3241 1568 3312 potuerit
1593 3240 1820 3311 interrssuuin
1845 3247 1916 3296 unu

268 3315 430 3402 quandoque
453 3329 587 3386 viderunt.
603 3328 736 3386 Viderunt
756 3338 844 3386 antem
869 3339 1000 3402 quotquot
1013 3345 1063 3386 au·
1116 3329 1247 3388 densitate
1264 3329 1402 3400 spinarum
1430 3339 1458 3386 ct
1480 3329 1653 3401 tribulorum,
1677 3345 1737 3403 quae
1762 3336 1831 3384 suut
1859 3345 1916 3401 pm

268 3419 397 3476 dierunt:
419 3417 493 3477 totis
507 3420 555 3495 qui
570 3419 677 3475 tintetis
693 3421 789 3487 Deum,
799 3419 907 3478 orietur
920 3421 962 3478 sol
971 3423 1062 3493 justi·
1116 3420 1188 3475 mina
1206 3420 1354 3476 inveterata
1373 3416 1569 3477 maledictionis
1595 3419 1721 3490 antique.
1739 3418 1849 3474 Neccm
1865 3433 1915 3474 ne·

270 3510 319 3566 tioe
342 3507 474 3582 (Nolanis.
490 3522 528 3574 ιι,
544 3509 581 3581 2).
596 3507 670 3579 Ergo
691 3509 803 3563 candor‘
814 3507 895 3578 hujus
920 3506 970 3563 lilii
992 3508 1062 3579 apud
1116 3523 1157 3580 ro,
1176 3509 1223 3583 qui
1246 3523 1351 3580 pauper
1372 3522 1442 3574 snm,
1471 3508 1539 3564 bene
1567 3507 1668 3580 agitur,
1697 3506 1721 3563 si
1748 3522 1867 3578 numam
1883 3506 1916 3561 ab

266 3587 370 3668 justum
386 3597 534 3670 fragrantia
557 3595 637 3652 etism
658 3610 743 3669 usque
756 3595 792 3652 ad
809 3595 917 3668 iniquos
931 3595 1062 3653 diffundi·
1116 3599 1167 3654 hac
1191 3598 1306 3668 pessima
1320 3605 1422 3669 segete,
1435 3595 1605 3667 iniquitatum
1630 3595 1757 3652 videlieet
1778 3606 1861 3667 atque
1874 3594 1916 3647 vi·

268 3695 322 3766 tor,
338 3686 389 3744 etsi
414 3701 469 3743 non
493 3684 520 3741 in
545 3686 646 3742 bonum
669 3683 749 3755 ipsis.
763 3683 885 3756 Denique
909 3683 1063 3743 andivimus
1117 3686 1226 3751 tiorum,
1245 3686 1377 3743 canditum
1404 3694 1483 3742 terrae
1505 3701 1573 3742 meae
1594 3684 1731 3740 uindicare
1743 3683 1919 3754 exstirpando

197 3786 198 3790 ’
267 3775 356 3844 justos
381 3773 502 3832 dicentes
516 3771 579 3846 quia
603 3773 709 3832 Christi
731 3775 819 3831 bonos
838 3773 905 3833 odor
918 3789 1016 3832 sumtus
1031 3776 1063 3832 in
1117 3786 1144 3831 et
1160 3774 1309 3834 excolendo
1329 3773 1473 3844 sufficiam,
1489 3773 1560 3830 unde
1588 3789 1674 3830 unum
1693 3771 1788 3828 saltem
1815 3773 1917 3844 proda-

269 3847 349 3920 'omnt‘
370 3863 444 3931 icco‚·
458 3862 507 3918 sed
529 3862 597 3921 aliie
620 3862 733 3938 quidem
751 3861 818 3921 oder
838 3864 904 3919 cttoe
917 3864 949 3921 in
962 3865 1061 3933 citum,
1115 3879 1177 3919 cere
1193 3863 1277 3920 lilium
1289 3863 1399 3934 possim,
1415 3864 1438 3918 si
1453 3863 1523 3919 torte
1543 3872 1570 3918 et
1585 3877 1667 3931 pones
1686 3877 1731 3918 me
1746 3859 1916 3932 paseiiuter-

269 3939 336 4009 cliis
356 3941 423 4009 odor
444 3953 546 4011 necetis
568 3951 601 4008 in
623 3955 745 4008 mortem
768 3947 808 4022 (ll
830 3953 1061 4031 tor.11‚rt,te).
1116 3955 1182 4008 dnm
1194 3953 1323 4026 dignetur
1335 3951 1369 4018 is,
1385 3945 1430 4023 qui
1447 3951 1566 4022 pascitur
1580 3950 1652 4008 inter
1667 3949 1732 4005 lilia.

268 4037 346 4111 Quis,
361 4041 403 4097 nel
427 4038 665 4111 sceleratissimus,
677 4039 745 4110 iusti
767 4055 821 4096 nou
845 4042 941 4111 probet
954 4041 1063 4113 opinio-
1151 4045 1177 4099 9,
1202 4043 1236 4098 m
1251 4057 1343 4114 parum
1369 4040 1434 4110 dixi,
1448 4055 1550 4097 unum:
1567 4039 1601 4096 de
1615 4039 1731 4111 penume
1749 4037 1842 4094 cordis
1865 4037 1917 4092 mei

269 4119 339 4194 nem,
354 4125 478 4200 quamvis
493 4141 546 4185 non
567 4134 638 4183 amet
655 4133 743 4199 opust
756 4127 791 4183 Et
804 4129 910 4199 beatas,
925 4129 949 4185 si
963 4143 992 4186 se
1007 4148 1061 4189 non
1115 4146 1146 4187 os
1160 4147 1250 4186 meum
1269 4131 1389 4186 locutum
1403 4135 1453 4185 est.
1478 4129 1566 4185 Unum
1596 4143 1709 4200 prorsus
1723 4143 1779 4182 non
1793 4125 1914 4188 stelbom

265 4203 370 4285 judicat
383 4215 411 4271 in
434 4230 467 4272 eo
481 4215 555 4286 quod
578 4215 683 4286 probat.
700 4215 805 4272 indicat
828 4225 926 4285 autem,
942 4220 1062 4290 probans
1114 4219 1168 4274 dno
1183 4219 1217 4275 ad
1232 4218 1321 4273 minus
1335 4215 1488 4274 necessaria
1502 4226 1576 4271 sunt.
1592 4215 1659 4272 Dico
1676 4215 1916 4272 autemcontineu·

267 4299 380 4376 bonum,
394 4311 421 4360 et
440 4317 496 4360 nou
519 4319 636 4361 amans:
658 4303 772 4376 ideoque
794 4320 847 4362 non
863 4305 957 4363 beatus
971 4307 1062 4379 plane,
1118 4306 1192 4373 tiam,
1211 4313 1239 4362 et
1262 4303 1441 4362 innocentiam
1460 4320 1467 4362 :
1488 4319 1603 4375 quemm
1624 4319 1678 4360 una
1694 4303 1755 4360 sine
1770 4304 1915 4360 alternuec

268 4393 314 4448 sed
337 4393 432 4458 misen,
453 4391 566 4463 proprio
591 4391 785 4450 condemnatus
809 4393 921 4465 judicio.
935 4393 1005 4465 Quid
1030 4413 1062 4455 eo
1079 4433 1101 4512 n
1117 4395 1237 4451 salvabit.
1250 4393 1487 4464 Fmrstradenique
1501 4393 1534 4446 ed
1557 4391 1796 4465 unamquamlibet
1822 4395 1916 4448 berum

267 4473 404 4550 iniserius,
424 4479 467 4535 cui
486 4479 555 4538 odor
570 4480 639 4552 ritae,
656 4496 709 4537 uon
725 4480 797 4553 vite,
814 4479 861 4538 sed
880 4484 974 4538 mortis
989 4499 1062 4540 nun-
1117 4482 1236 4540 invitabo
1251 4496 1392 4555 sponsum,
1407 4481 1455 4553 qui
1470 4495 1523 4537 non
1536 4480 1569 4536 ad
1586 4480 1684 4549 lilium,
1699 4481 1749 4538 sed
1765 4483 1917 4538 interlitis

268 4567 322 4625 tius
336 4569 396 4624 esti
410 4567 466 4627 lmo
480 4584 531 4626 uec
545 4570 654 4625 nuntius
667 4570 788 4642 quidem,
801 4570 848 4626 sed
862 4571 981 4643 bajulus.
1117 4571 1189 4642 pasci
1204 4568 1371 4642 perhibetur.
1388 4569 1466 4627 Dabo
1479 4569 1592 4642 proinde
1610 4585 1721 4642 operam
1736 4571 1838 4628 beben
1852 4569 1915 4635 lilia,

302 4659 330 4712 7.
345 4657 510 4714 Suntmulta
533 4657 604 4728 apud
623 4673 755 4729 sponsum
774 4667 802 4714 et
826 4656 950 4714 allaliliu
965 4668 1062 4730 praeter
1115 4659 1196 4716 nede
1225 4658 1411 4734 singularitate
1429 4667 1554 4716 causetur
1568 4657 1626 4725 lilii,
1643 4659 1690 4732 qui
1713 4673 1769 4716 non
1790 4658 1916 4715 vultnisi

269 4748 334 4810 lnaec,
351 4761 412 4816 quae
426 4760 460 4803 ex
486 4747 621 4818 Propheta
640 4746 790 4802 inciderant
808 4746 903 4818 nobis3
920 4749 1060 4804 veritatem
1116 4747 1187 4805 inter
1210 4747 1268 4804 tilia
1282 4747 1367 4820 pasci,
1381 4755 1408 4803 et
1425 4746 1464 4804 sic
1481 4745 1600 4803 declinet
1615 4747 1642 4802 in
1664 4746 1735 4802 irae
1754 4761 1837 4804 servo
1852 4761 1916 4802 sno.

267 4829 373 4906 loquor,
394 4843 422 4890 et
448 4834 696 4898 mansuetudinem,
720 4843 747 4890 ct
769 4833 916 4904 j'ustitiam3
932 4851 982 4893 nec
1010 4837 1063 4894 erit
1116 4837 1189 4895 Pono
1216 4836 1308 4908 itaque
1324 4835 1438 4907 primam
1467 4834 1589 4891 omnium
1621 4833 1806 4904 innocentiam
1823 4851 1831 4889 :
1846 4834 1917 4890 etsi

268 4921 378 4978 difficile
404 4923 460 4992 iam
484 4921 592 4979 cuilibet
612 4933 729 4980 nestrum
754 4911 852 4980 similia
872 4927 991 4998 reperire
1016 4943 1063 4998 per
1116 4923 1303 4998 buicjnngere
1322 4923 1515 4981 continentiam
1529 4925 1651 4998 quivero,
1669 4922 1780 4982 diuitem
1795 4937 1843 4980 me
1864 4939 1916 4994 pn-

268 5009 443 5081 semetipsum
468 5011 495 5066 in
510 5011 586 5066 horto
602 5019 658 5066 tam
681 5011 802 5068 deliciosi
819 5015 922 5085 sponsi.
938 5013 1064 5070 Abundat
1118 5016 1180 5069 tabo
1194 5013 1222 5068 in
1235 5016 1409 5085 possessione
1423 5012 1555 5070 liliorum.
1568 5015 1625 5071 lter
1645 5029 1705 5070 snm
1719 5013 1851 5079 autenr,si
1862 5021 1917 5068 ter-

267 5107 294 5154 ct
307 5094 506 5170 superabundat
519 5097 618 5155 talibus
633 5117 640 5155 ι
654 5099 716 5171 quis
729 5099 775 5156 illa
788 5102 945 5158 enumerati
959 5101 1062 5176 Nempe
1118 5100 1179 5156 tiam
1204 5100 1246 5158 bis
1273 5100 1419 5176 adjungere
1443 5111 1537 5175 potero
1565 5101 1733 5174 patientiam.
1750 5101 1785 5158 lit
1808 5101 1917 5174 quiden

267 5198 335 5261 quot
361 5186 484 5256 virtutes,
500 5194 541 5242 tot
568 5185 634 5245 lilia.
650 5187 719 5257 Quia
748 5189 808 5245 llum
835 5190 962 5248 vicimum
990 5191 1061 5264 apud
1117 5189 1519 5264 possuntsuilioereillae;sed
1541 5193 1606 5266 quia
1623 5199 1650 5246 et
1671 5190 1788 5248 delicere
1807 5189 1837 5246 iu
1860 5197 1919 5246 teo·

268 5275 413 5334 Dominum
429 5275 577 5333 virtutum‘.l
590 5273 670 5347 Quod
692 5277 715 5333 si
738 5279 878 5352 plenitudo
890 5282 1019 5338 virtutum
1035 5283 1064 5338 iu
1117 5278 1261 5336 udonibus
1284 5287 1405 5351 possunt,
1420 5279 1556 5353 siquidem
1571 5281 1682 5336 tentatio
1696 5287 1738 5337 est
1758 5279 1815 5337 tite
1830 5279 1917 5335 bomi-

269 5365 392 5436 Cbristo3
408 5375 435 5421 et
449 5365 577 5422 liliorum.
599 5369 632 5422 lit
656 5365 780 5425 fortassis
803 5377 942 5438 propterea
956 5371 1015 5439 ipsc
1032 5387 1062 5427 se
1117 5369 1160 5424 nis
1183 5375 1377 5440 superterram
1404 5369 1474 5440 (lob.
1489 5385 1540 5437 ιιι,
1562 5370 1612 5441 1);
1634 5384 1703 5441 opus
1732 5369 1858 5439 prolecto
1871 5381 1918 5438 pa-

267 5450 352 5511 lilium
377 5453 534 5527 appellavit,
559 5455 631 5526 quod
655 5463 728 5511 totus
750 5470 873 5513 versetur
897 5459 923 5514 in
946 5457 1020 5524 liliis,
1036 5469 1064 5516 ct
1117 5457 1210 5512 tientia
1238 5466 1287 5525 est,
1304 5473 1364 5530 quae
1383 5456 1576 5530 utriusquesit
1602 5459 1680 5532 quasi
1710 5457 1794 5514 tutrix
1822 5457 1916 5530 [ulios.

267 5541 356 5596 omniu
377 5557 439 5614 qnae
462 5541 549 5614 ipsius
568 5541 711 5608 sodalitia
727 5543 797 5612 siut,
818 5547 968 5619 conceptio,
988 5555 1064 5603 ortus
1118 5545 1217 5619 unuin]
1233 5546 1358 5618 quaedsm
1382 5554 1409 5602 et
1426 5559 1529 5606 custos.
1554 5549 1634 5617 Puto,
1648 5548 1671 5604 si
1685 5547 1791 5606 nouerit
1817 5555 1918 5602 amator

269 5632 447 5700 conversatio,
469 5633 586 5702 eloquia,
611 5632 751 5702 miracula,
767 5639 946 5701 sacramenta,
962 5637 1062 5707 passio,
1118 5635 1162 5692 ille
1182 5635 1307 5702 liliorum,
1328 5644 1354 5691 et
1370 5635 1406 5696 ita
1421 5637 1566 5711 invenerit,
1581 5639 1654 5716 quod
1680 5653 1734 5697 non
1762 5635 1918 5711 dedignabi-

271 5728 355 5785 mors,
370 5718 541 5782 resurrectio,
558 5721 692 5775 mansio.
708 5719 779 5788 Quid
803 5723 899 5778 horam
921 5739 974 5778 nun
996 5741 1063 5780 cau·
1118 5731 1160 5781 tur
1172 5725 1229 5793 jam
1244 5723 1319 5797 pasci
1340 5727 1413 5799 apud
1433 5736 1529 5796 nos‚et
1540 5729 1613 5802 atiud
1627 5744 1678 5788 nos
1692 5729 1784 5787 iacere
1797 5729 1916 5802 passim
