4118 6346
276 409 331 468 att
736 385 962 452 suammet
975 384 1116 447 tranrrs
1129 384 1455 444 anteverteras
1863 385 1917 440 395

263 517 1064 612 jaattttoueatrapluequcmscritorematl’horitnecrum,
1080 523 1104 602 fl
1121 509 1171 566 sed
1194 525 1244 583 pro
1255 509 1405 568 mansuetis
1416 517 1507 568 terre.
1522 509 1582 564 lem
1604 506 1691 576 nobis,
1708 506 1736 562 ui
1747 504 1840 575 tollor,
1853 521 1916 564 mo-

265 618 477 683 noaintrchttls
490 618 524 674 in
539 629 657 688 reparant
674 612 810 668 caetorum
824 606 936 678 (hullt.
960 619 988 671 v,
1004 602 1062 671 at).
1119 599 1217 656 lassum
1236 607 1288 669 est,
1304 601 1376 672 quod
1400 600 1505 656 deliciae
1527 597 1644 654 mrdaut
1671 596 1733 652 Nou
1747 595 1914 652 'andrentium

264 709 392 782 Alioquin
414 707 544 774 dicemus,
575 704 659 768 munt,
688 706 784 762 contra
813 705 840 753 te
866 691 1061 750 testimouium.
1118 687 1223 746 delicie
1236 698 1309 745 sunt.
1325 690 1548 746 Nounnerabuut
1562 685 1712 760 quamlibet
1726 685 1848 753 undamn,
1864 701 1916 743 uec

264 803 366 860 semen
385 799 524 866 chanaan,
539 801 567 851 et
580 807 635 849 nou
645 790 723 856 luda,
739 803 791 844 nae
800 787 852 841 boc
866 781 977 855 quidem
992 781 1064 850 lloy·
1117 779 1313 834 eructantibus
1327 778 1436 849 quidem
1450 783 1580 849 poterunt
1593 774 1716 831 fastidiri.

265 907 310 948 ses
324 890 351 945 iu
371 889 434 960 lege
462 883 609 941 mandavit.
637 882 680 936 hu
693 876 739 951 qui
763 874 885 932 decrevit
911 870 1061 927 adulteram
1151 869 1178 922 7.
1196 869 1293 923 dhaes
1307 872 1349 923 est
1365 866 1476 925 Getrt'el
1490 867 1606 938 capetus
1620 866 1702 921 olleo
1720 865 1752 920 in
1768 865 1914 922 tatamen

263 978 396 1053 lapidare,
412 974 548 1032 mandarit
561 985 689 1029 accusare
704 963 853 1040 pudieam?
869 977 904 1017 au
924 960 970 1033 qui
982 957 1062 1029 jussit
1119 956 1253 1024 (latitare,
1268 957 1318 1028 qai
1328 973 1429 1013 nomen
1445 954 1596 1012 Nazareth.
1613 952 1716 1008 lliraris
1740 953 1814 1024 quod
1826 953 1913 1010 Naua-

264 1071 414 1146 adulteram
442 1063 574 1137 lapidibus
602 1057 727 1132 opprimi,
757 1054 838 1112 ctiam
862 1050 941 1122 jussit
968 1055 1061 1104 contra
1116 1045 1188 1112 reth,
1204 1044 1404 1115 parentinus,
1424 1051 1452 1100 et
1467 1043 1534 1099 tanti
1548 1042 1623 1114 regis
1636 1041 1731 1098 nuntio
1753 1041 1911 1111 illustretur,

264 1161 402 1216 insontem
416 1152 599 1211 testimonium
615 1146 702 1205 ierrii
717 1146 773 1201 lmo
791 1157 858 1200 vero
872 1141 942 1195 sient
956 1136 1061 1192 adulte-
1116 1139 1142 1188 at
1167 1132 1260 1190 tanto?
1274 1133 1329 1190 Sed
1354 1148 1469 1208 magnus
1486 1133 1554 1189 latet
1576 1131 1604 1187 in
1625 1131 1676 1188 bac
1698 1145 1782 1203 parra
1804 1132 1914 1189 civitate

264 1265 332 1317 rem,
363 1247 401 1303 sic
416 1243 497 1300 etiam
518 1239 615 1294 falsum
638 1241 736 1292 testem
751 1247 806 1288 non
825 1227 984 1301 impunitum
999 1239 1060 1282 csse
1092 1216 1370 1291 'thesaurus31atet
1395 1222 1516 1294 iuquam,
1541 1221 1591 1278 sed
1612 1219 1738 1277 homiues
1765 1221 1841 1288 latet,
1856 1237 1912 1278 non

262 1337 394 1412 ΜΨ,
413 1334 510 1404 (peut,
531 1345 593 1398 m,
611 1329 707 1392 qaeu
722 1327 805 1382 Pron.
816 1334 877 1387 ιιιι,
894 1318 932 1390 9).
949 1314 1002 1371 Sed
1013 1313 1060 1386 qui
1114 1311 1210 1368 Deum.
1227 1314 1268 1366 dn
1283 1326 1340 1368 uon
1352 1312 1495 1367 thesaurus
1512 1311 1563 1367 Dei
1576 1308 1680 1365 Marini
1698 1309 1854 1383 ubicunque
1868 1310 1914 1366 illa

263 1423 417 1504 gloriamini
428 1423 456 1477 in
470 1420 542 1494 lege,
560 1431 609 1491 per
622 1414 692 1488 legis
707 1407 958 1484 praevaricationem
972 1404 1058 1459 Deum
1115 1407 1167 1468 est,
1183 1407 1211 1458 et
1232 1415 1280 1458 cor
1291 1401 1360 1470 ejus.
1377 1400 1454 1457 Oculi
1477 1402 1538 1470 ejus
1559 1415 1642 1472 super
1660 1414 1730 1470 caua
1746 1397 1847 1472 ubique
1863 1415 1913 1456 re-

261 1511 438 1572 inbonoratis.
1115 1487 1194 1560 spicit
1207 1488 1386 1545 bumilitatem
1404 1486 1509 1544 ancillae
1521 1503 1586 1543 sue.
1599 1486 1681 1543 Novit
1693 1486 1792 1542 coelam
1807 1485 1912 1560 Unige-

298 1608 324 1660 b.
344 1587 903 1674 tnqemattsoeonnqetaimnnpase'e
911 1583 1061 1640 mihimet
1115 1575 1187 1633 nitus
1212 1577 1263 1634 Dei
1289 1576 1398 1633 Patris?
1425 1577 1454 1633 Si
1478 1577 1550 1632 novit
1571 1575 1678 1644 eaelum,
1712 1582 1741 1631 et
1766 1576 1913 1632 Nazareth.

262 1693 397 1766 undique.
417 1687 543 1759 Undique
558 1683 631 1740 enim
644 1695 732 1747 mors3
749 1677 812 1732 hinc
835 1675 946 1747 quidem
960 1685 1059 1742 corpo·
1116 1665 1217 1733 Quidni
1232 1666 1300 1724 sciat
1315 1665 1429 1739 patriam
1443 1665 1543 1722 suam?
1559 1664 1654 1737 quidni
1675 1664 1779 1722 noverit
1793 1664 1914 1722 teredi-

260 1798 319 1851 rea,
347 1779 412 1836 iude
439 1774 593 1849 spiritualis.
611 1772 641 1829 Si
666 1771 725 1841 hoc,
746 1765 842 1838 inquit,
872 1778 960 1836 spero,
983 1775 1059 1817 mors
1115 1761 1197 1812 utem
1211 1757 1311 1812 suanri
1332 1755 1437 1812 Coelum
1451 1771 1485 1812 ex
1504 1756 1593 1822 Patre,
1612 1753 1746 1810 Nazareth
1766 1769 1799 1810 ex
1826 1763 1915 1810 matre

261 1873 333 1930 mihi
343 1874 403 1939 est3
414 1869 545 1926 aientem
560 1879 619 1921 aon
630 1875 718 1933 opero,
733 1873 792 1915 noa
804 1855 942 1927 essentem
955 1865 1060 1908 moetas
1076 1837 1098 1914 Β
1114 1843 1234 1901 vindieat
1250 1845 1312 1913 sibi,
1328 1845 1398 1901 sieut
1421 1844 1480 1915 ipse
1490 1859 1524 1901 se
1541 1853 1568 1900 et
1591 1843 1688 1899 Filium
1701 1843 1797 1908 David,
1818 1849 1846 1899 et
1864 1843 1916 1898 Do

260 1966 379 2022 nestros.
408 1957 528 2023 Vestras,
557 1968 573 2009 ο
601 1947 739 2016 Pharisaei,
772 1958 868 2000 manus
903 1955 956 1996 uec
978 1937 1058 1994 adul·
1113 1934 1217 1990 minum
1229 1949 1289 1990 esse
1299 1934 1530 2006 testetnrlldetth.
1544 1947 1615 2002 xxrr,
1625 1931 1917 2004 temtempestas

260 2059 319 2108 tera
330 2046 432 2124 elingit,
444 2061 496 2101 nec
507 2040 616 2115 pudiea:
630 2031 1060 2094 vestrasaccusationesnccsan·
1113 2025 1242 2090 Domt'no,
1259 2029 1363 2081 terrem
1380 2028 1478 2080 nalem
1493 2024 1567 2080 dedit
1576 2024 1645 2094 titiis
1660 2023 1810 2079 homirnam
1825 2021 1914 2090 (Paul.

260 2148 329 2209 ctus,
368 2153 420 2194 uec
447 2127 701 2208 peceatoffevadit.
732 2119 912 2179 Dissimulatis
948 2124 1059 2190 peccata
1112 2127 1192 2181 cxttr,
1218 2114 1273 2184 lli).
1289 2112 1374 2168 Cedat
1392 2126 1459 2184 ergo
1482 2112 1507 2167 ei
1531 2119 1677 2182 utrumque
1693 2125 1805 2168 noemae
1828 2110 1914 2166 estin

221 2261 227 2275 ·
258 2237 361 2296 vestra,
376 2226 423 2283 ubi
447 2219 606 2279 inveneritis
620 2217 724 2273 aliena:
741 2211 859 2283 alioquin
875 2208 898 2264 si
913 2207 973 2280 quis
987 2205 1058 2261 torte
1112 2203 1326 2272 possessionem,
1352 2200 1415 2274 quia
1429 2216 1485 2257 uon
1505 2201 1586 2258 modo
1604 2199 1745 2262 Dominus.
1771 2200 1820 2256 sed
1834 2209 1864 2256 et
1877 2198 1913 2254 ii·

257 2335 335 2377 suum
364 2331 419 2373 non
447 2313 539 2380 habet,
567 2314 687 2366 vestrum
716 2302 740 2357 ei
767 2297 915 2373 impingitis
942 2295 1055 2352 crimen.
1115 2291 1167 2347 lius
1190 2290 1308 2348 bonninis
1322 2297 1374 2348 ast.
1388 2290 1460 2346 hudi
1481 2290 1562 2347 etiam
1591 2289 1725 2362 quomodo
1747 2296 1847 2346 termm
1861 2288 1915 2344 sibi

257 2407 327 2478 Quid
344 2411 434 2462 tamen
446 2404 569 2458 Susanna
585 2395 657 2460 iacit,
674 2393 870 2448 intermortuus
890 2394 917 2442 et
930 2391 1055 2450 mortem,
1114 2388 1242 2452 tauquam
1258 2379 1327 2435 iilius
1343 2379 1460 2436 hominis
1471 2379 1600 2450 vindicat,
1616 2380 1665 2434 sed
1678 2386 1708 2433 ct
1732 2378 1915 2434 communicat

256 2495 354 2552 animm
368 2491 472 2572 seilicet
486 2496 513 2545 et
526 2484 659 2558 eorporis,
674 2480 796 2552 undique
810 2474 979 2549 angustata?
1000 2473 1055 2528 lle-
1111 2475 1239 2540 tanquam
1263 2484 1387 2541 sponsus.
1414 2471 1519 2539 Floras,
1544 2468 1641 2540 inquit,
1666 2473 1865 2543 apparuerant
1879 2470 1911 2523 its

257 2589 312 2644 ltns
323 2588 363 2640 eat
372 2582 455 2650 mihi,
466 2577 564 2651 inquit,
575 2575 676 2646 absque
689 2587 771 2643 opere
781 2567 905 2624 incidere
915 2565 1055 2619 inmanes
1112 2563 1191 2614 terra
1203 2563 1312 2616 nostra.
1336 2559 1431 2630 (dent.
1448 2574 1478 2626 ιι,
1503 2559 1558 2630 lt).
1574 2561 1669 2631 Neque
1686 2557 1748 2614 hine
1761 2557 1911 2628 discrepat,

257 2675 415 2741 hominnm,
432 2685 512 2745 quom
528 2663 722 2736 derelinquere
738 2662 823 2730 tepere
832 2656 882 2713 Dei
891 2654 956 2711 mei.
971 2650 1054 2706 Nimi-
1110 2647 1182 2719 quod
1197 2651 1328 2704 Nazareth
1352 2649 1549 2721 interpretatur
1570 2649 1636 2722 flos.
1660 2651 1739 2704 Amat
1752 2647 1913 2720 florigeram

256 2779 315 2820 rum
338 2761 443 2817 sciebat
456 2758 516 2822 ista,
532 2768 613 2827 qnam
636 2748 803 2806 horrendum
818 2744 852 2800 eit
877 2742 998 2798 incidere
1027 2739 1053 2795 iu
1109 2737 1224 2807 patriam
1238 2737 1288 2794 llos
1313 2739 1346 2794 de
1371 2738 1461 2794 radice
1477 2737 1561 2803 lesse,
1578 2743 1606 2792 et
1628 2737 1748 2793 libenter
1771 2737 1843 2793 iuter
1857 2734 1916 2791 lilia

254 2869 351 2910 manus
375 2849 426 2905 Dei
449 2843 574 2902 viventis.
599 2842 669 2900 Nam
693 2836 818 2893 homines
841 2831 961 2906 quidem,
990 2843 1053 2886 cum
1108 2826 1227 2897 pascitur
1240 2827 1291 2882 llos
1301 2828 1390 2898 campi
1406 2826 1529 2883 etlilium
1548 2826 1915 2885 convalliumtlommendal

255 2939 405 3001 occiderint
439 2951 549 3008 corpus,
568 2931 666 2988 animae
690 2943 744 2984 non
767 2925 869 2980 habeut
891 2922 961 2977 ultra
987 2919 1052 2992 quid
1108 2915 1180 2971 enim
1203 2915 1285 2972 llores
1305 2916 1485 2988 pulchritudo,
1502 2915 1695 2986 suaveolentia,
1721 2923 1751 2971 et
1775 2931 1839 2986 spes
1854 2915 1914 2970 lru·

256 3031 376 3089 laniant:
397 3025 441 3082 ille
464 3031 555 3080 autem
579 3019 717 3076 timendus
740 3021 792 3082 cst,
818 3011 862 3085 qni
888 3015 1051 3084 potestatem
1107 3011 1180 3076 ctus3
1196 3003 1283 3079 gratia
1307 3004 1415 3076 triplex.
1430 3004 1523 3076 Teque
1537 3003 1630 3061 llorem
1644 3009 1753 3075 reputat
1766 3003 1854 3068 Deuss
1879 3017 1897 3059 e

254 3121 338 3176 babet
365 3125 392 3174 et
419 3128 517 3185 corpus
543 3107 702 3167 etanimam
729 3103 837 3160 mittere
855 3099 1052 3175 ingehenuam
1109 3092 1221 3148 beueei
1241 3093 1393 3164 complacet
1415 3093 1496 3162 inte,
1521 3092 1607 3148 sitibl
1632 3092 1821 3148 nerhenestoe
1843 3105 1913 3147 eon-

256 3208 366 3279 (llnttln.
385 3219 415 3274 x,
428 3203 484 3275 28).
500 3198 570 3268 Quid
581 3195 684 3254 tamilla
701 3192 823 3250 loaehim
839 3188 950 3246 tardat?
966 3187 1054 3242 irruat
1070 3147 1269 3238 ss'versationis
1292 3181 1384 3248 decor,
1408 3195 1458 3237 nec
1481 3183 1561 3238 bonae
1583 3180 1721 3252 opinionis
1749 3179 1911 3252 fragrantia,

254 3314 304 3371 per
317 3292 400 3353 981
429 3289 572 3365 posticum,
597 3301 662 3341 nam
676 3283 704 3339 in
719 3279 841 3354 pomerio
855 3277 958 3334 clamor
975 3275 1052 3330 audi·
1108 3285 1160 3326 nec
1172 3269 1283 3328 intentio
1294 3271 1365 3327 desit
1378 3270 1475 3327 luturae
1484 3269 1680 3328 retributionis.
1698 3270 1813 3327 Fructus
1836 3268 1912 3326 enim

254 3396 309 3456 tur,·
339 3384 443 3441 clamor
463 3384 555 3436 antem
578 3377 703 3449 luporum
727 3369 862 3444 grauium,
881 3373 911 3423 et
936 3363 1052 3420 balantis
1106 3359 1217 3430 spiritus
1231 3366 1273 3414 est
1288 3357 1343 3416 vita
1356 3367 1468 3416 emina.

254 3473 366 3534 oviculae
379 3473 451 3528 iuter
469 3485 527 3526 eos.
553 3465 607 3524 Sed
621 3481 676 3520 uon
691 3461 793 3534 patitur
807 3458 841 3513 ad
857 3455 896 3513 eis
915 3452 1052 3508 innoxiam
1143 3453 1169 3504 8.
1186 3451 1225 3506 Ne
1233 3450 1344 3517 timens,
1358 3449 1444 3507 North
1450 3469 1460 3518 ,·
1471 3451 1606 3507 invenisti
1615 3452 1692 3507 enim
1701 3449 1826 3521 pretium
1834 3449 1913 3522 apud

255 3562 390 3626 devorari,
405 3557 496 3632 quiab
510 3555 576 3628 ipsis
590 3567 683 3611 eorum
698 3548 821 3606 lancibus
836 3551 889 3600 mm
909 3541 1054 3614 dignanter
1107 3538 1271 3596 Dominam.
1305 3537 1439 3605 Ouentam
1468 3537 1607 3610 gratiam?
1635 3536 1756 3592 Gratiam
1788 3537 1910 3607 planam,

255 3651 353 3724 eripuit
371 3647 454 3706 etiam
480 3643 548 3716 eripi
563 3657 618 3698 uon
642 3646 804 3696 merentem.
829 3631 925 3688 llerito
939 3627 1054 3702 proinde
1108 3627 1221 3700 gratiam
1249 3627 1426 3700 singularem.
1452 3626 1638 3701 singularem,
1668 3640 1704 3680 au
1732 3625 1913 3700 generalem?

256 3719 1055 3800 eamdacmcturndmortem,ereteorejesfidacinmhn-
1108 3717 1258 3789 Utramque
1277 3716 1336 3772 siue
1360 3715 1454 3788 dubio,
1475 3716 1538 3788 quia
1564 3714 1682 3786 plenam,
1697 3722 1726 3770 ct
1739 3729 1773 3770 eo
1787 3714 1911 3786 singula·

256 3833 323 3890 hene
337 3831 369 3886 ia
383 3829 510 3889 homino,
522 3837 604 3894 quem
622 3815 792 3890 usqueadeo
815 3810 959 3875 timuisset,
973 3813 1004 3862 ut
1021 3805 1055 3860 ti·
1110 3821 1175 3873 rem,
1193 3821 1247 3878 quo
1266 3806 1442 3876 generalem:
1472 3805 1531 3877 ipsa
1545 3804 1616 3859 enim
1641 3803 1799 3876 generalem
1815 3803 1911 3879 singu-

256 3934 360 3977 morem
385 3931 495 3972 omnem
511 3907 709 3985 postposuisset
743 3907 900 3965 humanum,
917 3905 944 3952 et
972 3894 1055 3968 ipsius
1108 3894 1201 3951 lariter
1226 3894 1365 3966 accepisti.
1404 3895 1456 3961 Eo,
1490 3895 1610 3966 inquam,
1644 3893 1821 3967 singularem,
1855 3909 1912 3965 qno

256 4011 346 4084 legem
370 4015 399 4063 et
422 4003 500 4060 simul
514 4000 577 4059 ritae
599 3994 802 4070 praeposuisset,
827 3997 854 4045 et
880 3987 970 4042 fame.
995 3985 1055 4042 Non
1109 3985 1282 4056 generalem:
1307 3999 1370 4038 uam
1385 3983 1442 4038 solu
1467 3999 1524 4054 prae
1545 3983 1670 4038 omuibus
1693 3981 1808 4058 gratiam
1831 3983 1912 4038 inue-

257 4101 334 4158 enim
343 4095 437 4153 dietus
447 4093 541 4166 secret
552 4103 641 4148 sermo
654 4079 848 4156 hujuscemodi
858 4073 1009 4150 aliqnando
1024 4073 1057 4130 tle
1109 4071 1182 4128 nisti.
1207 4073 1377 4145 singularem
1398 4073 1473 4145 quod
1497 4071 1553 4128 sola
1574 4072 1644 4128 hanc
1672 4071 1810 4128 inveneris
1825 4071 1914 4142 pleni·

258 4192 398 4248 Susanna.
411 4184 462 4241 Sed
472 4185 498 4239 et
507 4181 640 4253 parentes
648 4176 709 4247 ejas
714 4171 790 4245 justi
797 4171 889 4232 erent,
906 4166 986 4222 etcir
997 4164 1056 4235 ejas
1110 4161 1246 4234 tudinem3
1273 4161 1441 4236 generalem,
1465 4159 1540 4234 quod
1555 4160 1590 4218 de
1603 4161 1662 4234 ipsa
1675 4159 1848 4233 planitudine
1863 4175 1912 4216 ac·

261 4275 424 4336 honoratior
436 4271 565 4327 omnnium
575 4265 745 4324 ludaeorum.
757 4257 853 4314 Merito
863 4254 971 4326 igitura
983 4253 1057 4322 justo
1110 4251 1211 4323 cipiunt
1220 4250 1350 4306 universi.
1361 4250 1513 4308 Benedicta
1525 4255 1557 4308 tn
1566 4253 1597 4307 in
1607 4251 1781 4316 mutieribus,
1793 4253 1823 4308 ct
1833 4251 1914 4308 berse·

259 4366 353 4423 ludica
366 4363 467 4434 justam
481 4358 515 4414 de
525 4353 633 4426 iniustis
647 4348 762 4410 obtinuit
776 4345 914 4408 ultionem,
927 4357 987 4414 qnae
1003 4348 1058 4396 tam
1111 4342 1203 4398 dictes
1218 4343 1327 4412 fructas
1337 4343 1446 4398 ventris
1461 4342 1514 4396 tei.
1530 4339 1715 4411 Singulariter
1727 4338 1837 4412 qnidam
1853 4337 1912 4394 iru-

260 4455 439 4512 vchementer
451 4446 581 4521 justitiam
600 4439 720 4509 esurivit,
744 4444 774 4494 ut
789 4441 901 4508 propter
914 4447 975 4489 eam
989 4445 1058 4486 con·
1113 4437 1172 4486 ctus
1185 4430 1288 4485 neutris
1303 4429 1341 4484 tui
1351 4435 1410 4494 >est3
1432 4429 1481 4485 scd
1496 4428 1530 4484 ad
1545 4430 1667 4486 omnium
1681 4429 1789 4502 quidam
1804 4436 1913 4486 mentes

262 4549 397 4600 temneret
432 4542 547 4594 mortem
573 4527 704 4602 corporis,
734 4525 909 4599 opprobrium
937 4519 1058 4594 generis,
1114 4517 1300 4575 remediante
1325 4518 1457 4590 parvenit.
1483 4517 1528 4574 Sic
1552 4517 1689 4586 nimirum,
1713 4519 1752 4575 sio
1779 4519 1843 4576 olim
1867 4533 1914 4573 ros

262 4633 363 4690 luctum
384 4621 606 4684 inconsolabilem
617 4619 774 4676 amicorum.
1114 4615 1187 4664 totus
1199 4609 1228 4663 iu
1252 4607 1364 4677 vellere,
1387 4615 1458 4664 totus
1481 4607 1510 4663 in
1524 4623 1606 4673 area;
1622 4609 1671 4665 sed
1698 4607 1727 4663 in
1745 4607 1818 4665 nulla
1832 4615 1913 4679 parte

300 4727 326 4780 6.
342 4721 377 4777 Et
399 4733 460 4784 uos,
485 4712 593 4780 iratres,
610 4709 632 4766 si
654 4725 670 4764 a
689 4707 794 4764 Christo
816 4701 983 4760 audiuimus:
1006 4699 1060 4756 Nee
1115 4705 1281 4766 arcetotns,
1299 4697 1367 4754 sicut
1384 4695 1527 4754 invallare
1550 4697 1603 4753 luit
1616 4698 1720 4766 (tedis.
1746 4711 1786 4764 vr,
1805 4698 1912 4766 aeto).

264 4830 310 4888 epo
326 4817 353 4867 te
367 4804 565 4873 condemnato,
581 4799 604 4856 si
622 4812 736 4872 peccare
757 4797 814 4866 jam
828 4792 952 4848 nolumus
966 4793 1060 4844 eontra
1114 4789 1144 4844 ln
1159 4795 1195 4845 te.
1212 4787 1268 4844 sola
1283 4789 1344 4842 licx
1372 4785 1417 4842 ille
1445 4787 1521 4842 dives
1540 4795 1568 4842 et
1592 4787 1726 4859 praedives
1740 4785 1912 4850 exinanitus;

264 4902 363 4974 ipsum,
384 4897 406 4953 si
419 4895 448 4950 iu
472 4891 578 4949 Christo
600 4888 723 4946 volumus
746 4883 790 4957 pie
814 4881 921 4946 vivere
947 4891 1060 4934 necesse
1115 4875 1248 4948 excelsus,
1277 4875 1448 4943 humiliatus3
1478 4876 1637 4944 immensus,
1673 4876 1856 4945 abbreviatus,
1886 4881 1915 4930 et

265 4995 309 5047 est
321 4987 502 5044 sustineamus
514 4977 741 5053 persecutionem,
753 4990 788 5030 ne
802 4972 901 5026 malum
916 4983 965 5040 pro
977 4965 1059 5034 malo,
1115 4966 1220 5037 angelis
1241 4963 1391 5021 minoratus
1405 4971 1465 5020 est:
1494 4981 1578 5024 verua
1592 4964 1711 5037 dentque
1726 4964 1801 5020 licus¹
1813 4974 1840 5020 et
1860 4963 1913 5019 liei

265 5086 312 5135 aut
330 5074 501 5132 maledictum
520 5084 569 5142 pro
596 5065 741 5123 maledieto
762 5060 919 5118 reddamus.
934 5053 1060 5126 Alioquin
1114 5053 1369 5111 Filiusiuoarnatus⁴
1386 5053 1440 5109 sed
1455 5054 1630 5127 qnolructu‘l
1652 5053 1759 5126 Nempe
1772 5057 1803 5109 ut
1816 5067 1913 5108 omnes

266 5167 312 5242 qui
328 5162 482 5240 patientiam
498 5177 552 5216 nou
562 5155 720 5222 servaverit,
736 5149 833 5224 perdet
846 5143 994 5219 institiam3
1009 5143 1062 5226 hoc
1115 5145 1175 5214 ejus
1189 5150 1348 5215 paupertate
1368 5141 1573 5215 locupletemur,
1591 5143 1651 5214 ejus
1664 5140 1814 5200 humilitate
1823 5137 1912 5197 988

265 5259 315 5326 est,
340 5255 422 5314 vitam
445 5250 555 5323 perdet;
571 5248 624 5304 hoe
642 5251 694 5315 est,
711 5240 807 5314 perdet
829 5236 945 5293 animam
973 5247 1059 5288 suam.
1114 5233 1296 5302 sublevemur,
1318 5234 1378 5303 ejus
1400 5231 1580 5290 minoratione
1603 5231 1824 5307 magnificemur,
1850 5229 1912 5300 ejus

263 5347 331 5405 hlihi
345 5345 510 5404 vindictam,
534 5343 561 5394 et
578 5354 624 5410 epo
640 5333 805 5397 retribuam,
829 5327 901 5384 dicit
923 5323 1062 5380 Dominae
1115 5321 1300 5380 incarnatione
1314 5321 1487 5379 adherentes
1501 5321 1568 5390 Deo,
1586 5320 1748 5394 incipiemus
1766 5335 1836 5376 uuus
1849 5333 1913 5374 asse

264 5437 354 5512 (Nom.
370 5448 422 5502 xrr,
439 5431 496 5504 19).
515 5427 555 5484 lta
578 5437 690 5497 prorsus
704 5427 754 5476 est.
771 5418 832 5490 lpse
854 5413 997 5476 retribuet,
1013 5408 1062 5467 sed
1115 5410 1224 5484 spiritus
1238 5427 1298 5467 eum
1313 5427 1354 5468 ee.

265 5527 288 5583 si
302 5525 327 5582 ei
341 5522 486 5581 uindictam
502 5529 606 5580 serves,
621 5511 643 5566 si
661 5525 717 5566 non
732 5506 809 5564 tollas
823 5505 857 5561 ab
873 5518 906 5560 eo
919 5499 1060 5573 iudicium,
1151 5504 1177 5556 9.
1199 5499 1253 5557 Sed
1267 5500 1332 5574 qnid
1345 5497 1468 5568 dicimus,
1483 5497 1606 5556 iratres?
1620 5497 1727 5556 crunam
1742 5495 1914 5571 pothaimum

264 5601 287 5672 si
302 5629 356 5669 non
373 5610 472 5669 reddas
496 5599 710 5662 retribuentibus
728 5597 776 5653 tibi
789 5594 871 5652 mala.
888 5590 978 5648 Faciet
992 5587 1063 5659 judi·
1115 5589 1173 5647 vasi
1186 5588 1275 5662 gratia
1300 5587 1484 5645 infundetur?
1509 5587 1549 5654 Si,
1575 5594 1699 5659 utsupra
1725 5587 1913 5650 meminimus,

264 5689 345 5774 (pum,
366 5701 415 5758 sed
430 5695 557 5769 injuriam
579 5688 707 5765 patieuti3
723 5685 751 5743 in
779 5683 905 5760 equitate
918 5677 1058 5751 judicabit,
1115 5693 1199 5751 capax
1227 5676 1337 5752 quidam
1364 5681 1406 5733 est
1424 5674 1619 5733 misericordiae
1645 5673 1755 5746 fidncia,
1781 5673 1917 5749 patientia
