4118 6346
187 403 239 458 aas

698 401 766 459 PRO
784 401 955 460 bonnuel
968 403 981 459 I
992 401 1197 463 anmantuus
1210 404 1328 464 sunno
1342 409 1376 466 ll.

1778 413 1831 466 att

153 543 161 559 .
184 496 270 599 gnum
284 525 478 597 spectaculum,
495 524 603 596 fratres,
624 534 652 582 et
666 526 740 583 beati
754 527 825 584 oculi
844 527 892 601 qui
912 528 975 616 vide
995 545 1018 622 Α
1034 530 1152 586 salutare
1166 530 1217 586 Dei
1233 549 1238 587 :
1256 547 1322 588 sane
1337 547 1391 590 non
1418 535 1473 603 jnm
1500 537 1558 592 siue
1572 534 1664 607 specie
1679 542 1707 592 ει
1719 533 1829 604 decora,

186 621 258 670 runt.
274 613 341 684 Quis
369 630 424 671 non
454 622 509 671 toto
534 614 671 672 desiderio
703 613 878 684 concupiscat
897 620 978 669 natae

186 703 338 772 majestatis
364 704 477 774 gloriam
505 703 700 776 contemplari?
717 703 775 759 Hoc
800 703 900 774 quippe
920 718 982 758 san·

187 800 293 849 ctoruns
318 793 438 849 omnium
469 793 578 850 unicum
606 809 717 865 semper
737 791 902 848 desiderium
921 791 982 848 luit.

187 882 249 952 lpse
264 889 306 937 est
321 881 392 937 enirn
407 882 435 936 in
449 897 532 953 quem
544 882 702 939 desiderant
711 880 803 956 angeli
813 881 981 953 prospicere,

187 986 271 1042 quern
284 971 377 1026 videre
390 969 445 1027 vita
460 978 564 1027 aeterna
577 979 629 1030 est.
645 970 700 1027 Sed
715 970 806 1040 aliam,
821 968 927 1038 iratres,
939 984 984 1025 au·

187 1059 233 1115 dio
256 1058 396 1130 prophelae
419 1058 555 1131 ejusdem,
571 1069 599 1116 et
617 1059 742 1131 ejusdcm
770 1059 878 1116 Domini
900 1059 982 1131 longe

186 1146 347 1201 dissimilem
359 1147 504 1205 visionem.
516 1149 657 1221 Siquidem
671 1149 757 1204 lsaias
772 1148 823 1204 iste
834 1154 886 1217 est,
898 1147 982 1220 quiin

184 1234 237 1289 alio
250 1234 311 1290 loco
325 1234 365 1291 sic
378 1235 517 1316 loquitur:
539 1239 663 1296 Vidimus
678 1253 754 1303 enm,
770 1243 798 1295 ct
811 1253 868 1293 aen
883 1240 946 1294 eret
956 1240 983 1294 ei

183 1323 390 1398 speciesnepae
400 1325 498 1395 deccr;
511 1331 539 1383 et
549 1327 756 1384 estimavimus
766 1343 830 1383 eum
845 1330 982 1398 tunquam

185 1413 324 1484 leprosum
341 1411 418 1484 (lsci.
439 1430 497 1484 niu,
514 1415 553 1486 ι),
568 1423 621 1474 ειε.
640 1415 691 1471 Ubi
701 1413 767 1470 illud
781 1413 899 1485 primum
913 1429 981 1471 con·

184 1499 359 1556 siderandum
373 1507 425 1570 est,
442 1503 514 1573 quod
529 1503 682 1559 communis
697 1502 751 1572 illa,
769 1502 827 1558 haec
841 1503 980 1573 propheti·

184 1604 223 1644 εει
238 1590 428 1662 prerogativis
452 1593 563 1663 propria
585 1592 719 1649 videatur.
743 1593 803 1648 Non
827 1592 981 1648 sinemusa

183 1695 251 1736 sane
264 1679 310 1748 ibi,
326 1681 458 1751 uidimus,
470 1683 601 1755 scriptum
615 1689 671 1751 est;
683 1690 712 1738 ει
725 1682 777 1752 hic,
792 1683 869 1740 eidi:
885 1681 937 1738 nisi
951 1691 981 1738 ut

184 1767 257 1822 illam
271 1768 381 1839 quidem
395 1769 532 1844 intelligas
547 1787 608 1828 esse
622 1787 806 1841 communem,
831 1771 901 1827 hanc
914 1787 980 1828 vero

1035 619 1083 674 sed
1098 618 1125 674 in
1137 617 1256 676 claritate
1267 626 1351 687 tanta,
1363 627 1393 676 ut
1402 623 1531 692 majestas
1545 625 1605 694 ejus
1618 625 1722 696 repleat
1735 625 1831 682 orbern

1037 715 1180 764 terrarum.

1072 800 1099 852 3.
1115 796 1276 869 Opportune
1295 797 1430 870 siquidem
1454 799 1558 856 visione
1582 801 1678 872 prima,
1704 810 1832 876 tanqum

1037 884 1145 941 hiemali
1172 886 1260 944 adhuc
1290 893 1423 958 tempore,
1439 903 1494 942 non
1509 903 1593 958 super
1615 888 1723 956 solium,
1742 893 1790 948 sed
1804 891 1833 948 in

1037 972 1159 1030 interiori
1174 982 1256 1047 etque
1269 975 1405 1032 humiliori
1420 975 1585 1032 habitatione
1604 976 1719 1032 ridetur.
1736 977 1832 1050 Dupli-

1037 1079 1096 1120 cem
1116 1063 1217 1136 quippe
1237 1065 1306 1121 solet
1332 1065 1436 1122 habere
1463 1080 1563 1138 magna
1581 1064 1679 1121 domus
1707 1064 1834 1137 quaelibet

1037 1151 1218 1222 mansionem,
1234 1153 1355 1210 aestivam
1384 1155 1519 1226 superius,
1548 1153 1663 1210 interius
1676 1153 1832 1210 hiemalem.

1037 1240 1122 1315 Igitur
1143 1239 1208 1296 dum
1226 1241 1285 1314 ipsa
1300 1242 1381 1298 etiam
1409 1242 1605 1314 discipulorum
1619 1239 1703 1298 corda
1717 1240 1833 1298 brumali

1037 1328 1125 1386 adhuc
1147 1329 1235 1402 glacie
1263 1331 1474 1402 stringerentur,
1495 1339 1523 1388 et
1545 1334 1640 1389 Petrus
1654 1345 1763 1404 quoque
1778 1345 1833 1386 non

1036 1417 1126 1472 minus
1140 1418 1339 1490 geddewrde,
1356 1437 1438 1492 quam
1453 1435 1569 1493 corpore
1579 1419 1742 1478 calefaceret
1755 1435 1785 1475 se
1800 1419 1833 1474 ad

1035 1520 1156 1575 prunas;
1173 1514 1280 1577 tempus
1294 1510 1406 1565 omnino
1420 1525 1476 1567 non
1490 1517 1549 1566 erat
1559 1507 1699 1566 habitandi
1712 1507 1741 1564 in
1755 1506 1832 1576 solio,

1035 1593 1078 1648 rel
1101 1593 1190 1665 potius
1210 1597 1371 1667 apparendi.
1399 1601 1433 1653 Αι
1448 1598 1495 1654 ubi
1518 1597 1670 1655 cantabitur
1698 1597 1833 1654 canticum

1035 1696 1135 1739 novum
1151 1700 1159 1738 ι
1175 1684 1266 1741 lltcms
1280 1687 1352 1741 abiit
1363 1689 1390 1742 et
1405 1689 1529 1752 recessit,
1542 1688 1623 1756 floras
1638 1687 1834 1760 cppcmtemrnt

1035 1771 1066 1824 in
1081 1775 1156 1828 terra
1172 1776 1272 1828 nestro
1286 1772 1384 1844 (dunt.
1412 1788 1443 1840 n,
1471 1778 1514 1841 ll,
1531 1774 1589 1846 lt);
1606 1781 1761 1847 opportune
1776 1773 1832 1844 jam

184 1857 354 1913 excellentiae
383 1859 539 1934 singularis.
564 1859 705 1932 Siquidem
732 1861 836 1932 absque
850 1861 980 1934 speciest
996 1849 1017 1926 Β
1034 1864 1098 1915 tuuc
1112 1860 1276 1916 ascendetur
1296 1859 1323 1915 iu
1343 1860 1451 1928 solium,
1467 1869 1494 1918 ει
1507 1861 1641 1918 habitabit
1659 1861 1791 1919 Dominus
1805 1859 1833 1915 in

183 1944 285 2002 decore
296 1944 383 2002 tm
401 1948 468 2003 vidit
487 1964 561 2018 eum,
581 1957 609 2005 et
624 1950 726 2021 sprevit
740 1949 884 2006 Herodes:
905 1946 980 2006 vide·
1034 1945 1151 2002 excelso.

184 2041 248 2090 runt
256 2033 308 2107 ipsi
318 2051 428 2108 quoque
437 2036 532 2107 ludaei,
545 2037 878 2110 quietdinumeraverunt
889 2038 979 2095 omnia
1069 2038 1096 2090 l.
1112 2035 1179 2091 Puta
1194 2051 1260 2111 crgo
1276 2036 1384 2108 lsaiam,
1407 2053 1468 2093 oum
1492 2039 1551 2094 haec
1566 2040 1733 2110 loqueretur,
1753 2035 1834 2092 illlius

183 2137 246 2179 ossa
260 2123 328 2193 ejus.
352 2125 412 2180 tarn
426 2140 491 2181 vero
507 2141 590 2197 super
604 2127 655 2183 hac
675 2127 780 2184 visione
795 2128 876 2183 beata
888 2126 979 2182 maui—
1033 2123 1147 2195 gloriam
1157 2125 1287 2196 temporis
1297 2125 1375 2183 oculo
1390 2127 1547 2197 praevidisse
1558 2125 1718 2199 prophetico
1734 2143 1741 2180 ι
1764 2124 1832 2191 Vidi,

183 2209 251 2267 leste
274 2211 657 2283 prophetadenuntiansait:
677 2217 980 2288 Tarraconensem
1033 2211 1132 2285 inquil,
1148 2216 1300 2271 Dominum
1330 2215 1474 2272 sedentem
1497 2231 1585 2287 adver
1610 2214 1713 2273 solium
1741 2212 1833 2270 mel·

183 2300 277 2359 eidcet
288 2304 409 2373 pierium
424 2306 473 2361 Dei
489 2305 567 2376 (lsai.
582 2321 663 2378 xxvi,
676 2307 731 2380 ro).
1033 2315 1108 2368 sum,
1124 2309 1176 2358 etc.
1194 2302 1248 2357 Sed
1259 2302 1324 2374 quid
1333 2305 1479 2374 putamus?
1494 2302 1573 2374 quale
1588 2308 1630 2357 est
1643 2301 1739 2358 solium
1748 2299 1832 2366 istud,

219 2393 244 2446 2.
261 2389 405 2448 Mullifarie
420 2408 487 2468 ergo
501 2394 648 2467 multisque
661 2396 750 2452 modis
765 2412 820 2454 non
834 2395 923 2452 solum
936 2395 978 2452 10.
1033 2389 1150 2446 fraires?
1179 2393 1274 2463 Neque
1297 2391 1370 2447 enim
1399 2390 1553 2446 altissimus
1572 2391 1599 2444 in
1613 2388 1767 2444 manifestis
1789 2387 1833 2444 vel

182 2483 260 2533 cutus
281 2478 308 2534 in
329 2481 478 2550 prophetis,
504 2482 552 2537 sed
573 2491 601 2538 ει
625 2483 698 2539 visus
731 2492 774 2540 est
792 2501 808 2539 a
827 2484 977 2556 prophetis.
1033 2478 1195 2535 manufactis
1209 2478 1350 2534 inhabitat.
1366 2477 1446 2534 Nulla
1468 2478 1579 2534 omnino
1593 2472 1712 2534 materia
1734 2489 1833 2548 corpo·

181 2567 299 2637 Agnovit
314 2583 376 2623 eum
391 2569 479 2626 David
490 2569 654 2626 minoratum
669 2573 703 2626 ab
717 2572 835 2646 angelis;
846 2572 979 2628 Ieremias
1033 2567 1097 2623 ralis
1111 2575 1172 2638 apta
1187 2575 1261 2624 tanto
1275 2567 1354 2634 solio,
1376 2573 1457 2623 tantas
1472 2566 1583 2624 labricae
1604 2579 1736 2641 congrua,
1751 2563 1832 2636 digna

180 2653 264 2709 etiam
279 2654 347 2710 vidit
365 2671 427 2712 eum
442 2656 470 2711 in
485 2657 567 2713 terris
593 2675 654 2714 cum
683 2658 837 2716 hominibus
861 2675 978 2717 conver·
1033 2664 1108 2713 tanto
1127 2657 1277 2712 habitatore
1305 2657 1421 2715 videtur.
1440 2656 1512 2712 Viris
1531 2664 1573 2713 est
1587 2654 1768 2712 construenda
1790 2652 1832 2708 la-

179 2749 306 2816 santem3
321 2743 405 2800 lsaias
417 2747 499 2802 modo
517 2761 601 2818 super
623 2747 720 2803 solium
734 2748 881 2818 excelsum,
897 2750 979 2806 modo
1033 2745 1142 2816 pidibus
1165 2744 1268 2800 fabrica
1304 2744 1463 2816 spiritualis,
1491 2761 1574 2817 quam
1602 2759 1668 2802 vera
1681 2749 1709 2799 ει
1730 2747 1833 2798 aeterna

180 2844 236 2885 non
252 2830 341 2886 solum
355 2831 426 2886 inira
439 2833 608 2907 angelcsaut
623 2833 838 2903 interhomines,
855 2837 905 2892 sed
920 2846 980 2892 tan·
1034 2833 1093 2888 Vita
1120 2848 1168 2887 sua
1202 2831 1398 2889 inhabitatione
1426 2832 1563 2906 dignetur.
1602 2830 1681 2901 Quod
1700 2828 1723 2885 si
1745 2828 1834 2886 minus

180 2931 263 2989 quarn
286 2918 424 2990 leprosum
447 2937 478 2976 se
502 2906 601 2978 vidisse
622 2930 745 2989 testatur,
766 2923 850 2980 idest
873 2939 928 2981 non
950 2925 979 2980 in
1033 2927 1108 2976 tanto
1122 2919 1236 2977 aedilicio
1255 2919 1355 2977 sufficit
1370 2921 1493 2993 angelica
1517 2927 1652 2986 creatura,
1669 2917 1832 2991 praerarica·

179 3021 264 3062 carna
288 3013 401 3078 tanturn,
429 3010 526 3066 sedin
548 3010 722 3068 similitudine
750 3013 839 3068 carnis
862 3013 978 3086 peccati.
1033 3017 1122 3066 torum
1150 3008 1245 3081 utique
1269 3009 1402 3066 minorata
1430 3009 1580 3082 praecipitio
1601 3008 1738 3066 :suscitet
1756 3012 1831 3064 certe

180 3095 221 3150 Tu
234 3111 343 3168 qrroque
357 3098 381 3152 si
390 3099 532 3156 desideras
558 3101 652 3157 videre
676 3100 832 3170 sublimem,
848 3101 979 3157 humilem
1034 3099 1069 3155 de
1084 3106 1158 3154 terre
1173 3097 1295 3170 inopem,
1312 3107 1339 3154 et
1355 3099 1389 3155 de
1405 3099 1517 3170 pulvere
1535 3098 1792 3173 erigatpanperem,
1805 3103 1833 3150 ut

181 3183 256 3254 prius
273 3185 366 3241 Jesurn
378 3187 472 3244 videre
496 3199 600 3246 curato.
616 3190 725 3247 Intuere
740 3189 815 3262 prius
831 3191 978 3264 enaltatum
997 3149 1018 3226 G
1034 3185 1149 3242 cossocet
1176 3202 1239 3242 eum
1263 3201 1325 3242 cum
1354 3186 1534 3259 principibus,
1559 3194 1586 3243 et
1614 3185 1710 3242 solium
1739 3181 1833 3256 gloriae

180 3269 209 3326 in
223 3271 332 3330 deserto
346 3283 512 3346 serpentem,
528 3278 550 3332 si
565 3277 659 3334 videre
678 3277 819 3335 desideras
834 3295 931 3349 regern
951 3279 978 3334 in
1034 3273 1180 3346 compleat.
1195 3277 1229 3331 Et
1247 3275 1372 3331 fortassis
1389 3281 1536 3348 propterea
1550 3273 1610 3346 ipse
1624 3273 1671 3346 qui
1685 3272 1761 3338 vidit,
1778 3287 1832 3328 nou

180 3359 248 3417 solio
276 3361 455 3422 residentem.
475 3365 530 3420 Ista
558 3373 585 3421 ιε
610 3365 736 3422 humiliet
765 3366 844 3439 visio,
874 3373 904 3422 ut
932 3367 980 3422 illa
1035 3363 1117 3418 modo
1142 3363 1281 3419 excelsum
1304 3360 1418 3430 solium3
1444 3362 1493 3417 sed
1516 3368 1544 3418 et
1567 3359 1703 3417 elevatum
1724 3373 1833 3430 quoque

180 3449 280 3506 exaltet
293 3451 473 3508 humiliatum.
494 3454 634 3525 Reprimat
645 3461 671 3511 ει
681 3463 759 3511 sanet
774 3455 824 3512 ista
843 3462 980 3512 tumorem
1036 3451 1179 3509 describit:
1201 3459 1232 3508 ut
1253 3450 1366 3522 proinde
1390 3458 1418 3506 et
1440 3450 1601 3523 augelorum
1624 3447 1728 3505 stabilis
1750 3445 1832 3504 celsi-

179 3545 266 3608 tnum,
281 3548 311 3596 ut
338 3540 383 3596 illa
411 3541 516 3612 repleat
530 3549 558 3599 ει
581 3542 662 3600 εειίει
699 3543 866 3601 desiderium
894 3552 1003 3600 ruumu
1035 3541 1110 3608 turlo,
1135 3547 1163 3598 et
1180 3540 1322 3596 hominum
1347 3537 1503 3595 misericors
1522 3537 1637 3596 elevatio
1661 3535 1830 3610 designetur.

178 3627 351 3685 Exinanitum
365 3628 460 3686 vides?
475 3645 530 3686 non
549 3630 584 3686 sit
598 3631 685 3688 otiosa
706 3631 785 3702 visio,
797 3632 862 3706 quia
877 3632 981 3690 exalta·
1036 3628 1103 3698 Quae
1125 3637 1285 3702 sequuntur,
1309 3627 1512 3701 diligentiorem
1539 3633 1567 3684 ει
1590 3625 1648 3700 ipss
1671 3623 1831 3684 considera-

179 3723 237 3774 tum
251 3719 339 3774 otiose
355 3718 448 3775 videre
462 3735 518 3775 non
533 3721 646 3792 poteris.
668 3721 769 3777 Similis
785 3721 839 3777 eris
859 3722 907 3792 illi,
919 3739 981 3778 cum
1036 3719 1137 3776 tionem
1151 3718 1310 3775 desiderare
1326 3717 1471 3773 videntur:
1486 3715 1606 3789 ideoque
1619 3712 1734 3772 sufficiat
1749 3711 1832 3769 hodie

178 3805 282 3862 videris
295 3821 358 3862 euni
389 3806 468 3865 sicuti
483 3815 526 3865 εει
541 3827 548 3866 :
564 3818 624 3866 estc
640 3817 667 3866 et
686 3825 760 3866 nunc
784 3810 879 3866 similis
893 3810 929 3881 ei,
945 3811 982 3868 vi·
1035 3809 1077 3866 val
1096 3807 1222 3881 coepisse.

178 3894 247 3951 deus
258 3911 321 3951 curn
336 3895 406 3952 sieut
419 3905 534 3969 propter
551 3906 578 3954 ιε
598 3897 685 3954 iactus
699 3903 752 3955 cst.
768 3899 797 3957 Si
812 3899 886 3955 enirn
902 3917 937 3957 ne
952 3901 981 3956 in

179 3983 328 4041 humilitate
343 3983 454 4056 quidem
473 3985 680 4043 similitudinem
700 3989 761 4059 ejus
777 3989 887 4056 abnuis,
903 4000 980 4048 certa

179 4071 228 4128 tibi
252 4073 423 4130 sublimitatis
441 4091 551 4148 qnoque
574 4076 723 4134 similitudo
746 4076 873 4134 debetur.
898 4079 979 4136 Nun·

1256 3892 1343 3952 945
1360 3891 1476 3949 sunno
1497 3893 1521 3947 ll
1535 3893 1604 3964 (tt).

1150 3989 1187 4043 lle
1201 3983 1291 4043 verbm
1309 3984 1391 4040 lsaioe
1409 3982 1564 4056 prophetae,
1579 3995 1620 4048 vr,
1639 3985 1664 4050 ι,
1681 3984 1707 4038 3.

1071 4081 1095 4132 l.
1121 4078 1210 4134 Pleno
1232 4078 1305 4145 erat,
1331 4071 1368 4126 ait
1396 4069 1595 4142 contemplator
1613 4076 1705 4124 noster
1728 4067 1763 4122 de
1786 4083 1830 4134 co,

180 4179 261 4234 quam
274 4164 319 4220 ille
337 4165 440 4221 socium
456 4165 636 4223 tribulationis
651 4182 666 4222 a
680 4167 872 4224 communione
885 4168 979 4244 gloriae
1033 4183 1116 4239 quens
1137 4180 1222 4236 super
1235 4160 1332 4218 solium
1347 4157 1461 4226 viderat,
1477 4159 1629 4230 majestate
1652 4160 1713 4230 ejas
1737 4159 1831 4216 omnis

179 4253 297 4324 patietur
310 4253 408 4310 arceri.
419 4254 545 4328 Denique
559 4271 647 4328 usque
661 4257 731 4312 adeo
745 4271 800 4312 non
815 4256 979 4330 dedignatur
1034 4259 1120 4312 terre.
1144 4249 1288 4317 Adveniet,
1312 4247 1428 4304 ltomine
1444 4261 1558 4318 regnum
1583 4253 1668 4313 tuum,
1693 4252 1723 4300 ut
1740 4245 1831 4315 maja-

178 4341 314 4412 passionis
342 4357 399 4400 suae
421 4352 576 4401 consortem
597 4352 625 4402 ct
638 4345 665 4401 in
690 4361 805 4422 regnum
832 4346 977 4403 admittere
1031 4349 1101 4398 state
1122 4349 1166 4396 tua
1187 4339 1256 4396 sicut
1275 4338 1375 4395 coelum
1396 4333 1527 4406 repletur,
1548 4333 1685 4406 repleatur
1704 4341 1733 4390 ει
1746 4340 1829 4388 terre.

179 4445 283 4500 secum,
298 4430 369 4488 utin
387 4448 469 4490 cruce
493 4433 627 4490 confitens
650 4434 718 4491 latro
739 4436 835 4491 eadem
851 4435 895 4492 dio
914 4452 975 4492 cum
993 4449 1015 4525 n
1033 4431 1131 4504 thuid
1156 4429 1229 4486 enirn
1254 4427 1383 4500 princeps
1406 4424 1489 4494 hujus
1511 4422 1606 4479 muudi
1630 4428 1705 4476 tanto
1729 4421 1830 4492 ubique

179 4533 213 4576 eo
237 4517 358 4576 fueritin
373 4523 509 4593 paradiso.
543 4522 610 4579 llinc
638 4523 765 4595 estquod
793 4524 829 4578 ait
843 4524 926 4579 etiarn
942 4524 976 4578 ad
1031 4520 1123 4578 lurore
1136 4518 1329 4582 debacchatur,
1341 4515 1392 4570 nisi
1407 4512 1471 4586 quia
1491 4520 1565 4568 terra
1578 4510 1641 4566 data
1660 4516 1702 4565 est
1721 4509 1749 4564 in
1768 4526 1829 4564 ma-

179 4609 334 4680 apcstolos:
352 4612 399 4670 Vos
414 4612 482 4669 estis
494 4613 544 4684 eni
549 4614 747 4684 permansistis
761 4629 871 4670 meacm
885 4615 915 4668 in
927 4614 977 4669 tri·

178 4697 370 4772 damhoaibns
379 4704 459 4771 mas,
467 4705 495 4757 ct
504 4716 551 4773 epo
561 4701 755 4773 dispeaovobis
766 4717 885 4772 repen-m
897 4703 974 4772 (luc.

178 4801 250 4854 xxrr,
277 4791 322 4855 28,
347 4791 405 4860 29).
439 4789 508 4860 Quia
532 4805 599 4865 ergo
614 4789 636 4845 si
659 4789 850 4862 compatimur,
868 4798 894 4846 ει
909 4805 976 4846 con-

178 4876 355 4951 regnabimus
371 4897 377 4933 :
394 4877 429 4933 sit
442 4877 550 4934 interim
570 4877 710 4936 meditatio
731 4886 833 4947 nostra,
865 4879 974 4944 iratres,

177 4963 310 5033 Christus,
326 4975 354 5023 ει
367 4966 410 5023 hic
429 4967 582 5024 crucifixus.
600 4970 689 5039 lpsum
703 4983 835 5039 ponamus
849 4967 975 5040 signacu-

173 5051 231 5110 lum
245 5071 328 5128 super
343 5071 398 5123 cor,
411 5056 581 5129 signaculum
591 5073 674 5129 super
684 5058 826 5113 brachium
837 5064 972 5114 nostrum.

172 5145 266 5215 Ipsum
279 5144 477 5216 amplectamur
492 5146 609 5202 brachiis
632 5145 795 5218 quibusdam
809 5147 915 5204 vicariae
929 5148 973 5202 di·

172 5233 307 5300 lectionis,
318 5234 406 5305 ipsum
421 5249 569 5306 sequamur
578 5235 667 5291 studio
679 5235 731 5306 piae
745 5237 971 5294 conversationis.

174 5323 233 5377 lloc
248 5323 397 5390 emuniter,
414 5340 470 5397 quo
485 5323 645 5380 ostendatur
655 5333 684 5380 at
698 5325 777 5380 nobis
792 5323 860 5394 ipse,
873 5325 918 5397 qui
930 5333 972 5381 est

208 5447 265 5520 (bl)
284 5451 313 5506 ln
327 5448 465 5522 plerisque
478 5447 669 5519 manuscriptis
683 5447 813 5503 continua
829 5447 901 5504 serie
917 5465 971 5506 ser.

170 5534 269 5575 mones
298 5527 354 5576 tros
382 5527 529 5593 sequentes
543 5521 756 5591 conjunguntur,
774 5524 801 5574 et
821 5518 879 5574 lere
891 5520 970 5577 deest

171 5590 293 5664 quintus,
313 5592 360 5664 qui
374 5608 445 5649 nova
457 5589 651 5650 commentatio
666 5597 708 5645 est
721 5589 748 5646 iu
762 5589 846 5648 verbe
869 5590 945 5648 lsaiae
961 5615 967 5650 :

170 5662 222 5722 sod
238 5671 329 5726 tamen
343 5663 539 5726 incolbcrtino
550 5671 578 5721 ει
590 5663 657 5722 nrm
668 5661 857 5718 llantellornm
870 5663 971 5720 codici-

1031 4627 1081 4666 nus
1095 4608 1195 4681 impii?
1211 4605 1267 4662 Sed
1282 4606 1341 4660 haec
1355 4611 1396 4660 εει
1411 4604 1477 4659 hora
1498 4603 1567 4672 ejus,
1581 4608 1608 4658 et
1623 4605 1743 4671 potestas
1758 4605 1830 4656 tene·

1030 4701 1150 4756 brarum.
1171 4696 1228 4752 Erit
1244 4693 1443 4766 certe-quando
1459 4690 1505 4762 qui
1524 4689 1551 4744 in
1570 4689 1641 4746 coslo
1664 4687 1753 4744 locum
1773 4703 1825 4744 non

1030 4787 1131 4852 habuit,
1148 4793 1176 4841 et
1191 4784 1225 4839 ab
1245 4781 1305 4852 ipsa
1320 4795 1428 4852 quoque
1445 4785 1525 4834 terrae
1540 4774 1683 4847 superficie
1698 4777 1827 4832 exturba·

1029 4876 1101 4932 bitur
1119 4873 1210 4939 miser,
1227 4869 1351 4928 cavernis
1368 4867 1462 4941 utique
1481 4865 1665 4922 subterraneis
1682 4863 1827 4922 recluden-

1027 4965 1087 5021 dus.
1105 4962 1171 5018 llinc
1190 4959 1292 5034 quippe
1303 4958 1437 5030 prophete
1455 4953 1540 5012 David
1551 4961 1828 5026 sanctornmprospe·

1028 5055 1105 5110 ritate
1120 5049 1271 5124 praemissa,
1291 5047 1326 5104 de
1341 5045 1460 5117 maligno
1476 5053 1504 5102 et
1518 5042 1682 5117 angelisseu
1692 5041 1828 5099 membris

1027 5145 1087 5214 ejus
1106 5140 1215 5212 adjecit,
1242 5145 1269 5194 ει
1289 5137 1343 5192 ait:
1368 5137 1428 5194 lton
1451 5135 1492 5191 sic
1515 5135 1609 5208 impii,
1633 5133 1756 5198 nansia,
1777 5130 1825 5188 scd

1027 5240 1163 5308 tunquam
1173 5231 1274 5303 pulvis,
1286 5243 1370 5301 quem
1380 5226 1608 5299 projicitventcs
1619 5239 1636 5278 n
1648 5223 1724 5292 facte
1738 5225 1824 5278 terrae

1026 5325 1113 5396 (Pscl.
1135 5336 1154 5387 r,
1181 5319 1220 5388 l).
1241 5315 1320 5373 Nulla
1333 5317 1390 5386 jam
1404 5322 1467 5370 tunc
1483 5311 1606 5370 tenendi
1621 5309 1734 5366 facultas
1762 5309 1823 5366 erit.

1026 5451 1076 5506 bas
1087 5441 1232 5517 reperitur.
1249 5441 1281 5495 Et
1295 5441 1322 5494 in
1337 5439 1415 5494 libris
1430 5439 1539 5493 Florum
1556 5433 1678 5506 quinque
1697 5431 1742 5489 isti
1757 5449 1822 5491 ser·-

1026 5534 1121 5575 mones
1145 5514 1298 5570 laudantur.
1325 5510 1391 5566 Vide
1415 5509 1464 5568 lib.
1490 5524 1516 5577 x,
1541 5521 1600 5577 rap.
1629 5510 1685 5561 9ει
1705 5504 1823 5562 10.οὴ-

1026 5607 1107 5648 serra
1122 5601 1201 5643 voces
1211 5583 1390 5656 seraphimet
1403 5580 1550 5660 cherubim
1560 5576 1588 5632 iu
1602 5575 1822 5660 singularisoribi

1025 5678 1088 5720 cum
1103 5659 1192 5716 littera
1206 5673 1245 5726 m,
1259 5654 1286 5711 in
1298 5653 1394 5725 plurali
1402 5669 1464 5732 cum
1479 5669 1498 5708 n
1514 5667 1542 5706 un
1555 5655 1668 5707 vetustis
1683 5647 1768 5707 lrbrrs.
