3996 6350
44 413 83 475 85
542 417 546 424 ’
618 401 726 468 SUPER
745 401 951 465 tllssdsssr
970 393 1127 458 llotllllta.
1605 417 1606 420 ¹
1660 393 1697 452 86

10 527 14 566 ¹
46 539 100 610 (ol.
117 534 299 612 perniciosos)
318 533 354 591 ad
368 535 489 592 honoras
503 546 626 605 quosque
640 527 846 588 ecclesiasticos
864 523 1065 620 “Quanquam
1092 519 1131 576 nil
1158 519 1248 576 obstat
1269 517 1393 590 intelligi,
1418 521 1481 592 fini,
1503 529 1565 577 esse
1584 520 1697 578 verbum

10 617 13 652 ¹
47 626 208 700 pervolare3
242 639 358 697 moxque
390 623 442 680 sibi
470 619 636 694 applaudere
664 618 846 685 sanctitatem,
904 613 1015 672 oranda.
1028 611 1117 668 Nemo
1136 609 1237 682 quippe
1251 611 1321 674 orat,
1337 607 1389 664 nisi
1403 608 1477 680 quod
1495 607 1581 667 credit
1594 617 1621 666 et
1635 626 1699 683 spe·

10 707 13 742 ³
47 716 168 774 vestium
183 714 314 771 duntaxat
336 712 497 783 mutatione,
519 726 574 767 non
589 708 735 774 mentium;
761 715 789 764 et
805 705 848 762 di·
905 709 955 760 rat.
971 699 1035 758 Vult
1049 703 1139 756 autem
1153 713 1168 753 a
1183 711 1213 754 se
1232 695 1336 769 requiri
1350 696 1424 752 Deus
1439 695 1519 750 etiarn
1534 697 1608 768 quod
1617 696 1698 770 polii·

10 799 13 836 i
48 820 122 880 gnos
136 821 166 860 se
180 803 315 860 estimare
334 800 465 875 dignitate
478 800 514 856 ad
527 815 610 872 quam
623 797 770 854 ambienda
784 810 850 868 per·
905 798 991 849 catur.
1006 790 1040 845 Et
1052 789 1115 844 ideo
1129 787 1199 843 torte
1213 784 1296 841 multa
1310 800 1371 856 quae
1385 783 1451 838 dare
1465 781 1609 855 disposuit,
1625 787 1700 858 prius

48 901 203 960 venerunt3
227 890 353 964 quodque
372 889 409 959 (si
428 890 516 946 audeo
540 887 645 961 dicere)
669 885 762 960 adepti
788 891 851 941 sunt
904 879 1058 952 pollicetur,
1085 883 1115 932 ut
1142 891 1175 932 ex
1198 873 1381 947 promissione
1405 871 1514 928 deuotio
1543 871 1699 930 excitetur:

10 1013 11 1016 =
51 977 183 1050 numinis,
209 979 356 1038 attribuere
378 977 493 1035 meritis.
514 977 613 1035 Omitto
640 983 732 1034 autem
755 975 790 1030 de
809 972 852 1028 his

10 1099 11 1108 ι
51 1086 123 1143 quos
136 1075 255 1127 excaecat
269 1066 392 1136 ambitio,
409 1075 435 1125 et
449 1067 537 1124 bonor
548 1066 609 1139 ipse
622 1061 798 1139 superbiendi
812 1060 853 1117 eis

51 1158 170 1216 materia
183 1165 234 1214 est.

91 1251 135 1304 ιο.
151 1246 207 1303 Sed
226 1245 306 1302 video
330 1242 416 1316 (quod
429 1243 517 1316 magia
539 1242 632 1314 doleo)
655 1248 716 1313 post
734 1245 854 1312 spretam

53 1334 148 1392 saeculi
161 1349 290 1407 pompam
308 1331 453 1388 nonnullos
467 1331 496 1386 in
519 1331 613 1386 schola
631 1328 786 1385 humilitatis
805 1343 854 1382 su-

54 1413 180 1497 perhtari
202 1423 289 1496 magis
311 1420 462 1486 addiscere,
489 1434 520 1474 ac
538 1419 588 1474 suh
603 1417 651 1474 aiis
674 1416 746 1472 mitis
764 1415 854 1471 humi-

56 1513 146 1582 lisque
166 1508 287 1582 magistri
308 1507 419 1580 gravius
433 1506 611 1575 insolescere,
636 1513 665 1562 ct
682 1503 856 1579 impatientes

56 1598 174 1669 amplius
198 1595 258 1652 heri
281 1595 309 1650 in
324 1595 452 1662 claustro,
467 1611 547 1666 quam
568 1593 683 1650 fuissent
701 1593 729 1648 in
744 1592 853 1650 saecmo

906 969 1002 1040 sieque
1016 966 1089 1039 quod
1104 967 1188 1041 gratis
1201 964 1315 1019 daturus
1328 967 1397 1032 erat,
1412 959 1510 1016 devota
1524 959 1611 1016 oratio
1630 976 1701 1033 pro-

906 1064 1052 1116 mereatur.
1076 1054 1123 1111 Sic
1147 1053 1210 1126 pius
1227 1052 1369 1120 Dominus,
1393 1051 1440 1122 qui
1463 1063 1558 1105 omnes
1579 1049 1703 1106 homines

907 1145 963 1204 vult
977 1144 1066 1200 saluos
1081 1142 1153 1209 heri,
1167 1141 1265 1199 merita
1280 1139 1358 1197 nobis
1373 1144 1516 1212 extorquet
1531 1138 1637 1195 anobis
1653 1157 1660 1193 :
1677 1146 1706 1195 et

908 1236 973 1292 dum
993 1249 1043 1290 nos
1057 1231 1188 1305 praevenit
1204 1230 1348 1288 tribuendo
1370 1228 1445 1302 quod
1462 1223 1606 1296 retribuat,
1620 1227 1706 1308 gratis

910 1324 974 1398 agit,
999 1339 1035 1379 ne
1054 1321 1140 1396 gratis
1163 1321 1273 1377 tribuat.
1292 1320 1350 1376 Ηοι
1368 1320 1464 1394 utique
1485 1318 1607 1398 prudens
1622 1315 1705 1392 Virgo

909 1411 1052 1478 intellexit,
1077 1410 1186 1485 quando
1209 1407 1384 1482 praevenienti
1407 1424 1438 1463 se
1462 1405 1568 1463 muneri
1581 1405 1707 1479 gratuitae

909 1499 1109 1575 promissionis
1133 1499 1222 1571 junxit
1242 1496 1367 1553 meritum
1391 1513 1447 1553 ιιι
1470 1494 1600 1552 orationis
1620 1496 1707 1566 εριι,

909 1589 1045 1663 inquiens,
1060 1586 1133 1643 mihi
1156 1587 1309 1644 secondom
1323 1585 1438 1644 verbam
1454 1590 1548 1642 ιιιιι.
1569 1581 1628 1639 Fiat
1643 1580 1708 1637 mihi

55 1686 192 1758 Quodque
213 1682 301 1758 magis
326 1683 405 1742 151
433 1698 594 1757 perversum
616 1691 668 1748 est,
691 1681 815 1754 plerique
828 1679 857 1736 in
911 1680 946 1735 de
964 1678 1057 1734 Verbo
1079 1676 1229 1733 secundum
1245 1675 1364 1732 uerbum
1383 1682 1469 1730 tunm.
1494 1663 1614 1730 Verbum
1634 1671 1708 1744 quod

57 1777 141 1832 domo
157 1773 206 1830 Dei
219 1789 275 1831 non
292 1774 433 1847 patiuntur
451 1772 545 1830 haberi
568 1770 747 1844 oontemptui,
769 1769 857 1843 quiin
911 1776 969 1824 erat
983 1767 1012 1823 in
1026 1764 1159 1840 principio
1172 1764 1245 1836 apud
1254 1764 1353 1829 Deum,
1364 1763 1410 1818 inat
1424 1777 1487 1819 caro
1503 1762 1537 1819 de
1552 1776 1633 1817 carne
1647 1776 1710 1816 mea

57 1881 109 1921 sua
123 1862 232 1919 nonnisi
245 1861 462 1936 contemptibiles
485 1877 546 1918 esse
560 1868 730 1934 potuerunt:
749 1869 780 1917 ut
794 1858 858 1933 quia
912 1855 1062 1915 secundum
1082 1855 1194 1911 verbum
1212 1862 1297 1911 tuum.
1321 1851 1391 1919 Fiat,
1413 1853 1540 1919 obsecro,
1560 1850 1627 1906 rnilri
1647 1865 1709 1906 ver-

57 1951 199 2017 videiicet,
223 1950 270 2008 ubi
293 1967 310 2008 a
331 1951 454 2022 pluribus
476 1952 595 2008 bonores
610 1955 784 2024 appetuntur,
805 1947 858 2020 ipsi

58 2043 151 2098 locum
165 2040 267 2097 babere
277 2056 333 2097 non
345 2046 513 2110 meruerunt,
529 2039 625 2098 saltem
634 2039 671 2095 ibi
686 2037 858 2095 honorabiles

58 2129 215 2198 videantur,
239 2129 286 2186 ubi
307 2130 341 2185 ab
356 2129 483 2186 omnibns
497 2130 616 2186 bonores
634 2134 856 2185 contemnuntur.

59 2218 148 2276 Video
164 2226 192 2276 et
205 2219 274 2275 alios
294 2219 378 2292 (quod
393 2233 449 2276 non
467 2218 527 2274 sine
547 2218 641 2275 dolore
661 2215 748 2274 videri
765 2215 858 2287 debet)

59 2316 124 2380 post
133 2323 292 2384 aggressam
307 2307 404 2364 Christi
423 2307 555 2374 militiam,
572 2321 665 2363 rursus
684 2304 860 2364 saecularibus

59 2395 196 2468 implicari
232 2397 357 2470 negotiis,
395 2413 490 2453 rursus
517 2396 708 2469 cupiditatibus
744 2391 861 2450 terrenis

58 2485 207 2557 immergi:
223 2503 283 2543 cum
299 2502 398 2558 magne
411 2501 477 2542 cura
490 2487 597 2560 erigere
610 2499 713 2554 muros,
727 2490 755 2538 et
769 2480 861 2554 negli-

60 2591 131 2649 gere
145 2590 237 2630 mores
252 2594 260 2632 ι
276 2576 326 2630 ιιι
342 2583 474 2646 praetextu
497 2589 606 2646 qnoque
624 2571 774 2629 communis
789 2569 862 2625 utili-

63 2663 137 2732 tatis,
160 2663 245 2720 uerha
267 2663 388 2720 uendere
415 2663 552 2732 divitibus,
575 2669 603 2718 et
620 2661 751 2717 matronis
764 2657 864 2714 ιιιιιι-

63 2752 155 2808 tiones
170 2770 178 2808 :
195 2752 244 2808 scd
260 2759 289 2809 et
310 2758 406 2808 contra
419 2750 595 2824 Imperatoris
608 2749 649 2806 sui
665 2749 784 2805 edictum
799 2761 863 2803 con·

61 2842 205 2912 cupiscere
228 2840 327 2906 aliena,
345 2849 373 2897 et
386 2856 436 2896 sua
449 2857 511 2896 cum
524 2841 571 2896 lite
585 2845 727 2910 repetere,
743 2852 798 2892 non
813 2851 864 2890 au-

912 1946 987 2016 hnm,
1002 1959 1057 2000 non
1079 1942 1215 2018 prolatum
1234 1941 1308 2014 quod
1330 1946 1461 2008 transeat,
1480 1939 1529 1996 sed
1543 1942 1706 2010 conceptum

912 2043 942 2091 ut
955 2040 1074 2102 maneat,
1097 2048 1179 2089 carne
1194 2030 1322 2087 uidelicet
1336 2029 1472 2098 indutum,
1492 2045 1547 2085 noa
1562 2043 1635 2085 aare.
1652 2026 1712 2083 Fiat

913 2123 977 2180 mibi
1000 2139 1055 2180 non
1081 2128 1185 2178 tentum
1204 2119 1324 2176 audibile
1347 2119 1465 2188 auribus,
1491 2118 1542 2175 sed
1565 2125 1593 2173 et
1606 2114 1712 2174 visibile

913 2212 1010 2280 oculis,
1029 2210 1165 2285 palpabile
1183 2209 1319 2276 manibus,
1343 2207 1476 2281 gestabile
1498 2207 1629 2264 humeris.
1654 2207 1713 2264 Nee

915 2301 962 2358 fiat
976 2301 1041 2358 milri
1056 2301 1169 2358 verbum
1192 2299 1321 2372 scriptum
1343 2305 1369 2354 et
1389 2307 1504 2366 mutum,
1520 2297 1570 2356 scd
1584 2297 1711 2354 incarna-

915 2399 971 2448 tum
986 2397 1014 2447 et
1035 2389 1149 2446 vivum:
1166 2390 1218 2446 hoe
1232 2395 1287 2459 est,
1309 2405 1365 2446 non
1381 2388 1460 2445 nautis
1479 2386 1585 2461 figuris,
1600 2385 1714 2444 mortuis

916 2479 944 2536 in
967 2477 1084 2550 pellibus
1107 2485 1258 2547 exaratum,
1283 2478 1331 2534 sed
1355 2478 1383 2532 in
1402 2476 1619 2533 formabumana
1644 2473 1714 2530 meis

916 2567 998 2624 castis
1021 2567 1171 2623 visceribus
1192 2565 1320 2622 vivaciter
1336 2565 1501 2637 impressum
1522 2583 1530 2618 r
1550 2573 1576 2621 et
1594 2565 1647 2620 hoc
1659 2577 1714 2620 non

917 2656 1017 2712 mortui
1037 2655 1131 2711 calami
1156 2653 1321 2725 depictione,
1342 2655 1392 2710 sed
1414 2653 1501 2710 sancti
1519 2653 1635 2726 Spiritus
1648 2667 1715 2723 ope-

918 2745 1090 2801 ratione-Eo
1114 2742 1241 2800 videlicet
1266 2742 1346 2799 modo
1370 2741 1418 2798 hat
1440 2741 1514 2810 mihi,
1539 2756 1594 2814 quo
1612 2738 1716 2798 nemini

919 2841 983 2889 ante
1002 2849 1046 2888 me
1068 2831 1168 2888 iactum
1197 2838 1247 2900 est,
1275 2831 1378 2886 nemini
1395 2839 1458 2903 post
1478 2847 1523 2888 me
1548 2829 1713 2886 iaciendum.

63 2929 174 2986 dientes
188 2928 340 3001 apostolum
360 2945 393 2985 ex
416 2928 531 3000 imperio
550 2927 632 3000 Regis
647 2924 863 2982 tubicinantem:
919 2925 1003 2978 l‘orro
1017 2919 1190 2976 multifariam
1211 2918 1360 2992 multisque
1380 2919 1468 2976 modis
1482 2918 1548 2977 olim
1560 2918 1722 2976 [ιιιιιιιιι

63 3017 484 3090 llocipsom,inquit,dclictcm
494 3017 672 3088 asiinvobt's,
685 3015 866 3088 qaodcoosos
920 3019 963 3067 tus
982 3016 1025 3068 est
1049 3009 1172 3066 Patribus
1191 3009 1219 3065 in
1238 3008 1394 3082 prophetis3
1421 3016 1448 3065 et
1470 3008 1529 3065 aliis
1552 3008 1662 3080 quidem
1687 3007 1717 3063 in

64 3101 865 3180 babath.Quarenoamagissraodcmpotimimitlcarni,
918 3116 993 3170 aure,
1014 3098 1072 3156 aliis
1086 3098 1114 3155 in
1128 3113 1187 3170 ore,
1199 3099 1259 3154 aliis
1280 3098 1361 3155 etiam
1384 3098 1413 3154 in
1431 3113 1513 3156 manu
1537 3096 1637 3156 iactum
1654 3113 1716 3156 esse

64 3195 107 3267 7.)
122 3195 198 3252 ltane
212 3195 344 3251 mundum
364 3195 425 3264 sibi,
445 3202 474 3250 et
488 3209 519 3250 se
537 3193 639 3251 mundo
662 3193 865 3260 crucifixerunt,
919 3189 1031 3244 verbum
1056 3186 1165 3243 Domini
1178 3195 1365 3244 memoratur:
1389 3185 1557 3243 mihiautem
1572 3202 1620 3244 oro
1643 3192 1674 3244 ιι
1688 3187 1716 3243 in

64 3291 97 3340 ut
110 3284 157 3356 qai
171 3291 252 3340 antea
266 3283 310 3340 vix
330 3283 359 3339 in
382 3299 432 3341 ιιι
445 3284 505 3342 vico
525 3283 568 3340 uel
582 3282 683 3355 oppido
695 3282 797 3358 cogniti
810 3281 866 3338 iue-
876 3239 902 3352 ,c
919 3286 996 3334 utero
1019 3275 1066 3333 iiat
1083 3278 1159 3346 juxta
1181 3276 1295 3333 verbum
1317 3285 1404 3333 tuum.
1423 3276 1494 3332 Nolo
1517 3284 1608 3333 antem
1622 3281 1652 3332 ut
1666 3274 1714 3333 fiat

65 3379 139 3444 rant,
163 3373 245 3430 modo
267 3373 468 3430 circumeuntes
486 3373 640 3444 provincias
655 3380 683 3428 ιι
704 3370 794 3428 curias
812 3370 866 3428 ire·
920 3366 986 3422 mihi
1013 3371 1060 3422 ιιι
1077 3365 1269 3422 declamatorie
1293 3365 1482 3437 predicatum,
1505 3373 1551 3421 aut
1569 3363 1718 3438 figuraliter

65 3468 243 3536 quentantes,
261 3478 358 3538 regum
372 3461 493 3528 notitias,
508 3461 714 3535 principumque
730 3459 865 3517 familiari·
920 3453 1110 3528 significatum,
1135 3463 1180 3511 aut
1202 3453 1391 3529 imaginatorie
1415 3454 1592 3525 somniatum,
1617 3453 1666 3510 sed
1680 3453 1718 3509 si·

67 3560 140 3609 tates
161 3551 280 3610 assecuti
302 3551 379 3608 sinti
398 3550 470 3621 Quid
489 3551 523 3608 de
538 3551 596 3623 ipso
611 3550 704 3607 habitu
719 3550 817 3614 dicam,
836 3550 866 3605 in
920 3545 1007 3602 lenter
1031 3543 1113 3602 155
1138 3543 1308 3616 inspiratum,
1331 3543 1511 3616 personaliter
1534 3542 1715 3610 incarnatum,

66 3656 122 3714 quo
136 3642 193 3712 jam
215 3656 271 3698 non
289 3631 373 3709 calor,
388 3641 437 3698 sed
450 3641 525 3697 color
547 3640 708 3712 requiritur;
724 3639 866 3715 magisque
920 3639 1097 3714 corporaliter
1117 3639 1321 3697 invisceratum.
1338 3640 1457 3696 Verbum
1480 3639 1573 3714 igitur,
1597 3638 1670 3714 quod
1688 3637 1717 3695 in

67 3731 153 3787 cultui
167 3730 295 3797 vestium,
310 3746 392 3803 quam
414 3731 543 3788 virtutum
557 3727 709 3785 insistitur?
724 3729 811 3784 Pudet
824 3729 866 3783 di·
921 3745 950 3786 se
965 3746 1017 3786 nec
1031 3735 1138 3801 poterat
1155 3728 1225 3796 lieri,
1240 3745 1294 3785 nec
1308 3728 1459 3803 indigebat,
1474 3728 1602 3802 dignetur
1615 3727 1644 3783 in
1659 3743 1715 3793 me,

68 3818 147 3876 cerel
165 3818 311 3876 vincuntur
332 3818 360 3874 in
383 3833 433 3876 suo
457 3817 547 3874 studio
566 3817 741 3886 mndierculae,
758 3818 867 3891 quando
920 3819 1049 3894 dignetur
1063 3825 1090 3874 et
1104 3817 1170 3873 mihi
1188 3817 1248 3874 lieri
1262 3817 1413 3874 secundum
1427 3819 1541 3875 uerbum
1556 3825 1642 3876 tuum.
1658 3816 1720 3874 Fiat
1821 3853 1823 3858 ,

68 3907 242 3965 amonachis
263 3908 379 3979 pretium
393 3905 535 3963 affectatur
556 3906 730 3976 intestibus,
746 3921 801 3962 nou
816 3921 867 3962 ne·
921 3908 1031 3982 quidem
1043 3907 1209 3980 generaliter
1223 3907 1295 3963 omni
1310 3907 1422 3976 mundo,
1443 3907 1492 3963 sed
1507 3905 1661 3980 specialiter
1672 3905 1720 3963 fiat

69 3997 180 4054 cessitas
203 4015 210 4051 :
235 4011 287 4054 nec
309 3996 407 4053 saltem
427 3994 514 4052 iorma
541 3994 683 4069 religionis
706 3995 867 4063 retentam
921 3996 987 4052 mihi
1002 3996 1154 4054 secundum
1167 3995 1281 4054 verbum
1296 4003 1381 4052 tuum.

70 4086 163 4142 habitu
177 4085 277 4153 ornari,
294 4101 350 4143 non
364 4084 466 4141 armari
481 4091 612 4158 appetunt
630 4083 729 4140 milites
743 4083 844 4142 Christi
860 4104 866 4140 ι
922 4095 1074 4152 excusatio
1083 4095 1111 4151 s,
1123 4093 1272 4161 gemeret,
1289 4093 1361 4167 qnod
1372 4095 1466 4150 rogum
1479 4093 1568 4149 ignum
1577 4091 1721 4175 Evmggti,

70 4177 128 4249 qui,
144 4175 208 4230 dum
218 4191 248 4230 se
262 4190 416 4247 praeparare
431 4175 464 4230 ad
474 4174 607 4245 praelium,
622 4181 650 4230 et
664 4181 758 4230 contra
772 4189 869 4232 aereas
965 4170 1030 4238 posi
1045 4165 1114 4222 aiios
1133 4167 1305 4237 expositores
1325 4165 1505 4222 ιιιιιιιιιιιιιι
1519 4169 1683 4237 sumpeertt.

71 4271 222 4339 potestates
235 4265 408 4337 praetendere
418 4264 587 4336 paupertatis
595 4263 704 4336 insigne
717 4264 871 4320 debuerant
958 4261 1116 4319 lectionem
1130 4262 1317 4334 evangelicam
1337 4261 1459 4335 exposui,
1476 4261 1546 4318 ιιιιι
1559 4261 1652 4334 potui:
1670 4279 1722 4320 nec

73 4354 159 4428 (quod
173 4353 267 4428 utique
285 4353 434 4411 adversarii
447 4353 525 4412 valde
540 4353 709 4425 formidant),
720 4353 749 4408 in
759 4351 870 4410 mollitie
924 4352 1020 4427 ignoro
1034 4351 1108 4424 quod
1122 4367 1176 4408 non
1191 4351 1317 4410 omnibus
1340 4351 1466 4423 placebit,
1492 4351 1612 4408 sedacio
1627 4368 1672 4410 me
1686 4353 1722 4409 ob

73 4442 300 4501 vestimentorum
324 4443 400 4516 pacis
426 4443 516 4516 potius
535 4442 714 4516 praeferentes
731 4442 869 4510 indicium,
925 4443 996 4499 banc
1009 4457 1067 4498 ram
1087 4441 1233 4499 multorum
1247 4443 1306 4498 iore
1321 4439 1499 4514 indignationi
1514 4441 1677 4511 obnoxium;
1695 4450 1723 4500 et

73 4532 146 4590 ultro
155 4548 185 4589 ιι
195 4531 318 4589 ιιιιίιιι
331 4532 391 4590 siae
400 4533 532 4606 sanguine
546 4532 654 4589 tradunt
668 4532 799 4588 inermes.
814 4533 872 4588 Nee
927 4541 975 4591 ιιι
999 4532 1143 4604 judicabor
1171 4532 1335 4604 superfluus,
1360 4540 1407 4588 aut
1429 4539 1621 4604 praesumptor,
1649 4532 1723 4604 quod

75 4621 185 4680 aliunde
213 4623 272 4680 haec
298 4623 389 4680 omnia
415 4622 487 4680 mala
523 4623 692 4695 contingunt,
721 4621 772 4677 nisi
800 4621 872 4694 quod
888 4596 911 4673 Ι)
927 4622 1054 4682 videlicet
1071 4628 1134 4694 post
1147 4623 1252 4687 Patres,
1267 4623 1313 4694 qui
1328 4623 1400 4677 hunc
1414 4620 1502 4694 ipsum
1518 4620 1606 4678 locum
1621 4620 1724 4694 plenis·

74 4711 161 4780 illam,
177 4727 231 4784 qua
245 4711 374 4769 ιιιιιιιι
393 4711 575 4781 deseruimus,
591 4711 750 4768 deserentes
765 4709 873 4767 humili·
929 4713 997 4770 sime
1011 4718 1206 4784 exposuerunt,
1222 4727 1316 4767 rursus
1331 4710 1358 4766 in
1373 4712 1471 4767 eodem
1486 4725 1572 4768 novus
1587 4711 1725 4783 expositor

76 4807 173 4874 tatem,
194 4800 259 4856 dum
272 4816 322 4871 per
343 4802 396 4858 boc
417 4802 541 4875 cogimur
563 4801 656 4873 inepta
668 4799 759 4857 denuo
775 4798 875 4858 sectari
930 4817 1012 4858 ausus
1035 4799 1134 4856 luerim
1154 4800 1263 4855 mittere
1285 4815 1404 4855 manum.
1420 4800 1476 4856 Sed
1495 4799 1599 4872 siquid
1623 4800 1725 4856 dictum

78 4889 170 4951 studia
192 4889 373 4958 secularium,
397 4905 477 4948 ιιιιι
499 4889 633 4948 allicimur
654 4897 823 4948 revertentes
841 4888 876 4943 ad
931 4899 972 4950 est
989 4895 1051 4962 post
1075 4889 1169 4944 Patres
1192 4889 1265 4960 quod
1289 4904 1344 4945 non
1368 4888 1402 4944 sit
1425 4896 1519 4946 contra
1542 4890 1654 4956 Patres;
1674 4907 1727 4948 nec

77 4979 219 5036 uomitum.
931 4978 1054 5035 Patribus
1077 4977 1202 5046 arbitror,
1227 4993 1279 5034 nec
1302 4977 1426 5050 cuiquam
1447 4978 1591 5051 displicere
1613 4979 1725 5036 debere.

117 5074 161 5126 lt.
176 5069 326 5126 Audiamus
340 5067 442 5140 itaque,
457 5077 590 5142 quotquot
605 5069 672 5128 tales
691 5085 796 5140 sumus,
811 5067 877 5142 quid
931 5068 983 5125 Ubi
1002 5073 1093 5124 autem
1114 5066 1169 5122 dixi
1193 5069 1265 5140 quod
1291 5083 1306 5122 a
1330 5067 1452 5123 Patribus
1480 5069 1584 5140 accepi,
1603 5069 1667 5124 dnm
1690 5070 1729 5125 sic

81 5159 128 5216 iila
138 5158 323 5232 responderit,
339 5173 400 5232 quae
422 5158 473 5214 Dei
487 5169 573 5216 mater
587 5159 747 5234 eligebatur,
764 5159 813 5216 sed
829 5159 878 5214 hu·
934 5157 1004 5215 absit
1023 5158 1122 5230 typhus
1144 5155 1376 5228 praesumptionis,
1399 5166 1429 5213 ut
1451 5173 1511 5214 non¹
1529 5158 1601 5214 desit
1624 5157 1728 5214 fructus

82 5248 220 5306 militatem
235 5263 290 5306 non
304 5246 526 5305 obliviscebatur,
542 5247 620 5321 Ecce,
640 5250 687 5316 ait,
703 5249 811 5305 ancilla
824 5250 879 5304 lto·
934 5247 1095 5318 devotionis,
1121 5247 1255 5318 patienter
1272 5245 1378 5302 audiam
1402 5247 1437 5304 de
1460 5247 1645 5319 superfluitate
1663 5263 1730 5304 cau·

83 5341 167 5404 mici,
182 5340 233 5409 fiat
248 5338 321 5404 olibi
334 5337 488 5396 secandum
507 5336 622 5394 verium
646 5343 738 5396 tuam.
761 5341 823 5394 Fiet
838 5341 882 5392 est
935 5343 1039 5394 santes.
1053 5337 1186 5393 Noverint
1201 5345 1290 5394 tannen
1309 5337 1355 5408 qui
1379 5353 1422 5393 me
1445 5345 1572 5408 tanquam
1592 5337 1626 5393 de
1645 5339 1731 5396 otiosa

85 5427 216 5485 desiderii
238 5428 356 5503 signum,
376 5441 430 5484 non
445 5426 618 5482 dubitationis
631 5426 772 5483 indicium.
787 5427 819 5482 Et
833 5443 883 5498 per
937 5437 964 5486 et
979 5443 1034 5485 non
1054 5427 1209 5483 necessaria
1224 5427 1414 5499 explanatione
1433 5426 1587 5500 suggillant,
1600 5437 1658 5485 tron
1677 5437 1731 5486 tam

86 5519 138 5574 boc
152 5517 226 5592 qnod
240 5518 312 5585 dicit,
332 5519 383 5588 ιιι
397 5517 470 5574 mibi
483 5516 640 5574 secundom
656 5516 770 5574 verbum
789 5519 881 5584 tuum,
938 5516 1091 5575 intendisse
1101 5531 1238 5588 exponere
1247 5516 1438 5590 Evangelinm,
1451 5534 1532 5589 quam
1543 5533 1576 5574 ex
1586 5519 1733 5595 Evangelio

89 5609 176 5682 magis
195 5607 371 5682 intelligenda
394 5617 436 5664 est
458 5606 588 5664 allectum
604 5605 756 5679 exprimere
771 5606 883 5663 deside·
939 5623 1048 5665 sumere
1062 5606 1231 5664 occasionem
1243 5605 1373 5680 loquendi
1392 5608 1466 5680 quod
1483 5607 1557 5682 loqui
1570 5608 1733 5668 delectabat

89 5698 185 5767 rantis,
209 5713 291 5771 quam
315 5696 442 5756 ellectum
461 5697 601 5772 requirere
626 5711 702 5754 more
725 5695 883 5754 dubitantis.
941 5699 969 5757 Si
984 5714 1049 5757 vero
1063 5695 1185 5771 peccavi,
1202 5693 1281 5771 quod'
1294 5695 1430 5770 propriam
1445 5699 1531 5775 magis
1545 5715 1578 5758 ex
1593 5701 1645 5758 hoc
1658 5701 1734 5758 exci-
