<?xml version="1.0" encoding="UTF-8"?>
<!DOCTYPE html PUBLIC "-//W3C//DTD XHTML 1.0 Transitional//EN"
    "http://www.w3.org/TR/xhtml1/DTD/xhtml1-transitional.dtd">
<html xmlns="http://www.w3.org/1999/xhtml" xml:lang="en" lang="en">
 <head>
  <title>
</title>
<meta http-equiv="Content-Type" content="text/html;charset=utf-8" />
  <meta name='ocr-system' content='tesseract 3.04.00' />
  <meta name='ocr-capabilities' content='ocr_page ocr_carea ocr_par ocr_line ocrx_word'/>
</head>
<body>
  <div class='ocr_page' id='page_1' title='image "./patrologiaecurs142unkngoog_0453.png"; bbox 0 0 4086 6344; ppageno 0'>
   <div class='ocr_carea' id='block_1_1' title="bbox 241 401 1889 484">
    <p class='ocr_par' dir='ltr' id='par_1_1' title="bbox 241 401 1889 484">
     <span class='ocr_line' id='line_1_1' title="bbox 241 401 1889 484; baseline -0.021 6"><span class='ocrx_word' id='word_1_1' title='bbox 241 417 296 480; x_wconf 77' lang='grc'><strong>887</strong></span> <span class='ocrx_word' id='word_1_2' title='bbox 716 419 743 480; x_wconf 86' lang='lat' dir='ltr'><strong>S·</strong></span> <span class='ocrx_word' id='word_1_3' title='bbox 763 417 934 484; x_wconf 75' lang='lat' dir='ltr'><strong>Buduntini</strong></span> <span class='ocrx_word' id='word_1_4' title='bbox 947 403 1425 482; x_wconf 61' lang='lat' dir='ltr'><strong>ascantensium-trutannia</strong></span> <span class='ocrx_word' id='word_1_5' title='bbox 1834 401 1889 466; x_wconf 74' lang='lat'><strong>888</strong></span> 
     </span>
    </p>
   </div>
   <div class='ocr_carea' id='block_1_2' title="bbox 153 527 1898 2308">
    <p class='ocr_par' dir='ltr' id='par_1_2' title="bbox 153 527 1898 2308">
     <span class='ocr_line' id='line_1_2' title="bbox 241 527 1892 634; baseline -0.011 -30"><span class='ocrx_word' id='word_1_6' title='bbox 241 561 287 603; x_wconf 91' lang='lat' dir='ltr'><strong>mo</strong></span> <span class='ocrx_word' id='word_1_7' title='bbox 300 560 368 618; x_wconf 71' lang='lat' dir='ltr'><strong>erpo</strong></span> <span class='ocrx_word' id='word_1_8' title='bbox 380 543 462 601; x_wconf 89' lang='lat' dir='ltr'><strong>discis</strong></span> <span class='ocrx_word' id='word_1_9' title='bbox 475 558 535 601; x_wconf 85' lang='lat' dir='ltr'><strong>esse</strong></span> <span class='ocrx_word' id='word_1_10' title='bbox 547 541 708 618; x_wconf 89' lang='lat' dir='ltr'><strong>discipulus,</strong></span> <span class='ocrx_word' id='word_1_11' title='bbox 717 547 835 607; x_wconf 82' lang='grc' dir='ltr'>ιοοιιιι</span> <span class='ocrx_word' id='word_1_12' title='bbox 848 548 948 616; x_wconf 74' lang='lat' dir='ltr'><strong>meins,</strong></span> <span class='ocrx_word' id='word_1_13' title='bbox 958 547 1081 634; x_wconf 60' lang='lat' dir='ltr'><strong>tertio.</strong></span> <span class='ocrx_word' id='word_1_14' title='bbox 1127 541 1154 596; x_wconf 79' lang='grc' dir='ltr'><strong>ι.</strong></span> <span class='ocrx_word' id='word_1_15' title='bbox 1174 533 1270 592; x_wconf 80' lang='lat' dir='ltr'><strong>Vidisti</strong></span> <span class='ocrx_word' id='word_1_16' title='bbox 1292 531 1422 590; x_wconf 88' lang='lat' dir='ltr'><strong>rationem</strong></span> <span class='ocrx_word' id='word_1_17' title='bbox 1444 529 1659 602; x_wconf 64' lang='lat' dir='ltr'><strong>vocabulorum</strong></span> <span class='ocrx_word' id='word_1_18' title='bbox 1672 527 1734 588; x_wconf 86' lang='lat' dir='ltr'><strong>ride</strong></span> <span class='ocrx_word' id='word_1_19' title='bbox 1751 537 1780 588; x_wconf 89' lang='lat' dir='ltr'><strong>et</strong></span> <span class='ocrx_word' id='word_1_20' title='bbox 1804 527 1892 586; x_wconf 83' lang='lat' dir='ltr'><strong>dilie—</strong></span> 
     </span>
     <span class='ocr_line' id='line_1_3' title="bbox 153 617 1892 710; baseline -0.007 -14"><span class='ocrx_word' id='word_1_21' title='bbox 153 683 158 696; x_wconf 90' lang='lat'><strong>.</strong></span> <span class='ocrx_word' id='word_1_22' title='bbox 242 631 410 707; x_wconf 76' lang='lat' dir='ltr'><strong>etmaqister.</strong></span> <span class='ocrx_word' id='word_1_23' title='bbox 421 631 454 688; x_wconf 87' lang='lat' dir='ltr'><strong>Et</strong></span> <span class='ocrx_word' id='word_1_24' title='bbox 463 629 571 700; x_wconf 89' lang='lat' dir='ltr'><strong>quidem</strong></span> <span class='ocrx_word' id='word_1_25' title='bbox 581 648 676 690; x_wconf 90' lang='lat' dir='ltr'><strong>omnes</strong></span> <span class='ocrx_word' id='word_1_26' title='bbox 685 633 908 692; x_wconf 88' lang='lat' dir='ltr'><strong>hominesuntura</strong></span> <span class='ocrx_word' id='word_1_27' title='bbox 917 637 1038 710; x_wconf 87' lang='lat' dir='ltr'><strong>equales</strong></span> <span class='ocrx_word' id='word_1_28' title='bbox 1092 626 1208 686; x_wconf 72' lang='lat' dir='ltr'><strong>renlltm</strong></span> <span class='ocrx_word' id='word_1_29' title='bbox 1233 623 1373 680; x_wconf 62' lang='lat' dir='ltr'><strong>wlllfflm·</strong></span> <span class='ocrx_word' id='word_1_30' title='bbox 1403 621 1461 678; x_wconf 70' lang='grc' dir='ltr'><strong>Νθθ</strong></span> <span class='ocrx_word' id='word_1_31' title='bbox 1490 619 1658 694; x_wconf 70' lang='lat' dir='ltr'><strong>essllll&#39;tlll&#39;lt</strong></span> <span class='ocrx_word' id='word_1_32' title='bbox 1681 617 1815 676; x_wconf 77' lang='lat' dir='ltr'><strong>fruticetis</strong></span> <span class='ocrx_word' id='word_1_33' title='bbox 1840 633 1892 675; x_wconf 63' lang='grc' dir='ltr'><strong>Μ</strong></span> 
     </span>
     <span class='ocr_line' id='line_1_4' title="bbox 241 709 1892 796; baseline -0.009 -20"><span class='ocrx_word' id='word_1_34' title='bbox 241 720 345 796; x_wconf 71' lang='lat' dir='ltr'><strong>genuit.</strong></span> <span class='ocrx_word' id='word_1_35' title='bbox 357 720 529 794; x_wconf 80' lang='lat' dir='ltr'><strong>Atquoniam</strong></span> <span class='ocrx_word' id='word_1_36' title='bbox 539 721 610 778; x_wconf 89' lang='lat' dir='ltr'><strong>bono</strong></span> <span class='ocrx_word' id='word_1_37' title='bbox 624 730 725 778; x_wconf 77' lang='lat' dir='ltr'><strong>nauare</strong></span> <span class='ocrx_word' id='word_1_38' title='bbox 740 724 897 782; x_wconf 78' lang='lat' dir='ltr'><strong>iunioribus</strong></span> <span class='ocrx_word' id='word_1_39' title='bbox 911 724 1038 796; x_wconf 88' lang='lat' dir='ltr'><strong>superbia</strong></span> <span class='ocrx_word' id='word_1_40' title='bbox 1093 711 1225 774; x_wconf 78' lang='lat' dir='ltr'><strong>temtans</strong></span> <span class='ocrx_word' id='word_1_41' title='bbox 1237 711 1361 786; x_wconf 83' lang='lat' dir='ltr'><strong>ejusdcm</strong></span> <span class='ocrx_word' id='word_1_42' title='bbox 1383 721 1435 781; x_wconf 85' lang='lat' dir='ltr'><strong>ost,</strong></span> <span class='ocrx_word' id='word_1_43' title='bbox 1462 709 1611 782; x_wconf 70' lang='lat' dir='ltr'><strong>petulantes</strong></span> <span class='ocrx_word' id='word_1_44' title='bbox 1636 723 1774 781; x_wconf 62' lang='grc' dir='ltr'>ιιςοιιιι</span> <span class='ocrx_word' id='word_1_45' title='bbox 1793 721 1892 764; x_wconf 85' lang='lat' dir='ltr'><strong>sensns</strong></span> 
     </span>
     <span class='ocr_line' id='line_1_5' title="bbox 241 795 1893 888; baseline -0.008 -22"><span class='ocrx_word' id='word_1_46' title='bbox 241 808 399 880; x_wconf 79' lang='lat' dir='ltr'><strong>depravato,</strong></span> <span class='ocrx_word' id='word_1_47' title='bbox 409 808 544 866; x_wconf 81' lang='lat' dir='ltr'><strong>iactisunt</strong></span> <span class='ocrx_word' id='word_1_48' title='bbox 555 809 847 883; x_wconf 84' lang='lat' dir='ltr'><strong>bominesequalitetis</strong></span> <span class='ocrx_word' id='word_1_49' title='bbox 856 811 1037 888; x_wconf 83' lang='lat' dir='ltr'><strong>impatientes,</strong></span> <span class='ocrx_word' id='word_1_50' title='bbox 1091 816 1173 878; x_wconf 87' lang='lat' dir='ltr'><strong>atque</strong></span> <span class='ocrx_word' id='word_1_51' title='bbox 1203 802 1427 874; x_wconf 74' lang='lat' dir='ltr'><strong>intemperantem</strong></span> <span class='ocrx_word' id='word_1_52' title='bbox 1464 799 1554 856; x_wconf 88' lang='lat' dir='ltr'><strong>cernis</strong></span> <span class='ocrx_word' id='word_1_53' title='bbox 1584 797 1734 872; x_wconf 89' lang='lat' dir='ltr'><strong>appetitum</strong></span> <span class='ocrx_word' id='word_1_54' title='bbox 1767 795 1893 871; x_wconf 67' lang='grc' dir='ltr'>ιιιςὶιιιί</span> 
     </span>
     <span class='ocr_line' id='line_1_6' title="bbox 241 886 1892 976; baseline -0.008 -20"><span class='ocrx_word' id='word_1_55' title='bbox 241 897 434 956; x_wconf 79' lang='lat' dir='ltr'><strong>contendentes</strong></span> <span class='ocrx_word' id='word_1_56' title='bbox 457 897 572 956; x_wconf 81' lang='lat' dir='ltr'><strong>invicem</strong></span> <span class='ocrx_word' id='word_1_57' title='bbox 590 899 745 969; x_wconf 76' lang='lat' dir='ltr'><strong>superiores</strong></span> <span class='ocrx_word' id='word_1_58' title='bbox 769 898 876 958; x_wconf 75' lang='lat' dir='ltr'><strong>18ss</strong></span> <span class='ocrx_word' id='word_1_59' title='bbox 900 903 1035 976; x_wconf 77' lang='lat' dir='ltr'><strong>constitui,</strong></span> <span class='ocrx_word' id='word_1_60' title='bbox 1091 892 1267 965; x_wconf 87' lang='lat' dir='ltr'><strong>comprimere</strong></span> <span class='ocrx_word' id='word_1_61' title='bbox 1295 898 1392 963; x_wconf 73' lang='lat' dir='ltr'><strong>metu,</strong></span> <span class='ocrx_word' id='word_1_62' title='bbox 1413 904 1446 946; x_wconf 97' lang='grc' dir='ltr'><strong>ιο</strong></span> <span class='ocrx_word' id='word_1_63' title='bbox 1476 887 1559 961; x_wconf 71' lang='lat' dir='ltr'><strong>rigida</strong></span> <span class='ocrx_word' id='word_1_64' title='bbox 1585 886 1735 959; x_wconf 74' lang='lat' dir='ltr'><strong>discipline</strong></span> <span class='ocrx_word' id='word_1_65' title='bbox 1762 888 1892 944; x_wconf 87' lang='lat' dir='ltr'><strong>cohibere</strong></span> 
     </span>
     <span class='ocr_line' id='line_1_7' title="bbox 241 975 1893 1064; baseline -0.002 -21"><span class='ocrx_word' id='word_1_66' title='bbox 241 987 648 1061; x_wconf 75' lang='lat' dir='ltr'><strong>atquealterutrumsuperqredi</strong></span> <span class='ocrx_word' id='word_1_67' title='bbox 657 989 805 1059; x_wconf 89' lang='lat' dir='ltr'><strong>cupientes,</strong></span> <span class='ocrx_word' id='word_1_68' title='bbox 816 991 934 1048; x_wconf 85' lang='lat' dir='ltr'><strong>etinanis</strong></span> <span class='ocrx_word' id='word_1_69' title='bbox 943 991 1037 1064; x_wconf 76' lang='lat' dir='ltr'><strong>glorie</strong></span> <span class='ocrx_word' id='word_1_70' title='bbox 1091 997 1222 1050; x_wconf 67' lang='lat' dir='ltr'><strong>centulli</strong></span> <span class='ocrx_word' id='word_1_71' title='bbox 1238 986 1268 1035; x_wconf 68' lang='lat' dir='ltr'><strong>tl</strong></span> <span class='ocrx_word' id='word_1_72' title='bbox 1280 985 1429 1050; x_wconf 86' lang='lat' dir='ltr'><strong>spontaneo</strong></span> <span class='ocrx_word' id='word_1_73' title='bbox 1444 975 1542 1034; x_wconf 82' lang='lat' dir='ltr'><strong>ellectu</strong></span> <span class='ocrx_word' id='word_1_74' title='bbox 1557 975 1626 1033; x_wconf 66' lang='lat' dir='ltr'><strong>bene</strong></span> <span class='ocrx_word' id='word_1_75' title='bbox 1648 991 1712 1033; x_wconf 71' lang='lat' dir='ltr'><strong>olm</strong></span> <span class='ocrx_word' id='word_1_76' title='bbox 1730 975 1811 1034; x_wconf 73' lang='grc' dir='ltr'>ιῡιίἰι</span> <span class='ocrx_word' id='word_1_77' title='bbox 1825 990 1893 1033; x_wconf 76' lang='lat'><strong>0⁰¹¹·</strong></span> 
     </span>
     <span class='ocr_line' id='line_1_8' title="bbox 241 1065 1894 1148; baseline -0.001 -13"><span class='ocrx_word' id='word_1_78' title='bbox 241 1075 342 1148; x_wconf 83' lang='lat' dir='ltr'><strong>cupidi,</strong></span> <span class='ocrx_word' id='word_1_79' title='bbox 365 1076 663 1143; x_wconf 70' lang='lat' dir='ltr'><strong>sustentationes,</strong></span> <span class='ocrx_word' id='word_1_80' title='bbox 687 1077 801 1135; x_wconf 76' lang='lat' dir='ltr'><strong>ravanam</strong></span> <span class='ocrx_word' id='word_1_81' title='bbox 829 1087 1004 1147; x_wconf 73' lang='lat' dir='ltr'><strong>provocares</strong></span> <span class='ocrx_word' id='word_1_82' title='bbox 1029 1097 1036 1138; x_wconf 89' lang='lat'>:</span> <span class='ocrx_word' id='word_1_83' title='bbox 1090 1071 1200 1137; x_wconf 77' lang='lat' dir='ltr'><strong>venires</strong></span> <span class='ocrx_word' id='word_1_84' title='bbox 1215 1067 1356 1143; x_wconf 68' lang='lat' dir='ltr'><strong>celetis</strong></span> <span class='ocrx_word' id='word_1_85' title='bbox 1370 1065 1521 1124; x_wconf 66' lang='lat' dir='ltr'><strong>conterno</strong></span> <span class='ocrx_word' id='word_1_86' title='bbox 1535 1065 1625 1124; x_wconf 77' lang='lat' dir='ltr'><strong>osvero</strong></span> <span class='ocrx_word' id='word_1_87' title='bbox 1641 1065 1773 1137; x_wconf 74' lang='lat' dir='ltr'><strong>moribus.</strong></span> <span class='ocrx_word' id='word_1_88' title='bbox 1793 1067 1894 1124; x_wconf 68' lang='lat' dir='ltr'><strong>areu</strong></span> 
     </span>
     <span class='ocr_line' id='line_1_9' title="bbox 242 1153 1893 1240; baseline -0.002 -18"><span class='ocrx_word' id='word_1_89' title='bbox 242 1164 467 1236; x_wconf 88' lang='lat' dir='ltr'><strong>primoomnium</strong></span> <span class='ocrx_word' id='word_1_90' title='bbox 486 1166 514 1220; x_wconf 92' lang='lat' dir='ltr'><strong>in</strong></span> <span class='ocrx_word' id='word_1_91' title='bbox 528 1165 595 1222; x_wconf 86' lang='lat' dir='ltr'><strong>cella</strong></span> <span class='ocrx_word' id='word_1_92' title='bbox 610 1165 703 1236; x_wconf 82' lang='lat' dir='ltr'><strong>priori,</strong></span> <span class='ocrx_word' id='word_1_93' title='bbox 714 1167 783 1240; x_wconf 79' lang='lat' dir='ltr'><strong>jugo</strong></span> <span class='ocrx_word' id='word_1_94' title='bbox 797 1166 949 1237; x_wconf 90' lang='lat' dir='ltr'><strong>discipline</strong></span> <span class='ocrx_word' id='word_1_95' title='bbox 964 1167 1038 1224; x_wconf 89' lang='lat' dir='ltr'><strong>inso-</strong></span> <span class='ocrx_word' id='word_1_96' title='bbox 1090 1158 1218 1235; x_wconf 73' lang='lat' dir='ltr'><strong>liegislrt</strong></span> <span class='ocrx_word' id='word_1_97' title='bbox 1247 1158 1384 1216; x_wconf 65' lang='lat' dir='ltr'><strong>voluntale</strong></span> <span class='ocrx_word' id='word_1_98' title='bbox 1406 1162 1512 1232; x_wconf 61' lang='lat' dir='ltr'><strong>aulum</strong></span> <span class='ocrx_word' id='word_1_99' title='bbox 1535 1153 1645 1228; x_wconf 70' lang='lat' dir='ltr'><strong>utribus</strong></span> <span class='ocrx_word' id='word_1_100' title='bbox 1658 1169 1755 1227; x_wconf 64' lang='lat' dir='ltr'><strong>cerere</strong></span> <span class='ocrx_word' id='word_1_101' title='bbox 1773 1170 1893 1212; x_wconf 77' lang='lat' dir='ltr'><strong>morem·</strong></span> 
     </span>
     <span class='ocr_line' id='line_1_10' title="bbox 242 1241 1893 1330; baseline -0.001 -19"><span class='ocrx_word' id='word_1_102' title='bbox 242 1254 444 1312; x_wconf 86' lang='lat' dir='ltr'><strong>lentiamornm</strong></span> <span class='ocrx_word' id='word_1_103' title='bbox 463 1253 594 1310; x_wconf 83' lang='lat' dir='ltr'><strong>domanda</strong></span> <span class='ocrx_word' id='word_1_104' title='bbox 608 1261 659 1321; x_wconf 87' lang='lat' dir='ltr'><strong>est,</strong></span> <span class='ocrx_word' id='word_1_105' title='bbox 674 1271 817 1330; x_wconf 87' lang='lat' dir='ltr'><strong>quousque</strong></span> <span class='ocrx_word' id='word_1_106' title='bbox 836 1256 913 1313; x_wconf 89' lang='lat' dir='ltr'><strong>duris</strong></span> <span class='ocrx_word' id='word_1_107' title='bbox 927 1272 958 1313; x_wconf 92' lang='grc' dir='ltr'><strong>ιο</strong></span> <span class='ocrx_word' id='word_1_108' title='bbox 972 1257 1036 1312; x_wconf 91' lang='lat' dir='ltr'><strong>diu·</strong></span> <span class='ocrx_word' id='word_1_109' title='bbox 1090 1250 1157 1306; x_wconf 72' lang='lat' dir='ltr'><strong>Nam</strong></span> <span class='ocrx_word' id='word_1_110' title='bbox 1172 1260 1262 1320; x_wconf 65' lang='lat' dir='ltr'><strong>uculo</strong></span> <span class='ocrx_word' id='word_1_111' title='bbox 1288 1244 1371 1302; x_wconf 66' lang='lat' dir='ltr'><strong>unlus</strong></span> <span class='ocrx_word' id='word_1_112' title='bbox 1397 1258 1506 1302; x_wconf 67' lang='lat' dir='ltr'><strong>llllflllffl</strong></span> <span class='ocrx_word' id='word_1_113' title='bbox 1524 1243 1586 1315; x_wconf 65' lang='lat' dir='ltr'><strong>&lt;illl</strong></span> <span class='ocrx_word' id='word_1_114' title='bbox 1607 1244 1678 1300; x_wconf 70' lang='lat' dir='ltr'><strong>lllffl</strong></span> <span class='ocrx_word' id='word_1_115' title='bbox 1707 1258 1766 1301; x_wconf 71' lang='lat'><strong>0⁸⁸⁰</strong></span> <span class='ocrx_word' id='word_1_116' title='bbox 1792 1241 1893 1310; x_wconf 86' lang='lat' dir='ltr'><strong>meriti,</strong></span> 
     </span>
     <span class='ocr_line' id='line_1_11' title="bbox 243 1331 1893 1414; baseline -0.007 -15"><span class='ocrx_word' id='word_1_117' title='bbox 243 1344 307 1400; x_wconf 90' lang='lat' dir='ltr'><strong>tinia</strong></span> <span class='ocrx_word' id='word_1_118' title='bbox 320 1343 459 1400; x_wconf 87' lang='lat' dir='ltr'><strong>seniorum</strong></span> <span class='ocrx_word' id='word_1_119' title='bbox 477 1342 570 1399; x_wconf 89' lang='lat' dir='ltr'><strong>attrita</strong></span> <span class='ocrx_word' id='word_1_120' title='bbox 592 1344 699 1414; x_wconf 72' lang='lat' dir='ltr'><strong>legibus</strong></span> <span class='ocrx_word' id='word_1_121' title='bbox 712 1344 867 1402; x_wconf 88' lang='lat' dir='ltr'><strong>humilietur</strong></span> <span class='ocrx_word' id='word_1_122' title='bbox 890 1355 917 1404; x_wconf 86' lang='lat' dir='ltr'><strong>et</strong></span> <span class='ocrx_word' id='word_1_123' title='bbox 930 1354 1039 1402; x_wconf 89' lang='lat' dir='ltr'><strong>sanetur</strong></span> <span class='ocrx_word' id='word_1_124' title='bbox 1091 1337 1206 1395; x_wconf 81' lang='lat' dir='ltr'><strong>uniusve</strong></span> <span class='ocrx_word' id='word_1_125' title='bbox 1219 1334 1336 1406; x_wconf 86' lang='lat' dir='ltr'><strong>uirtutis,</strong></span> <span class='ocrx_word' id='word_1_126' title='bbox 1353 1332 1487 1392; x_wconf 85' lang='lat' dir='ltr'><strong>socialiter</strong></span> <span class='ocrx_word' id='word_1_127' title='bbox 1495 1333 1595 1400; x_wconf 82' lang='lat' dir='ltr'><strong>risere,</strong></span> <span class='ocrx_word' id='word_1_128' title='bbox 1607 1339 1635 1388; x_wconf 86' lang='lat' dir='ltr'><strong>et</strong></span> <span class='ocrx_word' id='word_1_129' title='bbox 1643 1331 1745 1390; x_wconf 90' lang='lat' dir='ltr'><strong>utiliter</strong></span> <span class='ocrx_word' id='word_1_130' title='bbox 1759 1347 1893 1408; x_wconf 77' lang='lat' dir='ltr'><strong>preesse.</strong></span> 
     </span>
     <span class='ocr_line' id='line_1_12' title="bbox 242 1427 1892 1506; baseline -0.002 -17"><span class='ocrx_word' id='word_1_131' title='bbox 242 1431 383 1492; x_wconf 78' lang='lat' dir='ltr'><strong>senticosa</strong></span> <span class='ocrx_word' id='word_1_132' title='bbox 404 1431 539 1499; x_wconf 80' lang='lat' dir='ltr'><strong>voluutas,</strong></span> <span class='ocrx_word' id='word_1_133' title='bbox 564 1430 721 1504; x_wconf 90' lang='lat' dir='ltr'><strong>bonumque</strong></span> <span class='ocrx_word' id='word_1_134' title='bbox 745 1436 772 1489; x_wconf 92' lang='lat' dir='ltr'><strong>in</strong></span> <span class='ocrx_word' id='word_1_135' title='bbox 796 1444 951 1504; x_wconf 85' lang='lat' dir='ltr'><strong>senatore,</strong></span> <span class='ocrx_word' id='word_1_136' title='bbox 965 1434 1038 1506; x_wconf 94' lang='lat' dir='ltr'><strong>quod</strong></span> <span class='ocrx_word' id='word_1_137' title='bbox 1091 1431 1180 1502; x_wconf 87' lang='lat' dir='ltr'><strong>Quem</strong></span> <span class='ocrx_word' id='word_1_138' title='bbox 1192 1430 1270 1488; x_wconf 92' lang='lat' dir='ltr'><strong>multi</strong></span> <span class='ocrx_word' id='word_1_139' title='bbox 1283 1429 1399 1502; x_wconf 91' lang='lat' dir='ltr'><strong>deniqne</strong></span> <span class='ocrx_word' id='word_1_140' title='bbox 1423 1430 1473 1486; x_wconf 90' lang='lat' dir='ltr'><strong>sub</strong></span> <span class='ocrx_word' id='word_1_141' title='bbox 1495 1436 1662 1502; x_wconf 86' lang='lat' dir='ltr'><strong>preceptore</strong></span> <span class='ocrx_word' id='word_1_142' title='bbox 1684 1427 1770 1502; x_wconf 86' lang='lat' dir='ltr'><strong>quieti</strong></span> <span class='ocrx_word' id='word_1_143' title='bbox 1787 1428 1892 1496; x_wconf 79' lang='lat' dir='ltr'><strong>strunt,</strong></span> 
     </span>
     <span class='ocr_line' id='line_1_13' title="bbox 242 1517 1894 1594; baseline -0.003 -15"><span class='ocrx_word' id='word_1_144' title='bbox 242 1520 424 1594; x_wconf 87' lang='lat' dir='ltr'><strong>superbiendo</strong></span> <span class='ocrx_word' id='word_1_145' title='bbox 438 1520 573 1590; x_wconf 85' lang='lat' dir='ltr'><strong>amiserat,</strong></span> <span class='ocrx_word' id='word_1_146' title='bbox 587 1521 739 1579; x_wconf 90' lang='lat' dir='ltr'><strong>obediendo</strong></span> <span class='ocrx_word' id='word_1_147' title='bbox 754 1522 881 1594; x_wconf 88' lang='lat' dir='ltr'><strong>recipiat;</strong></span> <span class='ocrx_word' id='word_1_148' title='bbox 896 1523 960 1580; x_wconf 93' lang='lat' dir='ltr'><strong>dum</strong></span> <span class='ocrx_word' id='word_1_149' title='bbox 977 1523 1038 1582; x_wconf 91' lang='lat' dir='ltr'><strong>solo</strong></span> <span class='ocrx_word' id='word_1_150' title='bbox 1091 1535 1161 1594; x_wconf 90' lang='lat' dir='ltr'><strong>quos</strong></span> <span class='ocrx_word' id='word_1_151' title='bbox 1174 1520 1198 1577; x_wconf 91' lang='lat' dir='ltr'><strong>si</strong></span> <span class='ocrx_word' id='word_1_152' title='bbox 1210 1522 1277 1593; x_wconf 72' lang='lat' dir='ltr'><strong>jugo</strong></span> <span class='ocrx_word' id='word_1_153' title='bbox 1292 1519 1428 1584; x_wconf 83' lang='lat' dir='ltr'><strong>absolvas,</strong></span> <span class='ocrx_word' id='word_1_154' title='bbox 1453 1517 1545 1574; x_wconf 85' lang='lat' dir='ltr'><strong>videas</strong></span> <span class='ocrx_word' id='word_1_155' title='bbox 1565 1531 1621 1574; x_wconf 92' lang='lat' dir='ltr'><strong>non</strong></span> <span class='ocrx_word' id='word_1_156' title='bbox 1639 1532 1720 1589; x_wconf 89' lang='lat' dir='ltr'><strong>posse</strong></span> <span class='ocrx_word' id='word_1_157' title='bbox 1740 1517 1894 1588; x_wconf 84' lang='lat' dir='ltr'><strong>quiescere,</strong></span> 
     </span>
     <span class='ocr_line' id='line_1_14' title="bbox 239 1605 1896 1684; baseline -0.001 -20"><span class='ocrx_word' id='word_1_158' title='bbox 239 1609 296 1680; x_wconf 85' lang='lat' dir='ltr'><strong>jem</strong></span> <span class='ocrx_word' id='word_1_159' title='bbox 308 1608 424 1666; x_wconf 87' lang='lat' dir='ltr'><strong>naturali</strong></span> <span class='ocrx_word' id='word_1_160' title='bbox 439 1607 550 1676; x_wconf 82' lang='lat' dir='ltr'><strong>ellectu,</strong></span> <span class='ocrx_word' id='word_1_161' title='bbox 565 1625 619 1666; x_wconf 92' lang='lat' dir='ltr'><strong>non</strong></span> <span class='ocrx_word' id='word_1_162' title='bbox 642 1617 716 1668; x_wconf 87' lang='lat' dir='ltr'><strong>metu</strong></span> <span class='ocrx_word' id='word_1_163' title='bbox 730 1609 889 1684; x_wconf 70' lang='lat' dir='ltr'><strong>discipline,</strong></span> <span class='ocrx_word' id='word_1_164' title='bbox 905 1629 965 1669; x_wconf 90' lang='lat' dir='ltr'><strong>cnm</strong></span> <span class='ocrx_word' id='word_1_165' title='bbox 979 1613 1039 1669; x_wconf 88' lang='lat' dir='ltr'><strong>uni·</strong></span> <span class='ocrx_word' id='word_1_166' title='bbox 1092 1625 1143 1668; x_wconf 88' lang='lat' dir='ltr'><strong>nec</strong></span> <span class='ocrx_word' id='word_1_167' title='bbox 1156 1625 1186 1666; x_wconf 88' lang='lat' dir='ltr'><strong>sc</strong></span> <span class='ocrx_word' id='word_1_168' title='bbox 1196 1609 1254 1665; x_wconf 92' lang='lat' dir='ltr'><strong>ullo</strong></span> <span class='ocrx_word' id='word_1_169' title='bbox 1264 1610 1346 1666; x_wconf 91' lang='lat' dir='ltr'><strong>modo</strong></span> <span class='ocrx_word' id='word_1_170' title='bbox 1360 1605 1509 1682; x_wconf 75' lang='lat' dir='ltr'><strong>equalibus</strong></span> <span class='ocrx_word' id='word_1_171' title='bbox 1525 1620 1632 1664; x_wconf 84' lang='lat' dir='ltr'><strong>seruare</strong></span> <span class='ocrx_word' id='word_1_172' title='bbox 1646 1605 1793 1662; x_wconf 76' lang='lat' dir='ltr'><strong>innoxios?</strong></span> <span class='ocrx_word' id='word_1_173' title='bbox 1807 1607 1896 1663; x_wconf 87' lang='lat' dir='ltr'><strong>lteru-</strong></span> 
     </span>
     <span class='ocr_line' id='line_1_15' title="bbox 241 1693 1897 1772; baseline -0.003 -16"><span class='ocrx_word' id='word_1_174' title='bbox 241 1698 328 1756; x_wconf 80' lang='lat' dir='ltr'><strong>versls</strong></span> <span class='ocrx_word' id='word_1_175' title='bbox 344 1705 446 1756; x_wconf 87' lang='lat' dir='ltr'><strong>nature</strong></span> <span class='ocrx_word' id='word_1_176' title='bbox 460 1713 516 1756; x_wconf 86' lang='lat' dir='ltr'><strong>sue</strong></span> <span class='ocrx_word' id='word_1_177' title='bbox 532 1697 622 1766; x_wconf 88' lang='lat' dir='ltr'><strong>sociis,</strong></span> <span class='ocrx_word' id='word_1_178' title='bbox 640 1700 668 1756; x_wconf 92' lang='lat' dir='ltr'><strong>id</strong></span> <span class='ocrx_word' id='word_1_179' title='bbox 682 1708 723 1758; x_wconf 86' lang='lat' dir='ltr'><strong>est</strong></span> <span class='ocrx_word' id='word_1_180' title='bbox 736 1716 797 1756; x_wconf 87' lang='lat' dir='ltr'><strong>cunr</strong></span> <span class='ocrx_word' id='word_1_181' title='bbox 811 1701 937 1758; x_wconf 88' lang='lat' dir='ltr'><strong>omnibus</strong></span> <span class='ocrx_word' id='word_1_182' title='bbox 949 1702 1038 1758; x_wconf 90' lang='lat' dir='ltr'><strong>bomi-</strong></span> <span class='ocrx_word' id='word_1_183' title='bbox 1091 1712 1146 1772; x_wconf 87' lang='lat' dir='ltr'><strong>quc</strong></span> <span class='ocrx_word' id='word_1_184' title='bbox 1168 1698 1324 1754; x_wconf 90' lang='lat' dir='ltr'><strong>innumeros</strong></span> <span class='ocrx_word' id='word_1_185' title='bbox 1348 1709 1446 1752; x_wconf 86' lang='lat' dir='ltr'><strong>cernes</strong></span> <span class='ocrx_word' id='word_1_186' title='bbox 1473 1693 1632 1768; x_wconf 87' lang='lat' dir='ltr'><strong>simpliciter</strong></span> <span class='ocrx_word' id='word_1_187' title='bbox 1659 1708 1692 1750; x_wconf 90' lang='lat' dir='ltr'><strong>nc</strong></span> <span class='ocrx_word' id='word_1_188' title='bbox 1705 1693 1764 1750; x_wconf 85' lang='lat' dir='ltr'><strong>sine</strong></span> <span class='ocrx_word' id='word_1_189' title='bbox 1785 1695 1897 1769; x_wconf 86' lang='lat' dir='ltr'><strong>querela</strong></span> 
     </span>
     <span class='ocr_line' id='line_1_16' title="bbox 242 1782 1896 1862; baseline -0.001 -20"><span class='ocrx_word' id='word_1_190' title='bbox 242 1785 333 1860; x_wconf 90' lang='lat' dir='ltr'><strong>nibus,</strong></span> <span class='ocrx_word' id='word_1_191' title='bbox 356 1787 502 1856; x_wconf 87' lang='lat' dir='ltr'><strong>socialiter,</strong></span> <span class='ocrx_word' id='word_1_192' title='bbox 517 1796 648 1860; x_wconf 67' lang='lat' dir='ltr'><strong>mantum</strong></span> <span class='ocrx_word' id='word_1_193' title='bbox 663 1789 691 1844; x_wconf 91' lang='lat' dir='ltr'><strong>in</strong></span> <span class='ocrx_word' id='word_1_194' title='bbox 705 1803 735 1844; x_wconf 91' lang='lat' dir='ltr'><strong>se</strong></span> <span class='ocrx_word' id='word_1_195' title='bbox 759 1800 809 1859; x_wconf 89' lang='lat' dir='ltr'><strong>cst,</strong></span> <span class='ocrx_word' id='word_1_196' title='bbox 825 1791 967 1862; x_wconf 83' lang='lat' dir='ltr'><strong>quieteque</strong></span> <span class='ocrx_word' id='word_1_197' title='bbox 980 1807 1039 1848; x_wconf 82' lang='lat' dir='ltr'><strong>sese</strong></span> <span class='ocrx_word' id='word_1_198' title='bbox 1092 1785 1162 1843; x_wconf 89' lang='lat' dir='ltr'><strong>inter</strong></span> <span class='ocrx_word' id='word_1_199' title='bbox 1195 1787 1291 1844; x_wconf 81' lang='lat' dir='ltr'><strong>tratres</strong></span> <span class='ocrx_word' id='word_1_200' title='bbox 1317 1783 1481 1851; x_wconf 83' lang='lat' dir='ltr'><strong>conversari,</strong></span> <span class='ocrx_word' id='word_1_201' title='bbox 1501 1799 1583 1856; x_wconf 87' lang='lat' dir='ltr'><strong>snper</strong></span> <span class='ocrx_word' id='word_1_202' title='bbox 1606 1782 1702 1839; x_wconf 86' lang='lat' dir='ltr'><strong>tratres</strong></span> <span class='ocrx_word' id='word_1_203' title='bbox 1723 1798 1778 1840; x_wconf 92' lang='lat' dir='ltr'><strong>non</strong></span> <span class='ocrx_word' id='word_1_204' title='bbox 1806 1785 1896 1841; x_wconf 87' lang='lat' dir='ltr'><strong>solum</strong></span> 
     </span>
     <span class='ocr_line' id='line_1_17' title="bbox 242 1861 1896 1951; baseline -0.002 -19"><span class='ocrx_word' id='word_1_205' title='bbox 242 1875 342 1932; x_wconf 81' lang='lat' dir='ltr'><strong>habere</strong></span> <span class='ocrx_word' id='word_1_206' title='bbox 355 1875 487 1944; x_wconf 84' lang='lat' dir='ltr'><strong>didicerit,</strong></span> <span class='ocrx_word' id='word_1_207' title='bbox 504 1876 532 1932; x_wconf 92' lang='lat' dir='ltr'><strong>in</strong></span> <span class='ocrx_word' id='word_1_208' title='bbox 546 1877 641 1934; x_wconf 88' lang='lat' dir='ltr'><strong>callem</strong></span> <span class='ocrx_word' id='word_1_209' title='bbox 656 1878 763 1935; x_wconf 81' lang='lat' dir='ltr'><strong>tandem</strong></span> <span class='ocrx_word' id='word_1_210' title='bbox 777 1887 879 1934; x_wconf 85' lang='lat' dir='ltr'><strong>nature</strong></span> <span class='ocrx_word' id='word_1_211' title='bbox 893 1880 1038 1951; x_wconf 90' lang='lat' dir='ltr'><strong>transiens,</strong></span> <span class='ocrx_word' id='word_1_212' title='bbox 1055 1861 1079 1944; x_wconf 68' lang='lat' dir='ltr'>fl</span> <span class='ocrx_word' id='word_1_213' title='bbox 1093 1875 1232 1944; x_wconf 89' lang='lat' dir='ltr'><strong>inutiliter,</strong></span> <span class='ocrx_word' id='word_1_214' title='bbox 1253 1877 1299 1932; x_wconf 87' lang='lat' dir='ltr'><strong>sod</strong></span> <span class='ocrx_word' id='word_1_215' title='bbox 1315 1882 1343 1931; x_wconf 91' lang='lat' dir='ltr'><strong>et</strong></span> <span class='ocrx_word' id='word_1_216' title='bbox 1371 1873 1529 1947; x_wconf 86' lang='lat' dir='ltr'><strong>insipienter</strong></span> <span class='ocrx_word' id='word_1_217' title='bbox 1552 1879 1580 1930; x_wconf 88' lang='lat' dir='ltr'><strong>et</strong></span> <span class='ocrx_word' id='word_1_218' title='bbox 1608 1873 1745 1944; x_wconf 86' lang='lat' dir='ltr'><strong>nequiter.</strong></span> <span class='ocrx_word' id='word_1_219' title='bbox 1772 1871 1896 1944; x_wconf 85' lang='lat' dir='ltr'><strong>Quadam</strong></span> 
     </span>
     <span class='ocr_line' id='line_1_18' title="bbox 243 1962 1898 2042; baseline 0.001 -24"><span class='ocrx_word' id='word_1_220' title='bbox 243 1965 438 2040; x_wconf 86' lang='lat' dir='ltr'><strong>experiensque</strong></span> <span class='ocrx_word' id='word_1_221' title='bbox 450 1967 523 2040; x_wconf 90' lang='lat' dir='ltr'><strong>quod</strong></span> <span class='ocrx_word' id='word_1_222' title='bbox 538 1967 668 2037; x_wconf 90' lang='lat' dir='ltr'><strong>scriptum</strong></span> <span class='ocrx_word' id='word_1_223' title='bbox 682 1975 739 2023; x_wconf 87' lang='lat' dir='ltr'><strong>est:</strong></span> <span class='ocrx_word' id='word_1_224' title='bbox 755 1970 823 2026; x_wconf 78' lang='lat' dir='ltr'><strong>Ecce</strong></span> <span class='ocrx_word' id='word_1_225' title='bbox 837 1985 923 2042; x_wconf 86' lang='lat' dir='ltr'><strong>quom</strong></span> <span class='ocrx_word' id='word_1_226' title='bbox 936 1969 1039 2028; x_wconf 85' lang='lat' dir='ltr'><strong>bonum</strong></span> <span class='ocrx_word' id='word_1_227' title='bbox 1094 1965 1231 2039; x_wconf 86' lang='lat' dir='ltr'><strong>siquidem</strong></span> <span class='ocrx_word' id='word_1_228' title='bbox 1243 1966 1317 2022; x_wconf 89' lang='lat' dir='ltr'><strong>bona</strong></span> <span class='ocrx_word' id='word_1_229' title='bbox 1331 1963 1517 2022; x_wconf 78' lang='lat' dir='ltr'><strong>mediocritate</strong></span> <span class='ocrx_word' id='word_1_230' title='bbox 1530 1962 1650 2020; x_wconf 84' lang='lat' dir='ltr'><strong>contenti</strong></span> <span class='ocrx_word' id='word_1_231' title='bbox 1670 1969 1732 2020; x_wconf 88' lang='lat' dir='ltr'><strong>sunt</strong></span> <span class='ocrx_word' id='word_1_232' title='bbox 1741 1963 1788 2036; x_wconf 89' lang='lat' dir='ltr'><strong>qui</strong></span> <span class='ocrx_word' id='word_1_233' title='bbox 1798 1963 1898 2034; x_wconf 80' lang='lat' dir='ltr'><strong>buius·</strong></span> 
     </span>
     <span class='ocr_line' id='line_1_19' title="bbox 243 2050 1898 2131; baseline -0.004 -16"><span class='ocrx_word' id='word_1_234' title='bbox 243 2055 1040 2131; x_wconf 72' lang='lat' dir='ltr'><strong>elquomjucundum,ltoltitorcfratresinonumlsicut</strong></span> <span class='ocrx_word' id='word_1_235' title='bbox 1094 2055 1168 2110; x_wconf 91' lang='lat' dir='ltr'><strong>modi</strong></span> <span class='ocrx_word' id='word_1_236' title='bbox 1177 2061 1247 2122; x_wconf 90' lang='lat' dir='ltr'><strong>sunt,</strong></span> <span class='ocrx_word' id='word_1_237' title='bbox 1263 2053 1331 2110; x_wconf 83' lang='lat' dir='ltr'><strong>sicut</strong></span> <span class='ocrx_word' id='word_1_238' title='bbox 1350 2054 1390 2108; x_wconf 90' lang='lat' dir='ltr'><strong>eis</strong></span> <span class='ocrx_word' id='word_1_239' title='bbox 1417 2067 1572 2109; x_wconf 82' lang='lat' dir='ltr'><strong>mensurnus</strong></span> <span class='ocrx_word' id='word_1_240' title='bbox 1598 2050 1694 2124; x_wconf 80' lang='lat' dir='ltr'><strong>gratie</strong></span> <span class='ocrx_word' id='word_1_241' title='bbox 1710 2052 1825 2122; x_wconf 88' lang='lat' dir='ltr'><strong>partitus</strong></span> <span class='ocrx_word' id='word_1_242' title='bbox 1855 2061 1898 2108; x_wconf 90' lang='lat' dir='ltr'><strong>est</strong></span> 
     </span>
     <span class='ocr_line' id='line_1_20' title="bbox 243 2139 1898 2220; baseline -0.004 -18"><span class='ocrx_word' id='word_1_243' title='bbox 243 2148 422 2220; x_wconf 74' lang='lat' dir='ltr'><strong>unquentum</strong></span> <span class='ocrx_word' id='word_1_244' title='bbox 435 2145 574 2220; x_wconf 79' lang='lat' dir='ltr'><strong>insopita</strong></span> <span class='ocrx_word' id='word_1_245' title='bbox 598 2147 683 2218; x_wconf 83' lang='lat' dir='ltr'><strong>(Psoi.</strong></span> <span class='ocrx_word' id='word_1_246' title='bbox 699 2161 810 2214; x_wconf 87' lang='lat' dir='ltr'><strong>cxxxu,</strong></span> <span class='ocrx_word' id='word_1_247' title='bbox 825 2150 852 2218; x_wconf 90' lang='lat' dir='ltr'><strong>l,</strong></span> <span class='ocrx_word' id='word_1_248' title='bbox 869 2147 906 2220; x_wconf 77' lang='grc' dir='ltr'><strong>ι).</strong></span> <span class='ocrx_word' id='word_1_249' title='bbox 928 2147 1040 2207; x_wconf 82' lang='lat' dir='ltr'><strong>Accedit</strong></span> <span class='ocrx_word' id='word_1_250' title='bbox 1093 2143 1182 2213; x_wconf 80' lang='lat' dir='ltr'><strong>Deus3</strong></span> <span class='ocrx_word' id='word_1_251' title='bbox 1198 2143 1309 2198; x_wconf 90' lang='lat' dir='ltr'><strong>minime</strong></span> <span class='ocrx_word' id='word_1_252' title='bbox 1322 2142 1549 2216; x_wconf 79' lang='lat' dir='ltr'><strong>quidemeqentes</strong></span> <span class='ocrx_word' id='word_1_253' title='bbox 1563 2139 1703 2213; x_wconf 77' lang='lat' dir='ltr'><strong>magistro,</strong></span> <span class='ocrx_word' id='word_1_254' title='bbox 1720 2155 1771 2198; x_wconf 89' lang='lat' dir='ltr'><strong>nce</strong></span> <span class='ocrx_word' id='word_1_255' title='bbox 1785 2139 1898 2200; x_wconf 68' lang='lat' dir='ltr'><strong>¹8ss</strong></span> 
     </span>
     <span class='ocr_line' id='line_1_21' title="bbox 243 2228 1898 2308; baseline -0.002 -20"><span class='ocrx_word' id='word_1_256' title='bbox 243 2232 371 2290; x_wconf 92' lang='lat' dir='ltr'><strong>nimirum</strong></span> <span class='ocrx_word' id='word_1_257' title='bbox 388 2230 567 2304; x_wconf 87' lang='lat' dir='ltr'><strong>disciplinatis</strong></span> <span class='ocrx_word' id='word_1_258' title='bbox 588 2232 719 2304; x_wconf 90' lang='lat' dir='ltr'><strong>moribus,</strong></span> <span class='ocrx_word' id='word_1_259' title='bbox 734 2242 863 2306; x_wconf 84' lang='lat' dir='ltr'><strong>tanquam</strong></span> <span class='ocrx_word' id='word_1_260' title='bbox 885 2235 954 2292; x_wconf 90' lang='lat' dir='ltr'><strong>tritis</strong></span> <span class='ocrx_word' id='word_1_261' title='bbox 976 2254 1041 2308; x_wconf 83' lang='lat' dir='ltr'><strong>spe-</strong></span> <span class='ocrx_word' id='word_1_262' title='bbox 1093 2241 1180 2288; x_wconf 88' lang='lat' dir='ltr'><strong>tamen</strong></span> <span class='ocrx_word' id='word_1_263' title='bbox 1204 2231 1295 2288; x_wconf 89' lang='lat' dir='ltr'><strong>idonei</strong></span> <span class='ocrx_word' id='word_1_264' title='bbox 1324 2230 1489 2303; x_wconf 71' lang='lat' dir='ltr'><strong>magisterio.</strong></span> <span class='ocrx_word' id='word_1_265' title='bbox 1504 2228 1643 2286; x_wconf 89' lang='lat' dir='ltr'><strong>Prioribus</strong></span> <span class='ocrx_word' id='word_1_266' title='bbox 1665 2244 1731 2302; x_wconf 77' lang='lat' dir='ltr'><strong>erqo</strong></span> <span class='ocrx_word' id='word_1_267' title='bbox 1750 2237 1898 2300; x_wconf 84' lang='lat' dir='ltr'><strong>sequentes</strong></span> 
     </span>
    </p>
   </div>
   <div class='ocr_carea' id='block_1_3' title="bbox 242 2319 1042 3097">
    <p class='ocr_par' dir='ltr' id='par_1_3' title="bbox 242 2319 1041 2836">
     <span class='ocr_line' id='line_1_22' title="bbox 243 2319 1041 2402; baseline 0.009 -26"><span class='ocrx_word' id='word_1_268' title='bbox 243 2319 347 2392; x_wconf 85' lang='lat' dir='ltr'><strong>ciebas,</strong></span> <span class='ocrx_word' id='word_1_269' title='bbox 364 2321 453 2376; x_wconf 89' lang='lat' dir='ltr'><strong>oleum</strong></span> <span class='ocrx_word' id='word_1_270' title='bbox 468 2320 578 2392; x_wconf 83' lang='lat' dir='ltr'><strong>letitie,</strong></span> <span class='ocrx_word' id='word_1_271' title='bbox 588 2321 689 2378; x_wconf 90' lang='lat' dir='ltr'><strong>bonum</strong></span> <span class='ocrx_word' id='word_1_272' title='bbox 703 2329 805 2378; x_wconf 85' lang='lat' dir='ltr'><strong>nature</strong></span> <span class='ocrx_word' id='word_1_273' title='bbox 814 2341 821 2394; x_wconf 89' lang='grc'>;</span> <span class='ocrx_word' id='word_1_274' title='bbox 830 2329 859 2402; x_wconf 78' lang='lat' dir='ltr'><strong>et</strong></span> <span class='ocrx_word' id='word_1_275' title='bbox 871 2321 902 2378; x_wconf 86' lang='lat' dir='ltr'><strong>dt</strong></span> <span class='ocrx_word' id='word_1_276' title='bbox 916 2341 1041 2400; x_wconf 77' lang='lat' dir='ltr'><strong>unquen-</strong></span> 
     </span>
     <span class='ocr_line' id='line_1_23' title="bbox 243 2408 1041 2484; baseline 0.003 -18"><span class='ocrx_word' id='word_1_277' title='bbox 243 2415 299 2466; x_wconf 90' lang='lat' dir='ltr'><strong>tum</strong></span> <span class='ocrx_word' id='word_1_278' title='bbox 317 2408 416 2484; x_wconf 81' lang='lat' dir='ltr'><strong>bopum</strong></span> <span class='ocrx_word' id='word_1_279' title='bbox 429 2417 510 2480; x_wconf 88' lang='lat' dir='ltr'><strong>atque</strong></span> <span class='ocrx_word' id='word_1_280' title='bbox 522 2409 683 2480; x_wconf 83' lang='lat' dir='ltr'><strong>jucundum.</strong></span> <span class='ocrx_word' id='word_1_281' title='bbox 699 2408 759 2479; x_wconf 85' lang='lat' dir='ltr'><strong>ero</strong></span> <span class='ocrx_word' id='word_1_282' title='bbox 773 2411 852 2483; x_wconf 89' lang='lat' dir='ltr'><strong>quasi</strong></span> <span class='ocrx_word' id='word_1_283' title='bbox 866 2421 965 2470; x_wconf 89' lang='lat' dir='ltr'><strong>unctus</strong></span> <span class='ocrx_word' id='word_1_284' title='bbox 979 2413 1041 2468; x_wconf 90' lang='lat' dir='ltr'><strong>red-</strong></span> 
     </span>
     <span class='ocr_line' id='line_1_24' title="bbox 243 2495 1039 2572; baseline 0.008 -20"><span class='ocrx_word' id='word_1_285' title='bbox 243 2495 316 2570; x_wconf 79' lang='lat' dir='ltr'><strong>ditur</strong></span> <span class='ocrx_word' id='word_1_286' title='bbox 328 2497 410 2554; x_wconf 89' lang='lat' dir='ltr'><strong>bomo</strong></span> <span class='ocrx_word' id='word_1_287' title='bbox 424 2495 514 2552; x_wconf 71' lang='lat' dir='ltr'><strong>cuens</strong></span> <span class='ocrx_word' id='word_1_288' title='bbox 528 2505 555 2553; x_wconf 91' lang='lat' dir='ltr'><strong>et</strong></span> <span class='ocrx_word' id='word_1_289' title='bbox 580 2496 665 2564; x_wconf 90' lang='lat' dir='ltr'><strong>mitis,</strong></span> <span class='ocrx_word' id='word_1_290' title='bbox 680 2500 762 2555; x_wconf 89' lang='lat' dir='ltr'><strong>homo</strong></span> <span class='ocrx_word' id='word_1_291' title='bbox 776 2498 834 2554; x_wconf 92' lang='lat' dir='ltr'><strong>sine</strong></span> <span class='ocrx_word' id='word_1_292' title='bbox 855 2501 973 2572; x_wconf 90' lang='lat' dir='ltr'><strong>querela,</strong></span> <span class='ocrx_word' id='word_1_293' title='bbox 988 2516 1039 2558; x_wconf 87' lang='lat' dir='ltr'><strong>ne·</strong></span> 
     </span>
     <span class='ocr_line' id='line_1_25' title="bbox 242 2583 1039 2656; baseline 0.005 -14"><span class='ocrx_word' id='word_1_294' title='bbox 242 2583 344 2642; x_wconf 88' lang='lat' dir='ltr'><strong>minem</strong></span> <span class='ocrx_word' id='word_1_295' title='bbox 356 2583 580 2655; x_wconf 83' lang='lat' dir='ltr'><strong>circumveniens,</strong></span> <span class='ocrx_word' id='word_1_296' title='bbox 589 2585 716 2644; x_wconf 88' lang='lat' dir='ltr'><strong>neminen</strong></span> <span class='ocrx_word' id='word_1_297' title='bbox 727 2587 892 2656; x_wconf 86' lang='lat' dir='ltr'><strong>concutiens,</strong></span> <span class='ocrx_word' id='word_1_298' title='bbox 906 2590 1039 2646; x_wconf 89' lang='lat' dir='ltr'><strong>neminem</strong></span> 
     </span>
     <span class='ocr_line' id='line_1_26' title="bbox 242 2672 1041 2746; baseline 0.008 -18"><span class='ocrx_word' id='word_1_299' title='bbox 242 2672 354 2740; x_wconf 83' lang='lat' dir='ltr'><strong>ledeos,</strong></span> <span class='ocrx_word' id='word_1_300' title='bbox 365 2672 503 2730; x_wconf 89' lang='lat' dir='ltr'><strong>neminise</strong></span> <span class='ocrx_word' id='word_1_301' title='bbox 513 2674 732 2746; x_wconf 80' lang='lat' dir='ltr'><strong>superextollens</strong></span> <span class='ocrx_word' id='word_1_302' title='bbox 741 2683 788 2731; x_wconf 90' lang='lat' dir='ltr'><strong>eut</strong></span> <span class='ocrx_word' id='word_1_303' title='bbox 798 2675 956 2746; x_wconf 78' lang='lat' dir='ltr'><strong>preferens,</strong></span> <span class='ocrx_word' id='word_1_304' title='bbox 968 2675 1041 2734; x_wconf 90' lang='lat' dir='ltr'><strong>insu-</strong></span> 
     </span>
     <span class='ocr_line' id='line_1_27' title="bbox 243 2761 1039 2836; baseline 0.011 -21"><span class='ocrx_word' id='word_1_305' title='bbox 243 2777 293 2835; x_wconf 89' lang='lat' dir='ltr'><strong>per</strong></span> <span class='ocrx_word' id='word_1_306' title='bbox 301 2767 329 2818; x_wconf 89' lang='lat' dir='ltr'><strong>et</strong></span> <span class='ocrx_word' id='word_1_307' title='bbox 337 2761 450 2819; x_wconf 84' lang='lat' dir='ltr'><strong>libenter</strong></span> <span class='ocrx_word' id='word_1_308' title='bbox 459 2762 665 2820; x_wconf 89' lang='lat' dir='ltr'><strong>communicans</strong></span> <span class='ocrx_word' id='word_1_309' title='bbox 675 2765 702 2818; x_wconf 91' lang='lat' dir='ltr'><strong>in</strong></span> <span class='ocrx_word' id='word_1_310' title='bbox 713 2763 815 2820; x_wconf 86' lang='lat' dir='ltr'><strong>ratione</strong></span> <span class='ocrx_word' id='word_1_311' title='bbox 823 2764 877 2821; x_wconf 86' lang='lat' dir='ltr'><strong>dati</strong></span> <span class='ocrx_word' id='word_1_312' title='bbox 888 2775 916 2820; x_wconf 90' lang='lat' dir='ltr'><strong>et</strong></span> <span class='ocrx_word' id='word_1_313' title='bbox 924 2767 1039 2836; x_wconf 86' lang='lat' dir='ltr'><strong>accepit.</strong></span> 
     </span>
    </p>

    <p class='ocr_par' dir='ltr' id='par_1_4' title="bbox 244 2850 1042 3097">
     <span class='ocr_line' id='line_1_28' title="bbox 278 2850 1040 2926; baseline 0.008 -21"><span class='ocrx_word' id='word_1_314' title='bbox 278 2853 306 2907; x_wconf 80' lang='lat' dir='ltr'><strong>t.</strong></span> <span class='ocrx_word' id='word_1_315' title='bbox 322 2850 438 2916; x_wconf 88' lang='lat' dir='ltr'><strong>Puto,si</strong></span> <span class='ocrx_word' id='word_1_316' title='bbox 461 2851 532 2908; x_wconf 88' lang='lat' dir='ltr'><strong>bene</strong></span> <span class='ocrx_word' id='word_1_317' title='bbox 546 2851 701 2908; x_wconf 82' lang='lat' dir='ltr'><strong>intellexisti</strong></span> <span class='ocrx_word' id='word_1_318' title='bbox 724 2853 861 2926; x_wconf 85' lang='lat' dir='ltr'><strong>utriusque</strong></span> <span class='ocrx_word' id='word_1_319' title='bbox 884 2856 959 2910; x_wconf 84' lang='lat' dir='ltr'><strong>celte</strong></span> <span class='ocrx_word' id='word_1_320' title='bbox 973 2871 1040 2925; x_wconf 91' lang='lat' dir='ltr'><strong>pro-</strong></span> 
     </span>
     <span class='ocr_line' id='line_1_29' title="bbox 245 2938 1039 3016; baseline 0.008 -22"><span class='ocrx_word' id='word_1_321' title='bbox 245 2939 384 3010; x_wconf 77' lang='lat' dir='ltr'><strong>prietates,</strong></span> <span class='ocrx_word' id='word_1_322' title='bbox 407 2953 462 2995; x_wconf 90' lang='lat' dir='ltr'><strong>non</strong></span> <span class='ocrx_word' id='word_1_323' title='bbox 484 2938 633 3012; x_wconf 75' lang='lat' dir='ltr'><strong>incongrue</strong></span> <span class='ocrx_word' id='word_1_324' title='bbox 655 2955 701 2996; x_wconf 91' lang='lat' dir='ltr'><strong>mc</strong></span> <span class='ocrx_word' id='word_1_325' title='bbox 725 2941 796 2998; x_wconf 86' lang='lat' dir='ltr'><strong>hanc</strong></span> <span class='ocrx_word' id='word_1_326' title='bbox 822 2942 1039 3016; x_wconf 71' lang='lat' dir='ltr'><strong>unguentariam,</strong></span> 
     </span>
     <span class='ocr_line' id='line_1_30' title="bbox 244 3025 1042 3097; baseline 0.006 -14"><span class='ocrx_word' id='word_1_327' title='bbox 244 3027 319 3084; x_wconf 88' lang='lat' dir='ltr'><strong>illam</strong></span> <span class='ocrx_word' id='word_1_328' title='bbox 342 3025 513 3083; x_wconf 88' lang='lat' dir='ltr'><strong>aromaticam</strong></span> <span class='ocrx_word' id='word_1_329' title='bbox 536 3027 685 3097; x_wconf 73' lang='lat' dir='ltr'><strong>appellasse</strong></span> <span class='ocrx_word' id='word_1_330' title='bbox 708 3030 856 3085; x_wconf 90' lang='lat' dir='ltr'><strong>testaberis.</strong></span> <span class='ocrx_word' id='word_1_331' title='bbox 874 3029 904 3085; x_wconf 93' lang='lat' dir='ltr'><strong>lu</strong></span> <span class='ocrx_word' id='word_1_332' title='bbox 924 3030 970 3086; x_wconf 87' lang='lat' dir='ltr'><strong>ille</strong></span> <span class='ocrx_word' id='word_1_333' title='bbox 993 3033 1042 3088; x_wconf 89' lang='lat' dir='ltr'><strong>de·</strong></span> 
     </span>
    </p>
   </div>
   <div class='ocr_carea' id='block_1_4' title="bbox 1092 2317 1901 3101">
    <p class='ocr_par' dir='ltr' id='par_1_5' title="bbox 1092 2317 1901 3101">
     <span class='ocr_line' id='line_1_31' title="bbox 1092 2317 1898 2392; baseline -0.005 -15"><span class='ocrx_word' id='word_1_334' title='bbox 1092 2320 1203 2392; x_wconf 91' lang='lat' dir='ltr'><strong>quidem</strong></span> <span class='ocrx_word' id='word_1_335' title='bbox 1217 2321 1244 2374; x_wconf 92' lang='lat' dir='ltr'><strong>in</strong></span> <span class='ocrx_word' id='word_1_336' title='bbox 1258 2319 1382 2375; x_wconf 90' lang='lat' dir='ltr'><strong>moribus</strong></span> <span class='ocrx_word' id='word_1_337' title='bbox 1401 2318 1579 2386; x_wconf 85' lang='lat' dir='ltr'><strong>antecellunt;</strong></span> <span class='ocrx_word' id='word_1_338' title='bbox 1602 2318 1649 2375; x_wconf 88' lang='lat' dir='ltr'><strong>sed</strong></span> <span class='ocrx_word' id='word_1_339' title='bbox 1674 2317 1796 2389; x_wconf 86' lang='lat' dir='ltr'><strong>utrisque</strong></span> <span class='ocrx_word' id='word_1_340' title='bbox 1815 2333 1898 2388; x_wconf 91' lang='lat' dir='ltr'><strong>supe·</strong></span> 
     </span>
     <span class='ocr_line' id='line_1_32' title="bbox 1093 2405 1900 2479; baseline -0.001 -15"><span class='ocrx_word' id='word_1_341' title='bbox 1093 2407 1180 2466; x_wconf 87' lang='lat' dir='ltr'><strong>riorrs</strong></span> <span class='ocrx_word' id='word_1_342' title='bbox 1201 2408 1330 2473; x_wconf 86' lang='lat' dir='ltr'><strong>existunt,</strong></span> <span class='ocrx_word' id='word_1_343' title='bbox 1350 2407 1396 2479; x_wconf 89' lang='lat' dir='ltr'><strong>qui</strong></span> <span class='ocrx_word' id='word_1_344' title='bbox 1411 2407 1567 2477; x_wconf 88' lang='lat' dir='ltr'><strong>superiores</strong></span> <span class='ocrx_word' id='word_1_345' title='bbox 1581 2422 1643 2462; x_wconf 88' lang='lat' dir='ltr'><strong>esse</strong></span> <span class='ocrx_word' id='word_1_346' title='bbox 1661 2405 1759 2462; x_wconf 90' lang='lat' dir='ltr'><strong>sciunt.</strong></span> <span class='ocrx_word' id='word_1_347' title='bbox 1775 2405 1900 2478; x_wconf 87' lang='lat' dir='ltr'><strong>Denique</strong></span> 
     </span>
     <span class='ocr_line' id='line_1_33' title="bbox 1094 2494 1899 2569; baseline -0.004 -16"><span class='ocrx_word' id='word_1_348' title='bbox 1094 2505 1122 2554; x_wconf 94' lang='lat' dir='ltr'><strong>et</strong></span> <span class='ocrx_word' id='word_1_349' title='bbox 1133 2496 1268 2568; x_wconf 84' lang='lat' dir='ltr'><strong>accipiunt</strong></span> <span class='ocrx_word' id='word_1_350' title='bbox 1281 2495 1309 2551; x_wconf 91' lang='lat' dir='ltr'><strong>in</strong></span> <span class='ocrx_word' id='word_1_351' title='bbox 1320 2495 1498 2566; x_wconf 88' lang='lat' dir='ltr'><strong>promissione</strong></span> <span class='ocrx_word' id='word_1_352' title='bbox 1516 2495 1563 2569; x_wconf 93' lang='lat' dir='ltr'><strong>qui</strong></span> <span class='ocrx_word' id='word_1_353' title='bbox 1578 2494 1647 2550; x_wconf 90' lang='lat' dir='ltr'><strong>bene</strong></span> <span class='ocrx_word' id='word_1_354' title='bbox 1669 2501 1799 2566; x_wconf 81' lang='lat' dir='ltr'><strong>presunt,</strong></span> <span class='ocrx_word' id='word_1_355' title='bbox 1829 2509 1899 2552; x_wconf 90' lang='lat' dir='ltr'><strong>con·</strong></span> 
     </span>
     <span class='ocr_line' id='line_1_34' title="bbox 1093 2581 1898 2657; baseline -0.001 -17"><span class='ocrx_word' id='word_1_356' title='bbox 1093 2584 1170 2642; x_wconf 90' lang='lat' dir='ltr'><strong>stitui</strong></span> <span class='ocrx_word' id='word_1_357' title='bbox 1183 2600 1265 2657; x_wconf 89' lang='lat' dir='ltr'><strong>super</strong></span> <span class='ocrx_word' id='word_1_358' title='bbox 1280 2586 1371 2640; x_wconf 88' lang='lat' dir='ltr'><strong>omnia</strong></span> <span class='ocrx_word' id='word_1_359' title='bbox 1393 2585 1464 2641; x_wconf 91' lang='lat' dir='ltr'><strong>bona</strong></span> <span class='ocrx_word' id='word_1_360' title='bbox 1485 2583 1592 2639; x_wconf 86' lang='lat' dir='ltr'><strong>Domini</strong></span> <span class='ocrx_word' id='word_1_361' title='bbox 1614 2581 1657 2639; x_wconf 91' lang='lat' dir='ltr'><strong>sui</strong></span> <span class='ocrx_word' id='word_1_362' title='bbox 1679 2583 1791 2654; x_wconf 74' lang='lat' dir='ltr'><strong>(uorat.</strong></span> <span class='ocrx_word' id='word_1_363' title='bbox 1814 2597 1898 2652; x_wconf 76' lang='lat' dir='ltr'><strong>xxxv,</strong></span> 
     </span>
     <span class='ocr_line' id='line_1_35' title="bbox 1094 2659 1899 2746; baseline -0.004 -16"><span class='ocrx_word' id='word_1_364' title='bbox 1094 2676 1147 2746; x_wconf 75' lang='lat' dir='ltr'><strong>la).</strong></span> <span class='ocrx_word' id='word_1_365' title='bbox 1164 2672 1200 2730; x_wconf 84' lang='grc' dir='ltr'><strong>Αι</strong></span> <span class='ocrx_word' id='word_1_366' title='bbox 1219 2672 1299 2745; x_wconf 90' lang='lat' dir='ltr'><strong>pauci</strong></span> <span class='ocrx_word' id='word_1_367' title='bbox 1320 2673 1442 2746; x_wconf 84' lang='lat' dir='ltr'><strong>proiecto</strong></span> <span class='ocrx_word' id='word_1_368' title='bbox 1463 2673 1511 2746; x_wconf 92' lang='lat' dir='ltr'><strong>qui</strong></span> <span class='ocrx_word' id='word_1_369' title='bbox 1530 2659 1650 2742; x_wconf 61' lang='lat' dir='ltr'><strong>&#39;utiliter3</strong></span> <span class='ocrx_word' id='word_1_370' title='bbox 1673 2671 1828 2744; x_wconf 87' lang='lat' dir='ltr'><strong>pauciores,</strong></span> <span class='ocrx_word' id='word_1_371' title='bbox 1853 2671 1899 2743; x_wconf 91' lang='lat' dir='ltr'><strong>qui</strong></span> 
     </span>
     <span class='ocr_line' id='line_1_36' title="bbox 1093 2760 1900 2834; baseline -0.005 -14"><span class='ocrx_word' id='word_1_372' title='bbox 1093 2771 1120 2820; x_wconf 89' lang='lat' dir='ltr'><strong>et</strong></span> <span class='ocrx_word' id='word_1_373' title='bbox 1137 2763 1271 2819; x_wconf 85' lang='lat' dir='ltr'><strong>humiliter</strong></span> <span class='ocrx_word' id='word_1_374' title='bbox 1287 2764 1407 2834; x_wconf 86' lang='lat' dir='ltr'><strong>presint.</strong></span> <span class='ocrx_word' id='word_1_375' title='bbox 1434 2762 1633 2832; x_wconf 73' lang='lat' dir='ltr'><strong>Facile,tamen</strong></span> <span class='ocrx_word' id='word_1_376' title='bbox 1647 2773 1792 2834; x_wconf 85' lang='lat' dir='ltr'><strong>utrumque</strong></span> <span class='ocrx_word' id='word_1_377' title='bbox 1809 2760 1900 2817; x_wconf 88' lang='lat' dir='ltr'><strong>adim·</strong></span> 
     </span>
     <span class='ocr_line' id='line_1_37' title="bbox 1094 2848 1901 2924; baseline -0.002 -18"><span class='ocrx_word' id='word_1_378' title='bbox 1094 2851 1158 2922; x_wconf 87' lang='lat' dir='ltr'><strong>plat,</strong></span> <span class='ocrx_word' id='word_1_379' title='bbox 1186 2851 1234 2924; x_wconf 91' lang='lat' dir='ltr'><strong>qui</strong></span> <span class='ocrx_word' id='word_1_380' title='bbox 1264 2857 1375 2906; x_wconf 86' lang='lat' dir='ltr'><strong>matrem</strong></span> <span class='ocrx_word' id='word_1_381' title='bbox 1399 2850 1530 2906; x_wconf 81' lang='lat' dir='ltr'><strong>uirtutum</strong></span> <span class='ocrx_word' id='word_1_382' title='bbox 1555 2848 1745 2906; x_wconf 88' lang='lat' dir='ltr'><strong>discretionem</strong></span> <span class='ocrx_word' id='word_1_383' title='bbox 1781 2849 1901 2920; x_wconf 87' lang='lat' dir='ltr'><strong>perlecto</strong></span> 
     </span>
     <span class='ocr_line' id='line_1_38' title="bbox 1094 2937 1900 3012; baseline -0.001 -17"><span class='ocrx_word' id='word_1_384' title='bbox 1094 2940 1218 3012; x_wconf 90' lang='lat' dir='ltr'><strong>adeptus,</strong></span> <span class='ocrx_word' id='word_1_385' title='bbox 1233 2939 1297 2996; x_wconf 84' lang='lat' dir='ltr'><strong>uitro</strong></span> <span class='ocrx_word' id='word_1_386' title='bbox 1316 2938 1493 2995; x_wconf 88' lang='lat' dir='ltr'><strong>nihilominus</strong></span> <span class='ocrx_word' id='word_1_387' title='bbox 1514 2937 1651 2995; x_wconf 73' lang='lat' dir='ltr'><strong>concitetis</strong></span> <span class='ocrx_word' id='word_1_388' title='bbox 1676 2952 1763 3012; x_wconf 89' lang='lat' dir='ltr'><strong>osque</strong></span> <span class='ocrx_word' id='word_1_389' title='bbox 1781 2941 1814 2993; x_wconf 85' lang='lat' dir='ltr'><strong>ad</strong></span> <span class='ocrx_word' id='word_1_390' title='bbox 1830 2953 1900 2994; x_wconf 92' lang='lat' dir='ltr'><strong>oon-</strong></span> 
     </span>
     <span class='ocr_line' id='line_1_39' title="bbox 1095 3025 1901 3101; baseline -0.002 -18"><span class='ocrx_word' id='word_1_391' title='bbox 1095 3033 1227 3100; x_wconf 87' lang='lat' dir='ltr'><strong>tempturn</strong></span> <span class='ocrx_word' id='word_1_392' title='bbox 1246 3027 1362 3099; x_wconf 83' lang='lat' dir='ltr'><strong>proprie</strong></span> <span class='ocrx_word' id='word_1_393' title='bbox 1390 3028 1494 3101; x_wconf 79' lang='lat' dir='ltr'><strong>glorie,</strong></span> <span class='ocrx_word' id='word_1_394' title='bbox 1509 3042 1597 3100; x_wconf 90' lang='lat' dir='ltr'><strong>usquc</strong></span> <span class='ocrx_word' id='word_1_395' title='bbox 1610 3026 1645 3082; x_wconf 91' lang='lat' dir='ltr'><strong>ad</strong></span> <span class='ocrx_word' id='word_1_396' title='bbox 1659 3029 1701 3083; x_wconf 93' lang='lat' dir='ltr'><strong>sui</strong></span> <span class='ocrx_word' id='word_1_397' title='bbox 1724 3025 1811 3096; x_wconf 85' lang='lat' dir='ltr'><strong>ipsius</strong></span> <span class='ocrx_word' id='word_1_398' title='bbox 1825 3025 1901 3083; x_wconf 89' lang='lat' dir='ltr'><strong>obli·</strong></span> 
     </span>
    </p>
   </div>
   <div class='ocr_carea' id='block_1_5' title="bbox 243 3113 1901 3191">
    <p class='ocr_par' dir='ltr' id='par_1_6' title="bbox 243 3113 1901 3191">
     <span class='ocr_line' id='line_1_40' title="bbox 243 3113 1901 3191; baseline -0.001 -20"><span class='ocrx_word' id='word_1_399' title='bbox 243 3114 336 3186; x_wconf 90' lang='lat' dir='ltr'><strong>nique,</strong></span> <span class='ocrx_word' id='word_1_400' title='bbox 354 3113 425 3170; x_wconf 85' lang='lat' dir='ltr'><strong>sicut</strong></span> <span class='ocrx_word' id='word_1_401' title='bbox 450 3113 649 3186; x_wconf 69' lang='lat' dir='ltr'><strong>pigmentorum</strong></span> <span class='ocrx_word' id='word_1_402' title='bbox 671 3113 746 3170; x_wconf 87' lang='lat' dir='ltr'><strong>uires</strong></span> <span class='ocrx_word' id='word_1_403' title='bbox 767 3122 846 3187; x_wconf 82' lang='lat' dir='ltr'><strong>atque</strong></span> <span class='ocrx_word' id='word_1_404' title='bbox 867 3116 1039 3191; x_wconf 80' lang='lat' dir='ltr'><strong>fragrantiam</strong></span> <span class='ocrx_word' id='word_1_405' title='bbox 1094 3115 1212 3180; x_wconf 79' lang='lat' dir='ltr'><strong>aionem,</strong></span> <span class='ocrx_word' id='word_1_406' title='bbox 1226 3122 1254 3172; x_wconf 93' lang='lat' dir='ltr'><strong>et</strong></span> <span class='ocrx_word' id='word_1_407' title='bbox 1266 3131 1321 3173; x_wconf 93' lang='lat' dir='ltr'><strong>non</strong></span> <span class='ocrx_word' id='word_1_408' title='bbox 1335 3117 1370 3172; x_wconf 88' lang='lat' dir='ltr'><strong>ad</strong></span> <span class='ocrx_word' id='word_1_409' title='bbox 1385 3117 1532 3188; x_wconf 85' lang='lat' dir='ltr'><strong>querenda</strong></span> <span class='ocrx_word' id='word_1_410' title='bbox 1546 3131 1606 3187; x_wconf 94' lang='lat' dir='ltr'><strong>que</strong></span> <span class='ocrx_word' id='word_1_411' title='bbox 1617 3113 1901 3174; x_wconf 79' lang='lat' dir='ltr'><strong>suasuntdebrintur3</strong></span> 
     </span>
    </p>
   </div>
   <div class='ocr_carea' id='block_1_6' title="bbox 243 3171 1901 3279">
    <p class='ocr_par' dir='ltr' id='par_1_7' title="bbox 243 3171 1901 3279">
     <span class='ocr_line' id='line_1_41' title="bbox 243 3171 1901 3279; baseline 0.002 -21"><span class='ocrx_word' id='word_1_412' title='bbox 243 3201 338 3276; x_wconf 89' lang='lat' dir='ltr'><strong>pistilli</strong></span> <span class='ocrx_word' id='word_1_413' title='bbox 364 3209 504 3274; x_wconf 82' lang='lat' dir='ltr'><strong>extorquet</strong></span> <span class='ocrx_word' id='word_1_414' title='bbox 531 3212 560 3259; x_wconf 88' lang='lat' dir='ltr'><strong>et</strong></span> <span class='ocrx_word' id='word_1_415' title='bbox 577 3202 661 3277; x_wconf 75' lang='lat' dir='ltr'><strong>exigit</strong></span> <span class='ocrx_word' id='word_1_416' title='bbox 688 3202 805 3260; x_wconf 84' lang='lat' dir='ltr'><strong>violenta</strong></span> <span class='ocrx_word' id='word_1_417' title='bbox 831 3204 968 3276; x_wconf 91' lang='lat' dir='ltr'><strong>contusio,</strong></span> <span class='ocrx_word' id='word_1_418' title='bbox 998 3208 1039 3266; x_wconf 88' lang='lat' dir='ltr'><strong>sic</strong></span> <span class='ocrx_word' id='word_1_419' title='bbox 1054 3171 1169 3277; x_wconf 59' lang='lat' dir='ltr'><strong>ssquod</strong></span> <span class='ocrx_word' id='word_1_420' title='bbox 1181 3203 1240 3260; x_wconf 92' lang='lat' dir='ltr'><strong>solo</strong></span> <span class='ocrx_word' id='word_1_421' title='bbox 1254 3219 1286 3260; x_wconf 88' lang='grc' dir='ltr'><strong>ιο</strong></span> <span class='ocrx_word' id='word_1_422' title='bbox 1300 3203 1369 3260; x_wconf 89' lang='lat' dir='ltr'><strong>miro</strong></span> <span class='ocrx_word' id='word_1_423' title='bbox 1393 3204 1511 3278; x_wconf 90' lang='lat' dir='ltr'><strong>Spiritus</strong></span> <span class='ocrx_word' id='word_1_424' title='bbox 1532 3203 1618 3261; x_wconf 84' lang='lat' dir='ltr'><strong>annui</strong></span> <span class='ocrx_word' id='word_1_425' title='bbox 1654 3202 1809 3279; x_wconf 72' lang='lat' dir='ltr'><strong>magisterio</strong></span> <span class='ocrx_word' id='word_1_426' title='bbox 1828 3203 1901 3264; x_wconf 87' lang='lat' dir='ltr'><strong>iutra</strong></span> 
     </span>
    </p>
   </div>
   <div class='ocr_carea' id='block_1_7' title="bbox 242 3290 1041 3810">
    <p class='ocr_par' dir='ltr' id='par_1_8' title="bbox 242 3290 1041 3810">
     <span class='ocr_line' id='line_1_42' title="bbox 242 3290 1040 3367; baseline 0.011 -21"><span class='ocrx_word' id='word_1_427' title='bbox 242 3304 381 3349; x_wconf 89' lang='lat' dir='ltr'><strong>rectorum</strong></span> <span class='ocrx_word' id='word_1_428' title='bbox 403 3307 510 3350; x_wconf 86' lang='lat' dir='ltr'><strong>mamm</strong></span> <span class='ocrx_word' id='word_1_429' title='bbox 534 3290 605 3348; x_wconf 91' lang='lat' dir='ltr'><strong>elicit</strong></span> <span class='ocrx_word' id='word_1_430' title='bbox 627 3292 831 3366; x_wconf 88' lang='lat' dir='ltr'><strong>quodammodo</strong></span> <span class='ocrx_word' id='word_1_431' title='bbox 859 3302 887 3349; x_wconf 89' lang='lat' dir='ltr'><strong>et</strong></span> <span class='ocrx_word' id='word_1_432' title='bbox 914 3296 1040 3367; x_wconf 87' lang='lat' dir='ltr'><strong>exprimit</strong></span> 
     </span>
     <span class='ocr_line' id='line_1_43' title="bbox 244 3379 1039 3456; baseline 0.01 -20"><span class='ocrx_word' id='word_1_433' title='bbox 244 3380 393 3438; x_wconf 84' lang='lat' dir='ltr'><strong>naturalem</strong></span> <span class='ocrx_word' id='word_1_434' title='bbox 411 3381 466 3438; x_wconf 85' lang='lat' dir='ltr'><strong>uim</strong></span> <span class='ocrx_word' id='word_1_435' title='bbox 479 3380 520 3437; x_wconf 84' lang='lat' dir='ltr'><strong>uis</strong></span> <span class='ocrx_word' id='word_1_436' title='bbox 534 3379 689 3453; x_wconf 75' lang='lat' dir='ltr'><strong>llnqisterii,</strong></span> <span class='ocrx_word' id='word_1_437' title='bbox 699 3391 728 3438; x_wconf 91' lang='lat' dir='ltr'><strong>et</strong></span> <span class='ocrx_word' id='word_1_438' title='bbox 737 3381 869 3439; x_wconf 89' lang='lat' dir='ltr'><strong>districtio</strong></span> <span class='ocrx_word' id='word_1_439' title='bbox 878 3381 1039 3456; x_wconf 85' lang='lat' dir='ltr'><strong>discipline.</strong></span> 
     </span>
     <span class='ocr_line' id='line_1_44' title="bbox 243 3467 1040 3545; baseline 0.006 -19"><span class='ocrx_word' id='word_1_440' title='bbox 243 3471 274 3526; x_wconf 93' lang='lat' dir='ltr'><strong>ln</strong></span> <span class='ocrx_word' id='word_1_441' title='bbox 288 3471 344 3526; x_wconf 87' lang='lat' dir='ltr'><strong>hec</strong></span> <span class='ocrx_word' id='word_1_442' title='bbox 361 3477 451 3526; x_wconf 88' lang='lat' dir='ltr'><strong>autem</strong></span> <span class='ocrx_word' id='word_1_443' title='bbox 466 3467 624 3528; x_wconf 79' lang='lat' dir='ltr'><strong>voluntarie</strong></span> <span class='ocrx_word' id='word_1_444' title='bbox 648 3479 674 3526; x_wconf 89' lang='lat' dir='ltr'><strong>et</strong></span> <span class='ocrx_word' id='word_1_445' title='bbox 696 3477 823 3545; x_wconf 84' lang='lat' dir='ltr'><strong>tanquam</strong></span> <span class='ocrx_word' id='word_1_446' title='bbox 846 3470 945 3528; x_wconf 88' lang='lat' dir='ltr'><strong>inuste</strong></span> <span class='ocrx_word' id='word_1_447' title='bbox 968 3473 1040 3531; x_wconf 86' lang='lat' dir='ltr'><strong>elie-</strong></span> 
     </span>
     <span class='ocr_line' id='line_1_45' title="bbox 243 3557 1041 3633; baseline 0.004 -18"><span class='ocrx_word' id='word_1_448' title='bbox 243 3558 341 3615; x_wconf 88' lang='lat' dir='ltr'><strong>ctionis</strong></span> <span class='ocrx_word' id='word_1_449' title='bbox 353 3564 429 3633; x_wconf 71' lang='lat' dir='ltr'><strong>grata</strong></span> <span class='ocrx_word' id='word_1_450' title='bbox 443 3558 620 3616; x_wconf 86' lang='lat' dir='ltr'><strong>nransuetudo</strong></span> <span class='ocrx_word' id='word_1_451' title='bbox 633 3567 730 3630; x_wconf 90' lang='lat' dir='ltr'><strong>sponte</strong></span> <span class='ocrx_word' id='word_1_452' title='bbox 750 3557 871 3616; x_wconf 82' lang='lat' dir='ltr'><strong>officiose</strong></span> <span class='ocrx_word' id='word_1_453' title='bbox 884 3561 978 3629; x_wconf 91' lang='lat' dir='ltr'><strong>currit,</strong></span> <span class='ocrx_word' id='word_1_454' title='bbox 999 3562 1041 3618; x_wconf 91' lang='lat' dir='ltr'><strong>in·</strong></span> 
     </span>
     <span class='ocr_line' id='line_1_46' title="bbox 244 3647 1040 3719; baseline 0.008 -17"><span class='ocrx_word' id='word_1_455' title='bbox 244 3655 301 3703; x_wconf 85' lang='lat' dir='ltr'><strong>ster</strong></span> <span class='ocrx_word' id='word_1_456' title='bbox 321 3647 401 3718; x_wconf 87' lang='lat' dir='ltr'><strong>plane</strong></span> <span class='ocrx_word' id='word_1_457' title='bbox 423 3647 555 3719; x_wconf 77' lang='lat' dir='ltr'><strong>unguenti</strong></span> <span class='ocrx_word' id='word_1_458' title='bbox 576 3647 650 3718; x_wconf 92' lang='lat' dir='ltr'><strong>quod</strong></span> <span class='ocrx_word' id='word_1_459' title='bbox 665 3655 707 3704; x_wconf 88' lang='lat' dir='ltr'><strong>est</strong></span> <span class='ocrx_word' id='word_1_460' title='bbox 726 3647 755 3702; x_wconf 93' lang='lat' dir='ltr'><strong>in</strong></span> <span class='ocrx_word' id='word_1_461' title='bbox 777 3648 876 3719; x_wconf 85' lang='lat' dir='ltr'><strong>capite,</strong></span> <span class='ocrx_word' id='word_1_462' title='bbox 898 3649 931 3704; x_wconf 84' lang='lat' dir='ltr'><strong>sd</strong></span> <span class='ocrx_word' id='word_1_463' title='bbox 954 3650 1040 3708; x_wconf 84' lang='lat' dir='ltr'><strong>lenem</strong></span> 
     </span>
     <span class='ocr_line' id='line_1_47' title="bbox 244 3733 1040 3810; baseline 0.01 -20"><span class='ocrx_word' id='word_1_464' title='bbox 244 3733 342 3791; x_wconf 88' lang='lat' dir='ltr'><strong>caloris</strong></span> <span class='ocrx_word' id='word_1_465' title='bbox 355 3741 453 3790; x_wconf 87' lang='lat' dir='ltr'><strong>tactum</strong></span> <span class='ocrx_word' id='word_1_466' title='bbox 468 3734 657 3792; x_wconf 85' lang='lat' dir='ltr'><strong>descendentis</strong></span> <span class='ocrx_word' id='word_1_467' title='bbox 670 3749 702 3791; x_wconf 88' lang='lat' dir='ltr'><strong>ec</strong></span> <span class='ocrx_word' id='word_1_468' title='bbox 718 3734 866 3793; x_wconf 81' lang='lat' dir='ltr'><strong>diffluentis</strong></span> <span class='ocrx_word' id='word_1_469' title='bbox 879 3753 926 3810; x_wconf 89' lang='lat' dir='ltr'><strong>per</strong></span> <span class='ocrx_word' id='word_1_470' title='bbox 943 3745 1040 3799; x_wconf 92' lang='lat' dir='ltr'><strong>totum.</strong></span> 
     </span>
    </p>
   </div>
   <div class='ocr_carea' id='block_1_8' title="bbox 132 3817 1043 3896">
    <p class='ocr_par' dir='ltr' id='par_1_9' title="bbox 132 3817 1043 3896">
     <span class='ocr_line' id='line_1_48' title="bbox 132 3817 1043 3896; baseline 0.01 -17"><span class='ocrx_word' id='word_1_471' title='bbox 132 3817 133 3820; x_wconf 66' lang='grc'>’</span> <span class='ocrx_word' id='word_1_472' title='bbox 244 3823 340 3894; x_wconf 85' lang='lat' dir='ltr'><strong>ltaque</strong></span> <span class='ocrx_word' id='word_1_473' title='bbox 361 3822 387 3878; x_wconf 93' lang='lat' dir='ltr'><strong>in</strong></span> <span class='ocrx_word' id='word_1_474' title='bbox 410 3822 482 3879; x_wconf 84' lang='lat' dir='ltr'><strong>cella</strong></span> <span class='ocrx_word' id='word_1_475' title='bbox 494 3823 652 3894; x_wconf 87' lang='lat' dir='ltr'><strong>discipline,</strong></span> <span class='ocrx_word' id='word_1_476' title='bbox 677 3831 803 3896; x_wconf 85' lang='lat' dir='ltr'><strong>tanquam</strong></span> <span class='ocrx_word' id='word_1_477' title='bbox 825 3827 905 3886; x_wconf 84' lang='lat' dir='ltr'><strong>sicce</strong></span> <span class='ocrx_word' id='word_1_478' title='bbox 919 3845 950 3887; x_wconf 89' lang='lat' dir='ltr'><strong>ac</strong></span> <span class='ocrx_word' id='word_1_479' title='bbox 972 3831 1043 3888; x_wconf 75' lang='lat' dir='ltr'><strong>um-</strong></span> 
     </span>
    </p>
   </div>
   <div class='ocr_carea' id='block_1_9' title="bbox 244 3913 1041 3986">
    <p class='ocr_par' dir='ltr' id='par_1_10' title="bbox 244 3913 1041 3986">
     <span class='ocr_line' id='line_1_49' title="bbox 244 3913 1041 3986; baseline 0.014 -18"><span class='ocrx_word' id='word_1_480' title='bbox 244 3913 330 3986; x_wconf 87' lang='lat' dir='ltr'><strong>plices</strong></span> <span class='ocrx_word' id='word_1_481' title='bbox 342 3923 492 3970; x_wconf 90' lang='lat' dir='ltr'><strong>aromatum</strong></span> <span class='ocrx_word' id='word_1_482' title='bbox 517 3914 622 3986; x_wconf 91' lang='lat' dir='ltr'><strong>species</strong></span> <span class='ocrx_word' id='word_1_483' title='bbox 645 3917 826 3983; x_wconf 86' lang='lat' dir='ltr'><strong>continentur,</strong></span> <span class='ocrx_word' id='word_1_484' title='bbox 841 3925 868 3975; x_wconf 89' lang='lat' dir='ltr'><strong>et</strong></span> <span class='ocrx_word' id='word_1_485' title='bbox 891 3919 955 3978; x_wconf 89' lang='lat' dir='ltr'><strong>inde</strong></span> <span class='ocrx_word' id='word_1_486' title='bbox 978 3937 1041 3979; x_wconf 90' lang='lat' dir='ltr'><strong>nro·</strong></span> 
     </span>
    </p>
   </div>
   <div class='ocr_carea' id='block_1_10' title="bbox 1095 3291 1902 3990">
    <p class='ocr_par' dir='ltr' id='par_1_11' title="bbox 1095 3291 1902 3990">
     <span class='ocr_line' id='line_1_50' title="bbox 1096 3291 1899 3364; baseline -0.002 -14"><span class='ocrx_word' id='word_1_487' title='bbox 1096 3292 1195 3350; x_wconf 89' lang='lat' dir='ltr'><strong>cellam</strong></span> <span class='ocrx_word' id='word_1_488' title='bbox 1212 3291 1342 3348; x_wconf 82' lang='lat' dir='ltr'><strong>vinariam</strong></span> <span class='ocrx_word' id='word_1_489' title='bbox 1356 3293 1501 3351; x_wconf 87' lang='lat' dir='ltr'><strong>obtinetur.</strong></span> <span class='ocrx_word' id='word_1_490' title='bbox 1521 3293 1614 3350; x_wconf 83' lang='lat' dir='ltr'><strong>Virtus</strong></span> <span class='ocrx_word' id='word_1_491' title='bbox 1628 3291 1765 3364; x_wconf 89' lang='lat' dir='ltr'><strong>siquidem</strong></span> <span class='ocrx_word' id='word_1_492' title='bbox 1791 3291 1899 3348; x_wconf 78' lang='lat' dir='ltr'><strong>dbcre-</strong></span> 
     </span>
     <span class='ocr_line' id='line_1_51' title="bbox 1096 3379 1902 3454; baseline -0.002 -17"><span class='ocrx_word' id='word_1_493' title='bbox 1096 3381 1177 3448; x_wconf 70' lang='lat' dir='ltr'><strong>rionis</strong></span> <span class='ocrx_word' id='word_1_494' title='bbox 1190 3382 1297 3454; x_wconf 88' lang='lat' dir='ltr'><strong>absque</strong></span> <span class='ocrx_word' id='word_1_495' title='bbox 1328 3382 1470 3439; x_wconf 83' lang='lat' dir='ltr'><strong>charitatis</strong></span> <span class='ocrx_word' id='word_1_496' title='bbox 1497 3381 1606 3440; x_wconf 78' lang='lat' dir='ltr'><strong>fervore</strong></span> <span class='ocrx_word' id='word_1_497' title='bbox 1639 3382 1722 3452; x_wconf 80' lang='lat' dir='ltr'><strong>iacet,</strong></span> <span class='ocrx_word' id='word_1_498' title='bbox 1756 3387 1784 3438; x_wconf 92' lang='lat' dir='ltr'><strong>et</strong></span> <span class='ocrx_word' id='word_1_499' title='bbox 1811 3379 1902 3438; x_wconf 86' lang='lat' dir='ltr'><strong>lcrror</strong></span> 
     </span>
     <span class='ocr_line' id='line_1_52' title="bbox 1095 3469 1901 3543; baseline -0.001 -16"><span class='ocrx_word' id='word_1_500' title='bbox 1095 3471 1240 3527; x_wconf 82' lang='lat' dir='ltr'><strong>uehemens</strong></span> <span class='ocrx_word' id='word_1_501' title='bbox 1254 3469 1356 3543; x_wconf 88' lang='lat' dir='ltr'><strong>absque</strong></span> <span class='ocrx_word' id='word_1_502' title='bbox 1372 3469 1544 3529; x_wconf 90' lang='lat' dir='ltr'><strong>discretionis</strong></span> <span class='ocrx_word' id='word_1_503' title='bbox 1562 3475 1774 3542; x_wconf 88' lang='lat' dir='ltr'><strong>temperamento</strong></span> <span class='ocrx_word' id='word_1_504' title='bbox 1796 3470 1901 3540; x_wconf 84' lang='lat' dir='ltr'><strong>preci·</strong></span> 
     </span>
     <span class='ocr_line' id='line_1_53' title="bbox 1096 3557 1901 3632; baseline -0.002 -17"><span class='ocrx_word' id='word_1_505' title='bbox 1096 3560 1173 3632; x_wconf 86' lang='lat' dir='ltr'><strong>pitet.</strong></span> <span class='ocrx_word' id='word_1_506' title='bbox 1189 3560 1305 3632; x_wconf 91' lang='lat' dir='ltr'><strong>ldeoquc</strong></span> <span class='ocrx_word' id='word_1_507' title='bbox 1328 3558 1481 3632; x_wconf 88' lang='lat' dir='ltr'><strong>laudabilis,</strong></span> <span class='ocrx_word' id='word_1_508' title='bbox 1492 3561 1536 3617; x_wconf 90' lang='lat' dir='ltr'><strong>cui</strong></span> <span class='ocrx_word' id='word_1_509' title='bbox 1565 3557 1791 3616; x_wconf 86' lang='lat' dir='ltr'><strong>neutrumdoest:</strong></span> <span class='ocrx_word' id='word_1_510' title='bbox 1804 3566 1901 3630; x_wconf 73' lang='lat' dir='ltr'><strong>quata-</strong></span> 
     </span>
     <span class='ocr_line' id='line_1_54' title="bbox 1095 3644 1896 3722; baseline -0.001 -18"><span class='ocrx_word' id='word_1_511' title='bbox 1095 3664 1147 3705; x_wconf 93' lang='lat' dir='ltr'><strong>nus</strong></span> <span class='ocrx_word' id='word_1_512' title='bbox 1160 3657 1187 3704; x_wconf 90' lang='lat' dir='ltr'><strong>et</strong></span> <span class='ocrx_word' id='word_1_513' title='bbox 1199 3647 1292 3706; x_wconf 85' lang='lat' dir='ltr'><strong>terror</strong></span> <span class='ocrx_word' id='word_1_514' title='bbox 1303 3647 1498 3706; x_wconf 86' lang='lat' dir='ltr'><strong>discretionem</strong></span> <span class='ocrx_word' id='word_1_515' title='bbox 1512 3647 1607 3722; x_wconf 80' lang='lat' dir='ltr'><strong>erigat,</strong></span> <span class='ocrx_word' id='word_1_516' title='bbox 1623 3655 1651 3705; x_wconf 88' lang='lat' dir='ltr'><strong>et</strong></span> <span class='ocrx_word' id='word_1_517' title='bbox 1663 3645 1791 3704; x_wconf 84' lang='lat' dir='ltr'><strong>discretio</strong></span> <span class='ocrx_word' id='word_1_518' title='bbox 1807 3644 1896 3704; x_wconf 83' lang='lat' dir='ltr'><strong>lerno-</strong></span> 
     </span>
     <span class='ocr_line' id='line_1_55' title="bbox 1096 3735 1902 3813; baseline -0.002 -21"><span class='ocrx_word' id='word_1_519' title='bbox 1096 3753 1152 3794; x_wconf 90' lang='lat' dir='ltr'><strong>rem</strong></span> <span class='ocrx_word' id='word_1_520' title='bbox 1165 3743 1251 3813; x_wconf 71' lang='lat' dir='ltr'><strong>repat.</strong></span> <span class='ocrx_word' id='word_1_521' title='bbox 1267 3737 1342 3810; x_wconf 74' lang='lat' dir='ltr'><strong>Ergo</strong></span> <span class='ocrx_word' id='word_1_522' title='bbox 1356 3735 1444 3792; x_wconf 88' lang='lat' dir='ltr'><strong>taliter</strong></span> <span class='ocrx_word' id='word_1_523' title='bbox 1462 3741 1571 3810; x_wconf 90' lang='lat' dir='ltr'><strong>oportet</strong></span> <span class='ocrx_word' id='word_1_524' title='bbox 1596 3751 1656 3794; x_wconf 89' lang='lat' dir='ltr'><strong>esse</strong></span> <span class='ocrx_word' id='word_1_525' title='bbox 1679 3745 1816 3792; x_wconf 86' lang='lat' dir='ltr'><strong>moratum</strong></span> <span class='ocrx_word' id='word_1_526' title='bbox 1838 3751 1902 3792; x_wconf 90' lang='lat' dir='ltr'><strong>eum</strong></span> 
     </span>
     <span class='ocr_line' id='line_1_56' title="bbox 1095 3823 1902 3899; baseline -0.001 -17"><span class='ocrx_word' id='word_1_527' title='bbox 1095 3825 1142 3899; x_wconf 92' lang='lat' dir='ltr'><strong>qui</strong></span> <span class='ocrx_word' id='word_1_528' title='bbox 1156 3837 1264 3895; x_wconf 84' lang='lat' dir='ltr'><strong>preest.</strong></span> <span class='ocrx_word' id='word_1_529' title='bbox 1279 3824 1418 3897; x_wconf 89' lang='lat' dir='ltr'><strong>Optimum</strong></span> <span class='ocrx_word' id='word_1_530' title='bbox 1443 3835 1533 3884; x_wconf 88' lang='lat' dir='ltr'><strong>antem</strong></span> <span class='ocrx_word' id='word_1_531' title='bbox 1550 3825 1577 3882; x_wconf 93' lang='lat' dir='ltr'><strong>in</strong></span> <span class='ocrx_word' id='word_1_532' title='bbox 1593 3825 1713 3881; x_wconf 92' lang='lat' dir='ltr'><strong>moribus</strong></span> <span class='ocrx_word' id='word_1_533' title='bbox 1735 3823 1863 3892; x_wconf 83' lang='lat' dir='ltr'><strong>dixerim,</strong></span> <span class='ocrx_word' id='word_1_534' title='bbox 1875 3835 1902 3881; x_wconf 87' lang='lat' dir='ltr'><strong>et</strong></span> 
     </span>
     <span class='ocr_line' id='line_1_57' title="bbox 1096 3913 1899 3990; baseline 0 -20"><span class='ocrx_word' id='word_1_535' title='bbox 1096 3929 1228 3970; x_wconf 89' lang='lat' dir='ltr'><strong>summam</strong></span> <span class='ocrx_word' id='word_1_536' title='bbox 1247 3913 1395 3987; x_wconf 85' lang='lat' dir='ltr'><strong>discipline</strong></span> <span class='ocrx_word' id='word_1_537' title='bbox 1417 3915 1501 3986; x_wconf 83' lang='lat' dir='ltr'><strong>hujus</strong></span> <span class='ocrx_word' id='word_1_538' title='bbox 1526 3913 1644 3990; x_wconf 84' lang='lat' dir='ltr'><strong>perlecta</strong></span> <span class='ocrx_word' id='word_1_539' title='bbox 1672 3913 1899 3988; x_wconf 81' lang='lat' dir='ltr'><strong>apprehendisse,</strong></span> 
     </span>
    </p>
   </div>
   <div class='ocr_carea' id='block_1_11' title="bbox 236 4002 1902 5770">
    <p class='ocr_par' dir='ltr' id='par_1_12' title="bbox 243 4002 1902 4876">
     <span class='ocr_line' id='line_1_58' title="bbox 244 4002 1901 4083; baseline -0.001 -25"><span class='ocrx_word' id='word_1_540' title='bbox 244 4003 368 4060; x_wconf 88' lang='lat' dir='ltr'><strong>maticam</strong></span> <span class='ocrx_word' id='word_1_541' title='bbox 382 4019 440 4060; x_wconf 83' lang='lat' dir='ltr'><strong>eam</strong></span> <span class='ocrx_word' id='word_1_542' title='bbox 453 4002 679 4060; x_wconf 74' lang='lat' dir='ltr'><strong>denominandam</strong></span> <span class='ocrx_word' id='word_1_543' title='bbox 694 4005 792 4076; x_wconf 89' lang='lat' dir='ltr'><strong>putavi.</strong></span> <span class='ocrx_word' id='word_1_544' title='bbox 813 4008 844 4062; x_wconf 90' lang='lat' dir='ltr'><strong>ln</strong></span> <span class='ocrx_word' id='word_1_545' title='bbox 857 4023 890 4063; x_wconf 86' lang='lat' dir='ltr'><strong>ee</strong></span> <span class='ocrx_word' id='word_1_546' title='bbox 904 4024 969 4067; x_wconf 83' lang='lat' dir='ltr'><strong>cero</strong></span> <span class='ocrx_word' id='word_1_547' title='bbox 979 4027 1040 4083; x_wconf 79' lang='lat' dir='ltr'><strong>qnae</strong></span> <span class='ocrx_word' id='word_1_548' title='bbox 1097 4003 1141 4060; x_wconf 92' lang='lat' dir='ltr'><strong>cui</strong></span> <span class='ocrx_word' id='word_1_549' title='bbox 1151 4010 1222 4060; x_wconf 88' lang='lat' dir='ltr'><strong>totas</strong></span> <span class='ocrx_word' id='word_1_550' title='bbox 1236 4004 1285 4059; x_wconf 90' lang='lat' dir='ltr'><strong>bns</strong></span> <span class='ocrx_word' id='word_1_551' title='bbox 1313 4002 1396 4060; x_wconf 88' lang='lat' dir='ltr'><strong>cellas</strong></span> <span class='ocrx_word' id='word_1_552' title='bbox 1422 4005 1526 4076; x_wconf 86' lang='lat' dir='ltr'><strong>absque</strong></span> <span class='ocrx_word' id='word_1_553' title='bbox 1546 4003 1711 4062; x_wconf 83' lang='lat' dir='ltr'><strong>oilendiculo</strong></span> <span class='ocrx_word' id='word_1_554' title='bbox 1739 4019 1901 4074; x_wconf 87' lang='lat' dir='ltr'><strong>percurrere</strong></span> 
     </span>
     <span class='ocr_line' id='line_1_59' title="bbox 245 4091 1901 4171; baseline 0 -23"><span class='ocrx_word' id='word_1_555' title='bbox 245 4099 347 4149; x_wconf 73' lang='lat' dir='ltr'><strong>natoue</strong></span> <span class='ocrx_word' id='word_1_556' title='bbox 362 4092 431 4149; x_wconf 79' lang='lat' dir='ltr'><strong>dicte</strong></span> <span class='ocrx_word' id='word_1_557' title='bbox 445 4102 494 4158; x_wconf 90' lang='lat' dir='ltr'><strong>est,</strong></span> <span class='ocrx_word' id='word_1_558' title='bbox 511 4107 639 4163; x_wconf 82' lang='lat' dir='ltr'><strong>quomam</strong></span> <span class='ocrx_word' id='word_1_559' title='bbox 651 4092 709 4162; x_wconf 85' lang='lat' dir='ltr'><strong>jam</strong></span> <span class='ocrx_word' id='word_1_560' title='bbox 725 4093 803 4165; x_wconf 87' lang='lat' dir='ltr'><strong>quasi</strong></span> <span class='ocrx_word' id='word_1_561' title='bbox 818 4095 943 4154; x_wconf 87' lang='lat' dir='ltr'><strong>conlecta</strong></span> <span class='ocrx_word' id='word_1_562' title='bbox 959 4115 1041 4171; x_wconf 82' lang='lat' dir='ltr'><strong>rrpo-</strong></span> <span class='ocrx_word' id='word_1_563' title='bbox 1097 4098 1124 4148; x_wconf 86' lang='lat' dir='ltr'><strong>ct</strong></span> <span class='ocrx_word' id='word_1_564' title='bbox 1136 4092 1247 4150; x_wconf 89' lang='lat' dir='ltr'><strong>circuire</strong></span> <span class='ocrx_word' id='word_1_565' title='bbox 1264 4091 1393 4149; x_wconf 88' lang='lat' dir='ltr'><strong>donatum</strong></span> <span class='ocrx_word' id='word_1_566' title='bbox 1411 4097 1453 4149; x_wconf 90' lang='lat' dir='ltr'><strong>est</strong></span> <span class='ocrx_word' id='word_1_567' title='bbox 1470 4111 1477 4148; x_wconf 76' lang='grc' dir='ltr'><strong>ε</strong></span> <span class='ocrx_word' id='word_1_568' title='bbox 1502 4091 1548 4167; x_wconf 93' lang='lat' dir='ltr'><strong>qui</strong></span> <span class='ocrx_word' id='word_1_569' title='bbox 1571 4095 1599 4150; x_wconf 91' lang='lat' dir='ltr'><strong>in</strong></span> <span class='ocrx_word' id='word_1_570' title='bbox 1621 4091 1697 4148; x_wconf 93' lang='lat' dir='ltr'><strong>nullo</strong></span> <span class='ocrx_word' id='word_1_571' title='bbox 1719 4107 1837 4164; x_wconf 89' lang='lat' dir='ltr'><strong>prorsus</strong></span> <span class='ocrx_word' id='word_1_572' title='bbox 1853 4101 1901 4148; x_wconf 88' lang='lat' dir='ltr'><strong>aut</strong></span> 
     </span>
     <span class='ocr_line' id='line_1_60' title="bbox 244 4180 1901 4254; baseline -0.001 -16"><span class='ocrx_word' id='word_1_573' title='bbox 244 4190 345 4238; x_wconf 93' lang='lat' dir='ltr'><strong>nuntur</strong></span> <span class='ocrx_word' id='word_1_574' title='bbox 366 4186 394 4236; x_wconf 91' lang='lat' dir='ltr'><strong>et</strong></span> <span class='ocrx_word' id='word_1_575' title='bbox 414 4189 554 4236; x_wconf 87' lang='lat' dir='ltr'><strong>servantur</strong></span> <span class='ocrx_word' id='word_1_576' title='bbox 576 4188 725 4252; x_wconf 73' lang='lat' dir='ltr'><strong>unguenta,</strong></span> <span class='ocrx_word' id='word_1_577' title='bbox 748 4180 925 4239; x_wconf 87' lang='lat' dir='ltr'><strong>nibilominus</strong></span> <span class='ocrx_word' id='word_1_578' title='bbox 953 4201 985 4242; x_wconf 88' lang='lat' dir='ltr'><strong>ex</strong></span> <span class='ocrx_word' id='word_1_579' title='bbox 1009 4201 1041 4244; x_wconf 89' lang='lat' dir='ltr'><strong>re</strong></span> <span class='ocrx_word' id='word_1_580' title='bbox 1098 4181 1205 4237; x_wconf 88' lang='lat' dir='ltr'><strong>resistat</strong></span> <span class='ocrx_word' id='word_1_581' title='bbox 1231 4181 1377 4254; x_wconf 87' lang='lat' dir='ltr'><strong>prioribus,</strong></span> <span class='ocrx_word' id='word_1_582' title='bbox 1398 4187 1445 4237; x_wconf 88' lang='lat' dir='ltr'><strong>aut</strong></span> <span class='ocrx_word' id='word_1_583' title='bbox 1464 4181 1585 4238; x_wconf 83' lang='lat' dir='ltr'><strong>inrideat</strong></span> <span class='ocrx_word' id='word_1_584' title='bbox 1607 4183 1728 4254; x_wconf 82' lang='lat' dir='ltr'><strong>paribus,</strong></span> <span class='ocrx_word' id='word_1_585' title='bbox 1747 4190 1794 4238; x_wconf 88' lang='grc' dir='ltr'><strong>ιιι</strong></span> <span class='ocrx_word' id='word_1_586' title='bbox 1808 4181 1901 4251; x_wconf 83' lang='lat' dir='ltr'><strong>subje-</strong></span> 
     </span>
     <span class='ocr_line' id='line_1_61' title="bbox 243 4268 1901 4344; baseline 0 -18"><span class='ocrx_word' id='word_1_587' title='bbox 243 4286 343 4328; x_wconf 90' lang='lat' dir='ltr'><strong>nomeu</strong></span> <span class='ocrx_word' id='word_1_588' title='bbox 358 4277 386 4325; x_wconf 87' lang='lat' dir='ltr'><strong>et</strong></span> <span class='ocrx_word' id='word_1_589' title='bbox 402 4268 461 4341; x_wconf 91' lang='lat' dir='ltr'><strong>ipsa</strong></span> <span class='ocrx_word' id='word_1_590' title='bbox 475 4269 587 4335; x_wconf 89' lang='lat' dir='ltr'><strong>accepit,</strong></span> <span class='ocrx_word' id='word_1_591' title='bbox 611 4275 641 4324; x_wconf 92' lang='lat' dir='ltr'><strong>nt</strong></span> <span class='ocrx_word' id='word_1_592' title='bbox 659 4269 837 4342; x_wconf 72' lang='lat' dir='ltr'><strong>unguentaria</strong></span> <span class='ocrx_word' id='word_1_593' title='bbox 860 4284 1040 4343; x_wconf 83' lang='lat' dir='ltr'><strong>nuncupetur.</strong></span> <span class='ocrx_word' id='word_1_594' title='bbox 1097 4269 1148 4326; x_wconf 90' lang='lat' dir='ltr'><strong>ctis</strong></span> <span class='ocrx_word' id='word_1_595' title='bbox 1166 4269 1208 4325; x_wconf 83' lang='lat' dir='ltr'><strong>rel</strong></span> <span class='ocrx_word' id='word_1_596' title='bbox 1227 4268 1298 4328; x_wconf 91' lang='lat' dir='ltr'><strong>desit</strong></span> <span class='ocrx_word' id='word_1_597' title='bbox 1312 4269 1339 4326; x_wconf 89' lang='lat' dir='ltr'><strong>in</strong></span> <span class='ocrx_word' id='word_1_598' title='bbox 1354 4285 1429 4338; x_wconf 86' lang='lat' dir='ltr'><strong>cura,</strong></span> <span class='ocrx_word' id='word_1_599' title='bbox 1439 4270 1484 4326; x_wconf 83' lang='lat' dir='ltr'><strong>vel</strong></span> <span class='ocrx_word' id='word_1_600' title='bbox 1494 4271 1520 4326; x_wconf 91' lang='lat' dir='ltr'><strong>in</strong></span> <span class='ocrx_word' id='word_1_601' title='bbox 1535 4270 1762 4344; x_wconf 77' lang='lat' dir='ltr'><strong>superbiapresit</strong></span> <span class='ocrx_word' id='word_1_602' title='bbox 1777 4288 1784 4326; x_wconf 78' lang='grc' dir='ltr'><strong>ι</strong></span> <span class='ocrx_word' id='word_1_603' title='bbox 1801 4269 1901 4344; x_wconf 82' lang='lat' dir='ltr'><strong>prela-</strong></span> 
     </span>
     <span class='ocr_line' id='line_1_62' title="bbox 243 4356 1900 4434; baseline -0.001 -19"><span class='ocrx_word' id='word_1_604' title='bbox 243 4359 313 4418; x_wconf 83' lang='lat' dir='ltr'><strong>Nam</strong></span> <span class='ocrx_word' id='word_1_605' title='bbox 333 4357 461 4414; x_wconf 78' lang='lat' dir='ltr'><strong>rroauarn</strong></span> <span class='ocrx_word' id='word_1_606' title='bbox 476 4363 582 4430; x_wconf 79' lang='lat' dir='ltr'><strong>quoquo</strong></span> <span class='ocrx_word' id='word_1_607' title='bbox 604 4358 709 4427; x_wconf 88' lang='lat' dir='ltr'><strong>cellam,</strong></span> <span class='ocrx_word' id='word_1_608' title='bbox 725 4373 780 4413; x_wconf 92' lang='lat' dir='ltr'><strong>non</strong></span> <span class='ocrx_word' id='word_1_609' title='bbox 809 4356 887 4415; x_wconf 83' lang='lat' dir='ltr'><strong>aliam</strong></span> <span class='ocrx_word' id='word_1_610' title='bbox 912 4375 977 4419; x_wconf 88' lang='lat' dir='ltr'><strong>sane</strong></span> <span class='ocrx_word' id='word_1_611' title='bbox 999 4365 1041 4421; x_wconf 79' lang='lat' dir='ltr'><strong>sni</strong></span> <span class='ocrx_word' id='word_1_612' title='bbox 1099 4359 1133 4414; x_wconf 92' lang='lat' dir='ltr'><strong>tis</strong></span> <span class='ocrx_word' id='word_1_613' title='bbox 1147 4358 1285 4426; x_wconf 87' lang='lat' dir='ltr'><strong>obediens,</strong></span> <span class='ocrx_word' id='word_1_614' title='bbox 1297 4359 1380 4416; x_wconf 88' lang='lat' dir='ltr'><strong>sociis</strong></span> <span class='ocrx_word' id='word_1_615' title='bbox 1393 4374 1557 4434; x_wconf 70' lang='lat' dir='ltr'><strong>congruens,</strong></span> <span class='ocrx_word' id='word_1_616' title='bbox 1578 4359 1693 4416; x_wconf 90' lang='lat' dir='ltr'><strong>subditis</strong></span> <span class='ocrx_word' id='word_1_617' title='bbox 1712 4358 1815 4418; x_wconf 86' lang='lat' dir='ltr'><strong>utiliter</strong></span> <span class='ocrx_word' id='word_1_618' title='bbox 1829 4373 1900 4416; x_wconf 91' lang='lat' dir='ltr'><strong>con-</strong></span> 
     </span>
     <span class='ocr_line' id='line_1_63' title="bbox 243 4445 1898 4523; baseline 0 -18"><span class='ocrx_word' id='word_1_619' title='bbox 243 4447 361 4508; x_wconf 87' lang='lat' dir='ltr'><strong>nominis</strong></span> <span class='ocrx_word' id='word_1_620' title='bbox 378 4449 494 4505; x_wconf 72' lang='lat' dir='ltr'><strong>arbitror</strong></span> <span class='ocrx_word' id='word_1_621' title='bbox 508 4446 579 4504; x_wconf 83' lang='lat' dir='ltr'><strong>lene</strong></span> <span class='ocrx_word' id='word_1_622' title='bbox 598 4445 741 4515; x_wconf 87' lang='lat' dir='ltr'><strong>rationem,</strong></span> <span class='ocrx_word' id='word_1_623' title='bbox 756 4446 806 4504; x_wconf 90' lang='lat' dir='ltr'><strong>nisi</strong></span> <span class='ocrx_word' id='word_1_624' title='bbox 821 4450 895 4520; x_wconf 92' lang='lat' dir='ltr'><strong>quod</strong></span> <span class='ocrx_word' id='word_1_625' title='bbox 911 4450 938 4505; x_wconf 92' lang='lat' dir='ltr'><strong>in</strong></span> <span class='ocrx_word' id='word_1_626' title='bbox 953 4467 985 4508; x_wconf 88' lang='lat' dir='ltr'><strong>eu</strong></span> <span class='ocrx_word' id='word_1_627' title='bbox 997 4453 1039 4512; x_wconf 82' lang='lat' dir='ltr'><strong>ri-</strong></span> <span class='ocrx_word' id='word_1_628' title='bbox 1097 4449 1264 4507; x_wconf 88' lang='lat' dir='ltr'><strong>doscendcns</strong></span> <span class='ocrx_word' id='word_1_629' title='bbox 1274 4466 1281 4506; x_wconf 93' lang='lat'><strong>:</strong></span> <span class='ocrx_word' id='word_1_630' title='bbox 1293 4450 1366 4523; x_wconf 93' lang='lat' dir='ltr'><strong>qnod</strong></span> <span class='ocrx_word' id='word_1_631' title='bbox 1380 4448 1488 4523; x_wconf 88' lang='lat' dir='ltr'><strong>quidem</strong></span> <span class='ocrx_word' id='word_1_632' title='bbox 1503 4449 1681 4522; x_wconf 73' lang='lat' dir='ltr'><strong>perfectionis</strong></span> <span class='ocrx_word' id='word_1_633' title='bbox 1703 4449 1813 4522; x_wconf 79' lang='lat' dir='ltr'><strong>insiqne</strong></span> <span class='ocrx_word' id='word_1_634' title='bbox 1823 4449 1898 4505; x_wconf 82' lang='lat' dir='ltr'><strong>baud</strong></span> 
     </span>
     <span class='ocr_line' id='line_1_64' title="bbox 243 4483 1901 4610; baseline 0.005 -17"><span class='ocrx_word' id='word_1_635' title='bbox 243 4553 309 4594; x_wconf 84' lang='lat' dir='ltr'><strong>nnn</strong></span> <span class='ocrx_word' id='word_1_636' title='bbox 322 4535 374 4594; x_wconf 80' lang='lat' dir='ltr'><strong>zeti</strong></span> <span class='ocrx_word' id='word_1_637' title='bbox 384 4539 414 4594; x_wconf 86' lang='lat' dir='ltr'><strong>tn</strong></span> <span class='ocrx_word' id='word_1_638' title='bbox 428 4537 560 4593; x_wconf 77' lang='lat' dir='ltr'><strong>cuonone</strong></span> <span class='ocrx_word' id='word_1_639' title='bbox 570 4535 698 4594; x_wconf 79' lang='lat' dir='ltr'><strong>terrentis</strong></span> <span class='ocrx_word' id='word_1_640' title='bbox 711 4537 877 4597; x_wconf 77' lang='lat' dir='ltr'><strong>reconditor.</strong></span> <span class='ocrx_word' id='word_1_641' title='bbox 887 4541 944 4598; x_wconf 80' lang='lat' dir='ltr'><strong>Noc</strong></span> <span class='ocrx_word' id='word_1_642' title='bbox 957 4483 1195 4602; x_wconf 72' lang='lat' dir='ltr'><strong>donet·lubius</strong></span> <span class='ocrx_word' id='word_1_643' title='bbox 1222 4553 1330 4610; x_wconf 73' lang='lat' dir='ltr'><strong>amose</strong></span> <span class='ocrx_word' id='word_1_644' title='bbox 1352 4539 1502 4594; x_wconf 76' lang='lat' dir='ltr'><strong>sonuerim·</strong></span> <span class='ocrx_word' id='word_1_645' title='bbox 1522 4538 1611 4596; x_wconf 78' lang='lat' dir='ltr'><strong>mouit</strong></span> <span class='ocrx_word' id='word_1_646' title='bbox 1635 4541 1688 4596; x_wconf 85' lang='lat' dir='ltr'><strong>hoc</strong></span> <span class='ocrx_word' id='word_1_647' title='bbox 1705 4538 1786 4594; x_wconf 81' lang='lat' dir='ltr'><strong>enan</strong></span> <span class='ocrx_word' id='word_1_648' title='bbox 1803 4553 1901 4594; x_wconf 64' lang='lat' dir='ltr'><strong>armo</strong></span> 
     </span>
     <span class='ocr_line' id='line_1_65' title="bbox 243 4624 1900 4704; baseline 0.002 -21"><span class='ocrx_word' id='word_1_649' title='bbox 243 4626 354 4683; x_wconf 88' lang='lat' dir='ltr'><strong>omnino</strong></span> <span class='ocrx_word' id='word_1_650' title='bbox 377 4639 495 4698; x_wconf 83' lang='lat' dir='ltr'><strong>preesse</strong></span> <span class='ocrx_word' id='word_1_651' title='bbox 516 4624 585 4690; x_wconf 87' lang='lat' dir='ltr'><strong>eliis,</strong></span> <span class='ocrx_word' id='word_1_652' title='bbox 599 4624 645 4696; x_wconf 92' lang='lat' dir='ltr'><strong>qui</strong></span> <span class='ocrx_word' id='word_1_653' title='bbox 668 4625 696 4679; x_wconf 92' lang='lat' dir='ltr'><strong>iu</strong></span> <span class='ocrx_word' id='word_1_654' title='bbox 718 4639 778 4682; x_wconf 73' lang='lat' dir='ltr'><strong>mm</strong></span> <span class='ocrx_word' id='word_1_655' title='bbox 800 4627 916 4683; x_wconf 91' lang='lat' dir='ltr'><strong>necdum</strong></span> <span class='ocrx_word' id='word_1_656' title='bbox 940 4632 1040 4691; x_wconf 88' lang='lat' dir='ltr'><strong>meruit</strong></span> <span class='ocrx_word' id='word_1_657' title='bbox 1097 4641 1178 4698; x_wconf 89' lang='lat' dir='ltr'><strong>quem</strong></span> <span class='ocrx_word' id='word_1_658' title='bbox 1190 4626 1266 4695; x_wconf 90' lang='lat' dir='ltr'><strong>dixit,</strong></span> <span class='ocrx_word' id='word_1_659' title='bbox 1282 4627 1346 4700; x_wconf 87' lang='lat' dir='ltr'><strong>quia</strong></span> <span class='ocrx_word' id='word_1_660' title='bbox 1360 4627 1523 4685; x_wconf 63' lang='lat' dir='ltr'><strong>Introduxit</strong></span> <span class='ocrx_word' id='word_1_661' title='bbox 1536 4642 1581 4684; x_wconf 85' lang='lat' dir='ltr'><strong>mc</strong></span> <span class='ocrx_word' id='word_1_662' title='bbox 1595 4641 1648 4685; x_wconf 75' lang='lat' dir='ltr'><strong>ras</strong></span> <span class='ocrx_word' id='word_1_663' title='bbox 1660 4628 1694 4686; x_wconf 84' lang='lat' dir='ltr'><strong>in</strong></span> <span class='ocrx_word' id='word_1_664' title='bbox 1706 4628 1825 4686; x_wconf 72' lang='lat' dir='ltr'><strong>mllorio</strong></span> <span class='ocrx_word' id='word_1_665' title='bbox 1833 4644 1900 4704; x_wconf 81' lang='lat' dir='ltr'><strong>sun,</strong></span> 
     </span>
     <span class='ocr_line' id='line_1_66' title="bbox 244 4713 1902 4792; baseline 0.001 -22"><span class='ocrx_word' id='word_1_666' title='bbox 244 4713 387 4774; x_wconf 87' lang='lat' dir='ltr'><strong>introduci.</strong></span> <span class='ocrx_word' id='word_1_667' title='bbox 403 4715 517 4787; x_wconf 84' lang='lat' dir='ltr'><strong>Oportet</strong></span> <span class='ocrx_word' id='word_1_668' title='bbox 531 4728 643 4784; x_wconf 89' lang='lat' dir='ltr'><strong>prorsus</strong></span> <span class='ocrx_word' id='word_1_669' title='bbox 657 4715 709 4770; x_wconf 90' lang='lat' dir='ltr'><strong>hoc</strong></span> <span class='ocrx_word' id='word_1_670' title='bbox 723 4714 786 4771; x_wconf 83' lang='lat' dir='ltr'><strong>rino</strong></span> <span class='ocrx_word' id='word_1_671' title='bbox 800 4723 907 4786; x_wconf 83' lang='lat' dir='ltr'><strong>estuat,</strong></span> <span class='ocrx_word' id='word_1_672' title='bbox 917 4717 964 4792; x_wconf 93' lang='lat' dir='ltr'><strong>qui</strong></span> <span class='ocrx_word' id='word_1_673' title='bbox 978 4719 1039 4778; x_wconf 87' lang='lat' dir='ltr'><strong>&#39;eliis</strong></span> <span class='ocrx_word' id='word_1_674' title='bbox 1095 4716 1228 4772; x_wconf 80' lang='lat' dir='ltr'><strong>domoon</strong></span> <span class='ocrx_word' id='word_1_675' title='bbox 1247 4714 1276 4770; x_wconf 89' lang='lat' dir='ltr'><strong>in</strong></span> <span class='ocrx_word' id='word_1_676' title='bbox 1296 4714 1508 4787; x_wconf 86' lang='lat' dir='ltr'><strong>unamaliquam</strong></span> <span class='ocrx_word' id='word_1_677' title='bbox 1527 4715 1630 4784; x_wconf 89' lang='lat' dir='ltr'><strong>cellam,</strong></span> <span class='ocrx_word' id='word_1_678' title='bbox 1646 4714 1694 4773; x_wconf 90' lang='lat' dir='ltr'><strong>sed</strong></span> <span class='ocrx_word' id='word_1_679' title='bbox 1719 4716 1752 4772; x_wconf 85' lang='lat' dir='ltr'><strong>in</strong></span> <span class='ocrx_word' id='word_1_680' title='bbox 1777 4715 1902 4772; x_wconf 73' lang='grc' dir='ltr'>οιιιιήι</span> 
     </span>
     <span class='ocr_line' id='line_1_67' title="bbox 243 4801 1619 4876; baseline 0.004 -16"><span class='ocrx_word' id='word_1_681' title='bbox 243 4804 378 4875; x_wconf 82' lang='lat' dir='ltr'><strong>presidet,</strong></span> <span class='ocrx_word' id='word_1_682' title='bbox 395 4801 622 4876; x_wconf 89' lang='lat' dir='ltr'><strong>quemadmodum</strong></span> <span class='ocrx_word' id='word_1_683' title='bbox 637 4803 739 4860; x_wconf 86' lang='lat' dir='ltr'><strong>Ductor</strong></span> <span class='ocrx_word' id='word_1_684' title='bbox 752 4803 882 4862; x_wconf 88' lang='lat' dir='ltr'><strong>Gentium</strong></span> <span class='ocrx_word' id='word_1_685' title='bbox 897 4809 1038 4876; x_wconf 87' lang='lat' dir='ltr'><strong>estuabat,</strong></span> <span class='ocrx_word' id='word_1_686' title='bbox 1095 4804 1274 4876; x_wconf 70' lang='lat' dir='ltr'><strong>pluralitem</strong></span> <span class='ocrx_word' id='word_1_687' title='bbox 1287 4803 1467 4861; x_wconf 87' lang='lat' dir='ltr'><strong>introductam</strong></span> <span class='ocrx_word' id='word_1_688' title='bbox 1490 4803 1619 4862; x_wconf 88' lang='lat' dir='ltr'><strong>ostendit.</strong></span> 
     </span>
    </p>

    <p class='ocr_par' dir='ltr' id='par_1_13' title="bbox 236 4890 1901 5770">
     <span class='ocr_line' id='line_1_68' title="bbox 241 4890 1901 4966; baseline 0.001 -19"><span class='ocrx_word' id='word_1_689' title='bbox 241 4890 1038 4966; x_wconf 72' lang='lat' dir='ltr'><strong>quandodieebet:Quirinllrrnotur,cteqononiufirmnr</strong></span> <span class='ocrx_word' id='word_1_690' title='bbox 1130 4895 1156 4950; x_wconf 83' lang='lat'><strong>9.</strong></span> <span class='ocrx_word' id='word_1_691' title='bbox 1188 4891 1246 4948; x_wconf 85' lang='lat' dir='ltr'><strong>Jam</strong></span> <span class='ocrx_word' id='word_1_692' title='bbox 1269 4891 1424 4950; x_wconf 87' lang='lat' dir='ltr'><strong>cubiculum</strong></span> <span class='ocrx_word' id='word_1_693' title='bbox 1441 4891 1593 4950; x_wconf 81' lang='lat' dir='ltr'><strong>ueniamus.</strong></span> <span class='ocrx_word' id='word_1_694' title='bbox 1608 4890 1680 4963; x_wconf 87' lang='lat' dir='ltr'><strong>Quid</strong></span> <span class='ocrx_word' id='word_1_695' title='bbox 1704 4900 1733 4949; x_wconf 90' lang='lat' dir='ltr'><strong>et</strong></span> <span class='ocrx_word' id='word_1_696' title='bbox 1759 4890 1901 4950; x_wconf 76' lang='lat' dir='ltr'><strong>istodllit</strong></span> 
     </span>
     <span class='ocr_line' id='line_1_69' title="bbox 241 4978 1901 5058; baseline 0 -20"><span class='ocrx_word' id='word_1_697' title='bbox 241 4980 306 5053; x_wconf 80' lang='lat' dir='ltr'><strong>quir</strong></span> <span class='ocrx_word' id='word_1_698' title='bbox 323 4978 547 5050; x_wconf 78' lang='lat' dir='ltr'><strong>reondnlieotur,</strong></span> <span class='ocrx_word' id='word_1_699' title='bbox 563 4984 594 5036; x_wconf 85' lang='lat' dir='ltr'><strong>ct</strong></span> <span class='ocrx_word' id='word_1_700' title='bbox 613 4996 660 5052; x_wconf 80' lang='lat' dir='ltr'><strong>eqo</strong></span> <span class='ocrx_word' id='word_1_701' title='bbox 678 4996 737 5037; x_wconf 84' lang='lat' dir='ltr'><strong>uon</strong></span> <span class='ocrx_word' id='word_1_702' title='bbox 754 4981 840 5038; x_wconf 88' lang='lat' dir='ltr'><strong>uror!</strong></span> <span class='ocrx_word' id='word_1_703' title='bbox 857 4983 896 5055; x_wconf 79' lang='lat' dir='ltr'><strong>(ll</strong></span> <span class='ocrx_word' id='word_1_704' title='bbox 917 4985 977 5043; x_wconf 83' lang='lat' dir='ltr'><strong>dor.</strong></span> <span class='ocrx_word' id='word_1_705' title='bbox 994 5001 1037 5058; x_wconf 84' lang='lat' dir='ltr'><strong>xx,</strong></span> <span class='ocrx_word' id='word_1_706' title='bbox 1092 4979 1178 5036; x_wconf 90' lang='lat' dir='ltr'><strong>idme</strong></span> <span class='ocrx_word' id='word_1_707' title='bbox 1199 4995 1335 5051; x_wconf 88' lang='lat' dir='ltr'><strong>presumo</strong></span> <span class='ocrx_word' id='word_1_708' title='bbox 1357 4981 1426 5039; x_wconf 89' lang='lat' dir='ltr'><strong>scire</strong></span> <span class='ocrx_word' id='word_1_709' title='bbox 1438 4980 1503 5053; x_wconf 90' lang='lat' dir='ltr'><strong>quid</strong></span> <span class='ocrx_word' id='word_1_710' title='bbox 1527 4980 1582 5038; x_wconf 76' lang='lat' dir='ltr'><strong>sit?</strong></span> <span class='ocrx_word' id='word_1_711' title='bbox 1600 4979 1712 5036; x_wconf 84' lang='lat' dir='ltr'><strong>llinime</strong></span> <span class='ocrx_word' id='word_1_712' title='bbox 1730 4980 1798 5037; x_wconf 88' lang='lat' dir='ltr'><strong>mibi</strong></span> <span class='ocrx_word' id='word_1_713' title='bbox 1818 4989 1901 5038; x_wconf 72' lang='lat' dir='ltr'><strong>unte</strong></span> 
     </span>
     <span class='ocr_line' id='line_1_70' title="bbox 242 5066 1898 5150; baseline 0.001 -25"><span class='ocrx_word' id='word_1_714' title='bbox 242 5069 300 5139; x_wconf 77' lang='lat'><strong>29.)</strong></span> <span class='ocrx_word' id='word_1_715' title='bbox 312 5067 439 5139; x_wconf 81' lang='lat' dir='ltr'><strong>ttioqnin</strong></span> <span class='ocrx_word' id='word_1_716' title='bbox 450 5066 572 5140; x_wconf 90' lang='lat' dir='ltr'><strong>improbe</strong></span> <span class='ocrx_word' id='word_1_717' title='bbox 591 5068 656 5126; x_wconf 89' lang='lat' dir='ltr'><strong>satis</strong></span> <span class='ocrx_word' id='word_1_718' title='bbox 668 5083 787 5142; x_wconf 84' lang='lat' dir='ltr'><strong>preesse</strong></span> <span class='ocrx_word' id='word_1_719' title='bbox 803 5070 923 5144; x_wconf 85' lang='lat' dir='ltr'><strong>allectas,</strong></span> <span class='ocrx_word' id='word_1_720' title='bbox 938 5073 1037 5149; x_wconf 78' lang='lat' dir='ltr'><strong>quibus</strong></span> <span class='ocrx_word' id='word_1_721' title='bbox 1092 5069 1238 5143; x_wconf 73' lang='lat' dir='ltr'><strong>reiarroqo</strong></span> <span class='ocrx_word' id='word_1_722' title='bbox 1251 5070 1457 5144; x_wconf 87' lang='lat' dir='ltr'><strong>experientiam,</strong></span> <span class='ocrx_word' id='word_1_723' title='bbox 1467 5085 1517 5127; x_wconf 91' lang='lat' dir='ltr'><strong>nec</strong></span> <span class='ocrx_word' id='word_1_724' title='bbox 1529 5069 1634 5146; x_wconf 78' lang='lat' dir='ltr'><strong>qlorior</strong></span> <span class='ocrx_word' id='word_1_725' title='bbox 1646 5070 1674 5126; x_wconf 94' lang='lat' dir='ltr'><strong>in</strong></span> <span class='ocrx_word' id='word_1_726' title='bbox 1701 5071 1898 5150; x_wconf 77' lang='lat' dir='ltr'><strong>prerogativa,</strong></span> 
     </span>
     <span class='ocr_line' id='line_1_71' title="bbox 241 5157 1900 5234; baseline -0.001 -19"><span class='ocrx_word' id='word_1_727' title='bbox 241 5157 371 5232; x_wconf 88' lang='lat' dir='ltr'><strong>prodesse</strong></span> <span class='ocrx_word' id='word_1_728' title='bbox 383 5172 438 5215; x_wconf 92' lang='lat' dir='ltr'><strong>non</strong></span> <span class='ocrx_word' id='word_1_729' title='bbox 460 5170 554 5222; x_wconf 73' lang='lat' dir='ltr'><strong>curasr</strong></span> <span class='ocrx_word' id='word_1_730' title='bbox 567 5163 594 5212; x_wconf 91' lang='lat' dir='ltr'><strong>et</strong></span> <span class='ocrx_word' id='word_1_731' title='bbox 606 5171 723 5229; x_wconf 86' lang='lat' dir='ltr'><strong>quornm</strong></span> <span class='ocrx_word' id='word_1_732' title='bbox 739 5173 792 5215; x_wconf 92' lang='lat' dir='ltr'><strong>non</strong></span> <span class='ocrx_word' id='word_1_733' title='bbox 812 5160 886 5218; x_wconf 82' lang='lat' dir='ltr'><strong>setas</strong></span> <span class='ocrx_word' id='word_1_734' title='bbox 909 5161 1034 5234; x_wconf 80' lang='grc' dir='ltr'>ιιιιιιιι,</span> <span class='ocrx_word' id='word_1_735' title='bbox 1090 5157 1211 5232; x_wconf 85' lang='lat' dir='ltr'><strong>quesoli</strong></span> <span class='ocrx_word' id='word_1_736' title='bbox 1226 5168 1348 5215; x_wconf 82' lang='lat' dir='ltr'><strong>seruntur</strong></span> <span class='ocrx_word' id='word_1_737' title='bbox 1368 5158 1456 5216; x_wconf 83' lang='lat' dir='ltr'><strong>beate</strong></span> <span class='ocrx_word' id='word_1_738' title='bbox 1470 5173 1587 5232; x_wconf 86' lang='lat' dir='ltr'><strong>sponse,</strong></span> <span class='ocrx_word' id='word_1_739' title='bbox 1610 5167 1706 5216; x_wconf 77' lang='lat' dir='ltr'><strong>mutus</strong></span> <span class='ocrx_word' id='word_1_740' title='bbox 1731 5160 1810 5228; x_wconf 77' lang='lat' dir='ltr'><strong>iuxta</strong></span> <span class='ocrx_word' id='word_1_741' title='bbox 1824 5159 1900 5216; x_wconf 90' lang='lat' dir='ltr'><strong>illud</strong></span> 
     </span>
     <span class='ocr_line' id='line_1_72' title="bbox 240 5235 1898 5322; baseline 0.001 -20"><span class='ocrx_word' id='word_1_742' title='bbox 240 5245 436 5316; x_wconf 80' lang='lat' dir='ltr'><strong>subjectionem</strong></span> <span class='ocrx_word' id='word_1_743' title='bbox 457 5241 538 5300; x_wconf 87' lang='lat' dir='ltr'><strong>nirnis</strong></span> <span class='ocrx_word' id='word_1_744' title='bbox 563 5244 705 5302; x_wconf 83' lang='lat' dir='ltr'><strong>ambitiose</strong></span> <span class='ocrx_word' id='word_1_745' title='bbox 734 5246 854 5305; x_wconf 81' lang='lat' dir='ltr'><strong>sindicus</strong></span> <span class='ocrx_word' id='word_1_746' title='bbox 881 5247 940 5306; x_wconf 90' lang='lat' dir='ltr'><strong>tibi.</strong></span> <span class='ocrx_word' id='word_1_747' title='bbox 961 5251 1036 5310; x_wconf 84' lang='lat' dir='ltr'><strong>lianc</strong></span> <span class='ocrx_word' id='word_1_748' title='bbox 1089 5243 1258 5314; x_wconf 85' lang='lat' dir='ltr'><strong>Greeorunr,</strong></span> <span class='ocrx_word' id='word_1_749' title='bbox 1277 5247 1347 5305; x_wconf 91' lang='lat' dir='ltr'><strong>scire</strong></span> <span class='ocrx_word' id='word_1_750' title='bbox 1365 5263 1409 5306; x_wconf 90' lang='lat' dir='ltr'><strong>me</strong></span> <span class='ocrx_word' id='word_1_751' title='bbox 1426 5247 1516 5321; x_wconf 88' lang='lat' dir='ltr'><strong>ipsum</strong></span> <span class='ocrx_word' id='word_1_752' title='bbox 1536 5270 1544 5322; x_wconf 71' lang='grc' dir='ltr'>ς</span> <span class='ocrx_word' id='word_1_753' title='bbox 1561 5255 1591 5308; x_wconf 88' lang='grc' dir='ltr'><strong>ιι</strong></span> <span class='ocrx_word' id='word_1_754' title='bbox 1619 5235 1702 5306; x_wconf 79' lang='lat' dir='ltr'><strong>sciam</strong></span> <span class='ocrx_word' id='word_1_755' title='bbox 1725 5248 1808 5306; x_wconf 81' lang='lat' dir='ltr'><strong>etiem</strong></span> <span class='ocrx_word' id='word_1_756' title='bbox 1829 5264 1898 5308; x_wconf 79' lang='lat' dir='ltr'><strong>cum</strong></span> 
     </span>
     <span class='ocr_line' id='line_1_73' title="bbox 239 5332 1894 5411; baseline 0.004 -22"><span class='ocrx_word' id='word_1_757' title='bbox 239 5347 290 5407; x_wconf 74' lang='lat' dir='ltr'><strong>eqo</strong></span> <span class='ocrx_word' id='word_1_758' title='bbox 312 5333 404 5390; x_wconf 80' lang='lat' dir='ltr'><strong>cellam</strong></span> <span class='ocrx_word' id='word_1_759' title='bbox 437 5346 546 5405; x_wconf 91' lang='lat' dir='ltr'><strong>quoque</strong></span> <span class='ocrx_word' id='word_1_760' title='bbox 581 5332 673 5405; x_wconf 73' lang='lat' dir='ltr'><strong>prate</strong></span> <span class='ocrx_word' id='word_1_761' title='bbox 699 5335 852 5406; x_wconf 82' lang='lat' dir='ltr'><strong>nominari;</strong></span> <span class='ocrx_word' id='word_1_762' title='bbox 881 5350 936 5393; x_wconf 91' lang='lat' dir='ltr'><strong>non</strong></span> <span class='ocrx_word' id='word_1_763' title='bbox 961 5341 1036 5411; x_wconf 92' lang='lat' dir='ltr'><strong>quod</strong></span> <span class='ocrx_word' id='word_1_764' title='bbox 1090 5336 1232 5408; x_wconf 84' lang='lat' dir='ltr'><strong>Propheta,</strong></span> <span class='ocrx_word' id='word_1_765' title='bbox 1248 5337 1315 5411; x_wconf 88' lang='lat' dir='ltr'><strong>quid</strong></span> <span class='ocrx_word' id='word_1_766' title='bbox 1328 5338 1402 5397; x_wconf 79' lang='lat' dir='ltr'><strong>derit</strong></span> <span class='ocrx_word' id='word_1_767' title='bbox 1414 5337 1487 5396; x_wconf 84' lang='lat' dir='ltr'><strong>mibi</strong></span> <span class='ocrx_word' id='word_1_768' title='bbox 1499 5337 1577 5411; x_wconf 79' lang='lat' dir='ltr'><strong>(Psoi</strong></span> <span class='ocrx_word' id='word_1_769' title='bbox 1591 5352 1716 5407; x_wconf 78' lang='lat' dir='ltr'><strong>xxxrxu,</strong></span> <span class='ocrx_word' id='word_1_770' title='bbox 1731 5339 1772 5408; x_wconf 82' lang='lat' dir='ltr'><strong>d).</strong></span> <span class='ocrx_word' id='word_1_771' title='bbox 1787 5337 1894 5398; x_wconf 80' lang='lat' dir='ltr'><strong>Tamen</strong></span> 
     </span>
     <span class='ocr_line' id='line_1_74' title="bbox 238 5420 1897 5502; baseline 0.007 -27"><span class='ocrx_word' id='word_1_772' title='bbox 238 5423 340 5494; x_wconf 85' lang='lat' dir='ltr'><strong>absque</strong></span> <span class='ocrx_word' id='word_1_773' title='bbox 352 5421 439 5497; x_wconf 78' lang='lat' dir='ltr'><strong>qratia</strong></span> <span class='ocrx_word' id='word_1_774' title='bbox 452 5420 494 5478; x_wconf 86' lang='lat' dir='ltr'><strong>rel</strong></span> <span class='ocrx_word' id='word_1_775' title='bbox 506 5421 621 5492; x_wconf 82' lang='lat' dir='ltr'><strong>reliques</strong></span> <span class='ocrx_word' id='word_1_776' title='bbox 631 5422 699 5478; x_wconf 82' lang='lat' dir='ltr'><strong>duas</strong></span> <span class='ocrx_word' id='word_1_777' title='bbox 711 5423 832 5482; x_wconf 89' lang='lat' dir='ltr'><strong>obtinere</strong></span> <span class='ocrx_word' id='word_1_778' title='bbox 851 5427 960 5483; x_wconf 91' lang='lat' dir='ltr'><strong>omnino</strong></span> <span class='ocrx_word' id='word_1_779' title='bbox 974 5429 1036 5502; x_wconf 81' lang='lat' dir='ltr'><strong>quis</strong></span> <span class='ocrx_word' id='word_1_780' title='bbox 1089 5425 1111 5490; x_wconf 70' lang='lat' dir='ltr'><strong>ri</strong></span> <span class='ocrx_word' id='word_1_781' title='bbox 1139 5425 1205 5484; x_wconf 87' lang='lat' dir='ltr'><strong>nibil</strong></span> <span class='ocrx_word' id='word_1_782' title='bbox 1227 5424 1336 5482; x_wconf 90' lang='lat' dir='ltr'><strong>omnino</strong></span> <span class='ocrx_word' id='word_1_783' title='bbox 1364 5425 1475 5495; x_wconf 88' lang='lat' dir='ltr'><strong>scirem,</strong></span> <span class='ocrx_word' id='word_1_784' title='bbox 1489 5427 1556 5484; x_wconf 90' lang='lat' dir='ltr'><strong>nibil</strong></span> <span class='ocrx_word' id='word_1_785' title='bbox 1583 5425 1714 5487; x_wconf 85' lang='lat' dir='ltr'><strong>dicerem.</strong></span> <span class='ocrx_word' id='word_1_786' title='bbox 1728 5426 1810 5499; x_wconf 88' lang='lat' dir='ltr'><strong>Quod</strong></span> <span class='ocrx_word' id='word_1_787' title='bbox 1824 5427 1897 5496; x_wconf 88' lang='lat' dir='ltr'><strong>scio,</strong></span> 
     </span>
     <span class='ocr_line' id='line_1_75' title="bbox 238 5511 1895 5591; baseline 0.004 -24"><span class='ocrx_word' id='word_1_788' title='bbox 238 5511 333 5580; x_wconf 92' lang='lat' dir='ltr'><strong>possit,</strong></span> <span class='ocrx_word' id='word_1_789' title='bbox 346 5512 448 5567; x_wconf 69' lang='lat' dir='ltr'><strong>sedrob</strong></span> <span class='ocrx_word' id='word_1_790' title='bbox 466 5511 664 5580; x_wconf 87' lang='lat' dir='ltr'><strong>plenitudinem</strong></span> <span class='ocrx_word' id='word_1_791' title='bbox 678 5529 740 5586; x_wconf 84' lang='lat' dir='ltr'><strong>que</strong></span> <span class='ocrx_word' id='word_1_792' title='bbox 755 5513 926 5586; x_wconf 72' lang='lat' dir='ltr'><strong>singulariter</strong></span> <span class='ocrx_word' id='word_1_793' title='bbox 941 5517 968 5574; x_wconf 93' lang='lat' dir='ltr'><strong>in</strong></span> <span class='ocrx_word' id='word_1_794' title='bbox 983 5517 1036 5576; x_wconf 86' lang='lat' dir='ltr'><strong>ista</strong></span> <span class='ocrx_word' id='word_1_795' title='bbox 1089 5529 1143 5570; x_wconf 93' lang='lat' dir='ltr'><strong>non</strong></span> <span class='ocrx_word' id='word_1_796' title='bbox 1170 5513 1276 5572; x_wconf 86' lang='lat' dir='ltr'><strong>invideo</strong></span> <span class='ocrx_word' id='word_1_797' title='bbox 1298 5515 1388 5588; x_wconf 84' lang='lat' dir='ltr'><strong>vobis,</strong></span> <span class='ocrx_word' id='word_1_798' title='bbox 1425 5531 1478 5573; x_wconf 89' lang='lat' dir='ltr'><strong>nen</strong></span> <span class='ocrx_word' id='word_1_799' title='bbox 1509 5515 1661 5574; x_wconf 88' lang='lat' dir='ltr'><strong>subtrebo:</strong></span> <span class='ocrx_word' id='word_1_800' title='bbox 1692 5516 1765 5591; x_wconf 90' lang='lat' dir='ltr'><strong>quod</strong></span> <span class='ocrx_word' id='word_1_801' title='bbox 1786 5519 1895 5590; x_wconf 70' lang='lat' dir='ltr'><strong>meio,</strong></span> 
     </span>
     <span class='ocr_line' id='line_1_76' title="bbox 237 5589 1894 5682; baseline 0.004 -26"><span class='ocrx_word' id='word_1_802' title='bbox 237 5597 392 5670; x_wconf 77' lang='lat' dir='ltr'><strong>percipitur.</strong></span> <span class='ocrx_word' id='word_1_803' title='bbox 405 5599 536 5670; x_wconf 79' lang='lat' dir='ltr'><strong>benique,</strong></span> <span class='ocrx_word' id='word_1_804' title='bbox 546 5602 692 5674; x_wconf 85' lang='lat' dir='ltr'><strong>plenitudo</strong></span> <span class='ocrx_word' id='word_1_805' title='bbox 707 5605 774 5677; x_wconf 73' lang='lat' dir='ltr'><strong>lepis</strong></span> <span class='ocrx_word' id='word_1_806' title='bbox 789 5609 829 5662; x_wconf 80' lang='lat' dir='ltr'><strong>eri</strong></span> <span class='ocrx_word' id='word_1_807' title='bbox 838 5605 985 5678; x_wconf 71' lang='grc' dir='ltr'>ιὴινίιοις</span> <span class='ocrx_word' id='word_1_808' title='bbox 995 5616 1034 5682; x_wconf 79' lang='lat' dir='ltr'><strong>et,</strong></span> <span class='ocrx_word' id='word_1_809' title='bbox 1087 5589 1186 5660; x_wconf 78' lang='lat' dir='ltr'><strong>doceat</strong></span> <span class='ocrx_word' id='word_1_810' title='bbox 1199 5619 1247 5661; x_wconf 83' lang='lat' dir='ltr'><strong>vos</strong></span> <span class='ocrx_word' id='word_1_811' title='bbox 1260 5605 1307 5678; x_wconf 93' lang='lat' dir='ltr'><strong>qui</strong></span> <span class='ocrx_word' id='word_1_812' title='bbox 1317 5604 1395 5662; x_wconf 89' lang='lat' dir='ltr'><strong>docet</strong></span> <span class='ocrx_word' id='word_1_813' title='bbox 1407 5605 1542 5663; x_wconf 86' lang='lat' dir='ltr'><strong>bominem</strong></span> <span class='ocrx_word' id='word_1_814' title='bbox 1554 5605 1694 5663; x_wconf 78' lang='grc' dir='ltr'>ιιόιιίιιι</span> <span class='ocrx_word' id='word_1_815' title='bbox 1703 5605 1794 5678; x_wconf 76' lang='lat' dir='ltr'><strong>(Psoi.</strong></span> <span class='ocrx_word' id='word_1_816' title='bbox 1811 5621 1894 5673; x_wconf 80' lang='lat' dir='ltr'><strong>xerat,</strong></span> 
     </span>
     <span class='ocr_line' id='line_1_77' title="bbox 236 5685 1889 5770; baseline 0.007 -27"><span class='ocrx_word' id='word_1_817' title='bbox 236 5685 516 5762; x_wconf 75' lang='lat' dir='ltr'><strong>quidtliqltlrstrcm</strong></span> <span class='ocrx_word' id='word_1_818' title='bbox 528 5689 844 5764; x_wconf 70' lang='lat' dir='ltr'><strong>lcqcminrpteoitfflom.</strong></span> <span class='ocrx_word' id='word_1_819' title='bbox 861 5707 924 5752; x_wconf 88' lang='lat' dir='ltr'><strong>xm.</strong></span> <span class='ocrx_word' id='word_1_820' title='bbox 936 5698 980 5764; x_wconf 85' lang='lat' dir='ltr'><strong>ro,</strong></span> <span class='ocrx_word' id='word_1_821' title='bbox 990 5697 1029 5770; x_wconf 81' lang='lat' dir='ltr'><strong>a).</strong></span> <span class='ocrx_word' id='word_1_822' title='bbox 1088 5693 1144 5765; x_wconf 85' lang='lat' dir='ltr'><strong>ro).</strong></span> <span class='ocrx_word' id='word_1_823' title='bbox 1159 5690 1230 5761; x_wconf 76' lang='lat' dir='ltr'><strong>Dixi,</strong></span> <span class='ocrx_word' id='word_1_824' title='bbox 1245 5699 1273 5752; x_wconf 87' lang='lat' dir='ltr'><strong>et</strong></span> <span class='ocrx_word' id='word_1_825' title='bbox 1285 5691 1454 5761; x_wconf 80' lang='lat' dir='ltr'><strong>meninistis,</strong></span> <span class='ocrx_word' id='word_1_826' title='bbox 1466 5693 1496 5751; x_wconf 89' lang='lat' dir='ltr'><strong>in</strong></span> <span class='ocrx_word' id='word_1_827' title='bbox 1509 5693 1636 5754; x_wconf 81' lang='lat' dir='ltr'><strong>theorice</strong></span> <span class='ocrx_word' id='word_1_828' title='bbox 1651 5693 1889 5768; x_wconf 76' lang='lat' dir='ltr'><strong>omreopuuonu</strong></span> 
     </span>
    </p>
   </div>
   <div class='ocr_carea' id='block_1_12' title="bbox 0 0 2050 6340">
    <p class='ocr_par' dir='ltr' id='par_1_14' title="bbox 0 0 2050 6340">
     <span class='ocr_line' id='line_1_78' title="bbox 0 0 2050 6340; baseline 0 0"><span class='ocrx_word' id='word_1_829' title='bbox 0 0 2050 6340; x_wconf 95' lang='lat' dir='ltr'><strong> </strong></span> 
     </span>
    </p>
   </div>
  </div>
 </body>
</html>
