3996 6350
326 419 362 479 75
708 459 712 466 .
799 414 827 473 S.
847 410 1014 472 assultui
1032 411 1169 471 lectuls
1187 409 1499 472 uttaavattuttsts
1953 416 1979 473 itt

325 541 480 604 cetorum?
493 539 606 614 (batth.
621 553 682 607 ιιιιι,
699 538 756 610 tt.)
771 537 822 594 Ubi
835 536 964 610 legeras:
981 539 1014 596 la
1032 552 1119 595 carae
1136 550 1159 630 Α
1175 535 1224 594 brit
1246 534 1388 611 virginalis
1403 552 1411 590 ε
1427 535 1501 607 quod
1524 550 1579 593 non
1599 529 1766 608 perturbata,
1782 533 1977 594 tortitudinis:

323 635 400 694 natm
408 632 600 696 ambulantes,
607 647 664 688 ιιοιι
671 627 826 684 secuudum
832 643 948 684 curnem
954 627 1117 684 militamus
1175 624 1249 699 quod
1263 623 1382 682 tacuitet
1396 624 1532 696 cogitavit,
1542 623 1705 696 pmdentiae.
1719 625 1870 699 cogitabat
1881 628 1975 680 auten

323 721 362 792 (ll
371 722 432 780 Gor.
450 735 479 784 ιι,
490 722 534 788 3);
546 727 592 775 et:
612 719 666 786 Qut
676 717 965 787 matrimoniojuugit
979 716 1118 788 uirginem
1174 717 1264 792 quotis
1282 720 1353 773 essct
1370 716 1426 770 istc
1445 714 1593 772 salutatio·
1617 713 1726 771 Sciebat
1742 714 1871 787 pmdens
1893 715 1974 786 virgo.

322 810 492 876 arcamberto
501 809 587 880 tacit·
599 807 741 878 etpuiuou
748 802 1119 877 juugitmctiussccittUbi
1174 805 1246 877 quod
1261 820 1333 876 saepe
1346 801 1458 874 angelus
1479 803 1585 860 Satauae
1600 803 1775 877 transfigurat
1796 819 1828 859 se
1845 803 1878 858 in
1893 819 1973 869 anga-

322 900 467 958 audieras:
484 900 597 955 Volouos
613 909 708 952 omncs
723 894 866 950 esscdcut
876 897 959 950 atme
969 895 1081 966 ipsum?
1091 897 1120 947 et
1173 893 1228 948 lum
1242 894 1309 949 lucis
1324 911 1331 950 :
1346 901 1374 948 et
1389 891 1452 963 quia
1466 892 1592 947 nimirum
1608 893 1715 948 humilis
1729 901 1758 949 et
1771 892 1898 964 simplex
1916 902 1972 949 erat

322 981 1016 1055 Beuumestbomiui‚st'stcpermuuectsccuudum
1023 997 1119 1040 mcum
1173 982 1240 1036 nibil
1254 982 1306 1037 tale
1321 982 1428 1052 penitus
1442 997 1458 1036 a
1472 989 1566 1037 sancto
1580 982 1679 1055 angelo
1703 983 1854 1054 sperabat;
1873 989 1907 1038 et
1922 981 1971 1037 ideo

322 1078 494 1136 conditum?
513 1077 551 1130 lle
568 1072 735 1146 virginibus,
751 1071 848 1144 inquit,
863 1075 1042 1144 praeceptum
1061 1085 1119 1127 acu
1174 1070 1314 1142 cogitabat
1328 1069 1415 1143 qualis
1429 1079 1503 1126 asset
1516 1069 1568 1125 ista
1581 1069 1717 1148 salutatio.

322 1167 416 1232 buteo,
425 1165 577 1222 consilium
587 1159 767 1233 autentum
776 1161 837 1218 dor.
846 1173 898 1230 vu,
912 1162 957 1225 38,
967 1161 1049 1226 md,
1060 1157 1117 1228 25).
1209 1161 1253 1215 lo.
1276 1158 1351 1215 Tunc
1380 1158 1493 1230 angelus
1520 1157 1633 1216 intuitus
1659 1158 1810 1234 Virginem,
1832 1167 1868 1216 et
1891 1159 1969 1214 varia

322 1255 363 1310 Tu
376 1269 442 1312 vero
456 1267 510 1308 non
524 1250 613 1306 dicam
632 1257 811 1321 praeceptum,
826 1247 876 1303 sed
895 1263 947 1303 nec
967 1245 1118 1313 consilium,
1172 1263 1266 1306 secum
1283 1249 1394 1305 volvere
1408 1248 1588 1321 cogitationes
1605 1247 1732 1305 facillime
1746 1248 1969 1321 deprehendens.

322 1358 375 1400 nec
390 1339 552 1411 exemplum
578 1357 584 1396 :
609 1337 662 1392 nisi
686 1336 760 1410 quod
782 1335 874 1391 unctio
896 1335 1014 1391 docebat
1034 1344 1062 1392 te
1084 1333 1119 1390 de
1172 1337 1296 1411 pavidam
1310 1337 1474 1404 consolatur,
1490 1337 1634 1394 confirmat
1647 1337 1766 1406 dubiam,
1780 1353 1814 1395 ac
1827 1337 1968 1393 familiari·

321 1431 464 1498 omuibua3
479 1444 511 1484 ac
531 1442 620 1483 sermo
645 1425 695 1481 Dei
717 1425 794 1481 vivus
816 1433 844 1482 et
862 1423 967 1492 efficax,
985 1431 1048 1481 ante
1071 1423 1120 1479 tibi
1173 1434 1215 1482 ter
1231 1441 1328 1484 vocaus
1343 1443 1377 1483 ex
1391 1427 1511 1494 uomiue,
1522 1427 1641 1499 benigne
1654 1443 1690 1484 ne
1704 1427 1797 1484 timeat
1811 1427 1966 1500 persuadet

320 1520 407 1576 iaetus
421 1517 553 1592 magister
566 1530 648 1587 quam
668 1514 747 1578 filius.
764 1514 840 1585 prius
857 1513 1017 1570 instruxerit
1035 1527 1117 1568 men·
1173 1517 1212 1573 Ne
1230 1517 1340 1584 timeas,
1359 1515 1457 1588 iuquit,
1472 1517 1570 1582 Mario,
1591 1517 1727 1575 invenisti
1746 1517 1880 1591 gratiam
1904 1519 1968 1588 apti

320 1615 482 1680 tamquam
504 1602 624 1661 induerit
642 1619 762 1662 carnem.
786 1602 893 1660 Christo
917 1617 983 1676 ergo
1002 1602 1120 1658 devoves
1173 1608 1271 1664 Deum.
1295 1604 1369 1661 Nihil
1383 1605 1427 1662 hic
1448 1604 1514 1668 doli,
1529 1604 1596 1662 nihil
1611 1605 1656 1662 hic
1669 1603 1781 1662 fallaciae
1796 1614 1852 1664 est.
1870 1605 1968 1660 Nullan

321 1704 348 1754 te
363 1695 493 1754 exhibere
507 1693 659 1766 virginem3
677 1699 705 1748 et
719 1691 810 1748 nescis
829 1691 902 1764 quod
922 1689 974 1762 ipsi
997 1688 1119 1746 exbiberi
1172 1695 1442 1761 circumventionem,
1453 1694 1541 1751 nullas
1554 1694 1598 1752 hic
1612 1693 1758 1768 suspiceris
1771 1695 1907 1751 insidias.
1922 1694 1968 1751 lion

321 1796 349 1843 te
363 1793 489 1858 oporteat
504 1785 585 1843 etiam
600 1791 724 1840 matrem.
738 1783 823 1856 Eligis
835 1782 862 1836 in
877 1780 961 1838 lsrael
976 1796 1037 1838 esse
1051 1795 1118 1837 con·
1172 1799 1231 1840 sum
1246 1785 1339 1856 homo,
1350 1784 1398 1840 sed
1412 1783 1537 1857 spiritum
1549 1789 1577 1840 et
1586 1783 1636 1839 Dei
1646 1785 1770 1857 angelus,
1779 1799 1837 1840 non
1850 1783 1968 1840 Sataua.

320 1875 487 1948 temptibilis‚
500 1881 527 1930 et
541 1880 572 1929 ut
585 1871 622 1929 illi
637 1871 746 1945 placeas
761 1872 803 1929 eui
817 1879 845 1928 te
858 1871 994 1943 probasti,
1004 1868 1118 1926 maledi·
1173 1877 1210 1934 Ne
1220 1877 1329 1945 timeas,
1337 1873 1794 1947 Maria,inveniatipratiemapad
1803 1875 1913 1930 Deum.
1925 1871 1970 1928 Osi

320 1973 395 2022 ctum
408 1963 548 2020 incurrere
563 1962 714 2019 sterilitatis
726 1968 771 2020 :et
784 1977 848 2019 ecce
862 1959 1016 2018 maledictio
1030 1959 1116 2016 bene·
1131 1934 1156 2012 Β
1172 1964 1257 2022 scires
1284 1971 1415 2039 quantum
1444 1969 1489 2020 tus
1516 1962 1655 2019 humilitas
1672 1961 1824 2019 ‘altissimo
1854 1961 1968 2034 placeat,

321 2053 442 2111 dictione
460 2059 651 2120 commutatur,
667 2049 796 2108 sterilitas
816 2048 984 2109 fecunditata
1007 2064 1116 2106 recom-
1171 2061 1271 2127 quanta
1286 2061 1312 2111 te
1324 2053 1397 2125 apud
1411 2052 1500 2126 ipsum
1523 2051 1674 2108 sublimitas
1698 2052 1829 2107 maneat!
1846 2050 1969 2123 angelico

321 2151 461 2214 pensatur.
1173 2153 1199 2199 te
1213 2142 1352 2218 indignam
1378 2157 1431 2199 nec
1444 2141 1563 2215 alloquio
1584 2140 1733 2213 judicares,
1748 2155 1799 2197 nec
1824 2139 1967 2212 obsequio.

357 2235 384 2288 8.
404 2232 497 2303 Aperi,
514 2231 603 2303 virgo,
617 2229 718 2296 sinum,
734 2228 860 2300 expande
884 2228 1029 2301 gremium,
1045 2243 1116 2299 prae·
1171 2231 1272 2304 thuid
1287 2232 1359 2288 enim
1374 2230 1522 2286 indebitam
1547 2229 1593 2286 tibi
1607 2229 1707 2286 dixeris
1724 2230 1843 2303 gratiam
1857 2229 1967 2302 angelo·

320 2334 386 2392 para
400 2324 506 2376 utemm
522 2335 530 2374 ε
546 2317 610 2390 quia
626 2331 692 2374 ecca
705 2316 827 2374 iactums
840 2324 883 2373 est
898 2316 945 2373 tibi
959 2331 1058 2388 magna
1070 2315 1118 2387 qui
1172 2335 1241 2388 rum,
1257 2337 1318 2393 quae
1336 2319 1462 2377 invenisti
1485 2318 1598 2395 gratiam
1617 2319 1689 2393 apud
1713 2319 1826 2375 Deum?
1841 2318 1965 2376 luvenisti

319 2415 483 2478 potensest,
506 2407 533 2462 in
555 2413 664 2462 tantum
688 2414 716 2462 ut
740 2422 791 2478 pro
815 2404 1006 2462 maledictione
1021 2404 1116 2471 lsrael,
1171 2408 1245 2481 quod
1258 2413 1412 2481 quaerebas,
1427 2407 1556 2466 invenisti
1571 2407 1644 2480 quod
1663 2422 1745 2464 nemo
1760 2416 1825 2464 ante
1841 2413 1870 2466 te
1887 2409 1965 2479 potuit

318 2495 425 2552 beatam
440 2503 466 2552 te
480 2496 677 2552 dicantomues
686 2494 888 2570 generationes.
899 2493 956 2551 Nec
964 2501 1117 2566 suspectam
1171 2497 1304 2564 invenire,
1320 2497 1449 2556 invenisti
1466 2497 1580 2572 gratiam
1601 2497 1672 2567 apud
1687 2495 1784 2554 Deum.
1799 2495 1894 2566 Quam
1909 2511 1964 2568 gra-

318 2582 429 2657 babeas,
444 2585 566 2657 prudeus
585 2584 680 2658 Virgo,
695 2582 901 2650 fecunditatem,
916 2583 981 2657 quia
995 2597 1051 2638 uon
1064 2575 1117 2636 au·
1170 2587 1255 2643 dam?
1279 2585 1330 2643 Dei
1352 2594 1379 2643 et
1399 2587 1539 2642 bominum
1562 2601 1666 2659 pacem,
1688 2587 1782 2642 mortis
1802 2585 1964 2642 destructio-

318 2671 388 2728 ieret
402 2673 598 2746 integritatem.
616 2671 772 2744 concipies,
782 2671 832 2727 sed
846 2671 905 2727 sine
917 2677 1042 2743 peccato,
1053 2685 1117 2744 gra·
1170 2692 1244 2742 nem,
1259 2675 1322 2732 vitae
1337 2675 1549 2748 reparationem.
1562 2677 1627 2732 Haec
1641 2683 1683 2733 est
1697 2691 1764 2748 ergo
1778 2675 1879 2748 gratia,
1893 2690 1963 2748 quan

318 2761 382 2818 vida
404 2762 470 2830 eris,
492 2762 542 2817 sed
565 2777 621 2818 non
645 2769 774 2832 gravata3
788 2759 891 2832 paries,
906 2759 955 2815 sed
978 2774 1034 2816 non
1055 2775 1117 2815 cum
1170 2764 1300 2822 invenisti
1323 2765 1394 2836 apud
1412 2766 1513 2822 'Deum
1538 2765 1575 2820 Et
1597 2766 1649 2822 boc
1671 2764 1719 2820 tibi
1743 2765 1854 2840 signum
1875 2783 1884 2824 :
1907 2767 1964 2820 Ecce

319 2849 453 2906 tristitia:
469 2849 577 2907 nescies
600 2848 742 2917 visumst
761 2848 860 2923 gignes
884 2847 980 2904 tilium.
1004 2847 1118 2918 Qualem
1170 2856 1310 2928 concipies
1320 2861 1346 2912 et
1358 2855 1451 2928 partes
1465 2855 1571 2925 filium,
1582 2853 1724 2913 etvocabia
1738 2857 1919 2926 nomenatus
1929 2855 1964 2911 te-

318 2937 424 2994 fluunt
435 2938 509 2995 Illius
520 2939 576 2995 eris
588 2945 689 3008 mater,
698 2938 779 3007 eujus
793 2938 868 2992 Deus
882 2943 925 2993 est
935 2937 1023 2992 Pater.
1035 2935 1118 2993 Filius
1170 2961 1245 3001 sum.
1261 2942 1396 3017 intellige,
1412 2944 1534 3014 prudens
1547 2942 1643 3016 Virgo,
1659 2959 1694 2999 ex
1707 2942 1816 3000 nomine
1831 2943 1895 3000 Filii
1910 2959 1964 3014 pm·

322 3036 444 3099 paternae
469 3027 597 3085 clanmtis
621 3027 684 3101 [cl.,
710 3026 862 3093 charitatis;
883 3028 934 3092 ct,
956 3025 1116 3099 maiestatis]
1171 3032 1255 3100 missi,
1265 3039 1395 3106 quantam
1406 3037 1433 3088 et
1446 3047 1527 3104 quam
1542 3031 1690 3105 specialem
1704 3031 1819 3104 gratiam
1833 3030 1965 3088 inveneris

317 3116 370 3172 erit
393 3129 493 3173 corona
516 3123 570 3173 tuae
591 3115 731 3174 eastitatis.
749 3115 887 3189 Sapientia
908 3115 1012 3186 paterni
1028 3115 1117 3172 cordis
1170 3121 1242 3193 apud
1255 3123 1352 3193 Deum,
1369 3124 1405 3179 ut
1419 3122 1535 3196 uocatis,
1548 3122 1706 3190 citreorum
1716 3122 1776 3193 ejus
1791 3123 1904 3178 lesum.
1918 3121 1964 3178 liu·

318 3205 373 3260 erit
387 3203 492 3261 fruetus
504 3205 574 3261 uteri
592 3204 742 3278 virginalis.
762 3205 848 3260 Deum
872 3202 990 3276 denique
1012 3203 1113 3275 paries,
1171 3211 1272 3267 tionem
1287 3212 1367 3282 hujus
1379 3210 1503 3268 vocabuli
1517 3210 1585 3267 alius
1595 3210 1761 3286 evangelista
1769 3207 1862 3282 ponit,
1874 3209 1965 3281 angela

316 3293 394 3350 etde
409 3297 466 3352 Deo
475 3292 622 3366 concipies.
633 3293 796 3350 confortare
806 3307 884 3366 ergo,
894 3292 976 3365 Virgo
985 3291 1114 3360 fecunda,
1131 3299 1153 3378 c
1169 3300 1210 3356 sic
1224 3300 1421 3371 interpretante
1434 3317 1440 3358 :
1453 3301 1513 3374 lpse
1523 3301 1718 3359 enimtoleum
1730 3300 1821 3372 sudet
1831 3301 1963 3373 populun

314 3389 390 3440 easta
413 3383 560 3454 Puerpera,
586 3380 814 3451 blaterintacta;
839 3381 980 3454 quianon
1006 3381 1062 3438 eris
1085 3381 1114 3437 in
1170 3391 1421 3462 soumupctcatis
1435 3405 1533 3448 corum
1546 3390 1659 3462 (lluttb.
1673 3404 1695 3462 ι,
1709 3388 1765 3462 ill).
1808 3459 1810 3464 ,
1982 3431 1983 3467 p

314 3469 399 3528 lsrael
412 3471 485 3527 ultra
497 3467 652 3536 maledicit,
661 3483 751 3542 neque
764 3469 835 3525 inter
849 3468 957 3526 steriles
971 3470 1112 3541 deputata.
1206 3481 1251 3534 ll.
1260 3477 1417 3535 Duoslesus
1430 3477 1493 3552 lego
1502 3479 1531 3534 in
1542 3485 1608 3552 typo
1616 3479 1794 3550 hujus‚quem
1800 3475 1963 3534 nuncium·

313 3559 351 3616 Et
364 3560 387 3615 si
401 3559 491 3616 adbuc
505 3557 677 3615 malediceris
689 3559 723 3613 ab
734 3558 818 3614 lsrael
827 3557 976 3615 secuudum
992 3573 1112 3625 earnem,
1168 3565 1397 3636 amnemamnem,
1404 3567 1587 3640 praecessisse,
1595 3565 1962 3641 ambospopulispraefuisse:

314 3663 371 3705 uon
387 3648 452 3722 quia
475 3648 596 3704 sterilem
610 3646 714 3713 vident,
727 3646 781 3703 ted
795 3647 859 3719 quit
878 3645 1023 3704 fecundam
1041 3647 1114 3704 invi·
1169 3671 1364 3728 quorumunus
1374 3655 1961 3730 populumsuumdellabyloneaduxititgu.

314 3739 382 3796 deut
396 3757 406 3794 t
421 3747 559 3796 memento
573 3738 646 3811 quod
660 3743 688 3794 el
697 3737 819 3795 Christus
832 3735 1006 3794 maledictum
1021 3743 1114 3811 perill-
1168 3762 1196 3816 ¹3
1212 3747 1254 3803 III
1265 3746 1515 3819 Esdr.v,5)‚allel
1529 3746 1647 3804 suumin
1663 3755 1763 3803 terram
1777 3745 1962 3817 promissionis

313 3826 345 3882 lit
357 3826 458 3899 crucis,
474 3827 520 3900 qui
540 3833 567 3884 te
582 3843 658 3883 suam
678 3833 793 3884 matrem
817 3825 956 3883 benedixit
968 3826 997 3882 in
1010 3826 1113 3884 coelis:
1166 3834 1519 3909 intmduxit(tosue‚r,ll)
1535 3853 1543 3892 ε
1560 3835 1644 3891 Etilli
1658 3835 1769 3908 quidem
1782 3834 1857 3904 illos,
1874 3836 1961 3910 quibu

312 3917 406 3974 sedet
423 3915 452 3971 in
477 3916 556 3972 terris
579 3916 614 3972 ab
637 3916 735 3988 angelo
755 3916 909 3985 benedicta,
928 3921 956 3972 et
973 3929 989 3970 a
1008 3916 1113 3973 cunctis
1168 3931 1315 3995 praeerant‚
1337 3924 1371 3979 ab
1393 3924 1517 3982 hostibus
1540 3924 1744 3994 defendentum
1770 3924 1822 3981 sed
1846 3925 1960 3998 nunquid

310 4002 536 4076 generationibus
559 4009 640 4061 terra
661 4003 759 4061 merito
773 4005 854 4061 beata
877 4004 1044 4077 predicaris.
1059 4006 1114 4064 Be·
1168 4011 1311 4069 salvabant
1326 4029 1343 4070 a
1356 4014 1476 4086 peccatis
1495 4015 1613 4072 comam?
1626 4015 1652 4070 ls
1666 4021 1758 4070 autem
1773 4021 1875 4071 noster
1893 4015 1960 4071 lesus

310 4092 421 4150 nedicta
433 4106 501 4164 ergo
516 4092 588 4148 tuin
603 4091 772 4165 mulieribus,
788 4101 816 4150 et
830 4092 992 4151 benedictus
1011 4094 1114 4154 imatus
1168 4106 1197 4158 et
1210 4117 1226 4156 a
1241 4101 1360 4174 peccatis
1373 4101 1460 4159 salvat
1472 4103 1602 4177 populum
1626 4120 1715 4176 suum,
1732 4107 1761 4159 et
1773 4102 1959 4159 introduxitir

311 4180 416 4237 leniris
430 4180 480 4237 lui·
1168 4196 1269 4247 terram
1283 4191 1442 4250 viventium.
1453 4194 1601 4268 lpsccoim
1610 4195 1719 4253 saluum
1728 4193 1820 4265 saciet
1827 4195 1960 4266 populun

349 4273 375 4325 9·
388 4266 533 4333 Qvaectm
542 4269 679 4337 audisset,
689 4270 855 4327 tartatuest
865 4272 898 4325 ia
907 4275 1110 4347 samoneejaa
1169 4297 1278 4338 suamc
1285 4283 1412 4360 peccatis
1421 4299 1528 4340 eorum.
1540 4282 1606 4352 Quis
1614 4290 1655 4340 est
1661 4281 1845 4357 hicquietiam
1857 4293 1959 4353 peecata

271 4401 274 4406 .
313 4361 343 4413 ct
351 4357 493 4430 cogitabat
504 4355 587 4416 147
599 4359 691 4431 qualis
702 4362 784 4424 esset,
796 4359 854 4414 ista
863 4359 1008 4421 salutatio.
1020 4362 1114 4421 Solent
1169 4367 1303 4425 dmittitt
1317 4369 1427 4427 Utinam
1442 4379 1470 4428 et
1482 4387 1526 4428 mc
1540 4381 1713 4446 peccatorem
1732 4372 1866 4448 dignetur
1880 4373 1959 4430 Domi-

314 4445 515 4520 virgines‚quae
528 4461 604 4504 verae
616 4446 739 4521 virgines
753 4454 826 4518 sunt,
838 4462 948 4520 semper
960 4451 1075 4523 pavidae,
1087 4461 1115 4510 et
1169 4474 1221 4514 uus
1244 4456 1322 4515 lesus
1344 4474 1524 4518 annumerare
1544 4458 1643 4533 populo
1666 4475 1725 4528 suo,
1745 4468 1776 4516 ut
1796 4459 1906 4518 salvum
1927 4476 1959 4515 nr

313 4550 454 4609 nunqmffl
468 4551 530 4594 ⁰⁵⁸0
553 4550 678 4604 secUlaei
696 4543 724 4592 ⁰¹
736 4542 767 4590 ut
780 4545 895 4593 ⁰³V⁰⁸¹¹²
914 4538 1017 4610 limidi·
1032 4540 1114 4599 etiam
1168 4546 1279 4605 iaciata
1300 4548 1420 4619 peccatis
1441 4547 1526 4604 meis!
1543 4547 1614 4606 Vera
1638 4549 1711 4606 enim
1731 4550 1829 4606 beatus
1851 4551 1959 4623 poprdus

315 4631 372 4681 tuta
386 4625 594 4696 pertimescere,
610 4623 731 4680 scientes
747 4639 777 4680 se
792 4624 904 4682 invasis
918 4626 1044 4688 fictilibus
1056 4633 1115 4689 the·
1169 4638 1246 4708 cujus
1259 4637 1312 4694 iste
1324 4638 1404 4694 Jesus
1421 4637 1552 4694 Dominus
1572 4637 1646 4694 Deus
1667 4639 1737 4710 ejus,
1753 4637 1818 4712 quia
1837 4639 1903 4710 ipse
1917 4641 1958 4695 sal·

316 4728 425 4770 ”utum
447 4721 559 4786 portare
584 4711 745 4784 Ριθῑῑθῡῑιιι.
768 4722 797 4770 et
816 4714 896 4771 nimis
914 4718 1028 4775 arduum
1052 4735 1115 4779 ease
1169 4743 1232 4784 vum
1247 4725 1327 4783 iaciat
1340 4727 1468 4800 populum
1482 4743 1560 4784 suum
1575 4742 1591 4782 a
1604 4726 1724 4799 peccatis
1738 4742 1844 4784 eorum.
1866 4730 1960 4787 Vereor

316 4803 410 4860 ιῑιθιθ
433 4800 560 4879 angelice
582 4799 656 4857 illlffl'
678 4801 811 4872 hilmissefl,
836 4811 863 4860 et
886 4804 915 4861 in
938 4808 1019 4865 terris
1040 4823 1116 4868 more
1171 4824 1262 4872 autem
1281 4831 1316 4871 ne
1329 4814 1406 4871 multi
1418 4832 1448 4872 se
1462 4815 1642 4888 profiteantur
1654 4833 1716 4874 esse
1730 4815 1765 4873 dc
1779 4815 1886 4889 populo
1901 4821 1959 4890 ejus.

318 4890 469 4949 caelestium
492 4889 660 4956 conversari,
681 4898 709 4946 et
732 4890 761 4946 in
781 4906 864 4949 came
887 4895 1010 4953 caelibem
1033 4913 1117 4971 agere
1171 4919 1241 4976 quos
1254 4912 1346 4961 tamen
1360 4904 1420 4976 ipse
1434 4920 1489 4961 non
1503 4907 1602 4964 babeat
1616 4905 1961 4980 propoputosuozvereu

319 4981 412 5038 vitam.
427 4979 466 5035 Ae
480 4976 598 5049 proinde
613 4977 744 5052 quidquid
766 4995 877 5051 novum,
891 4984 1024 5058 quidquid
1038 4989 1117 5045 subi·
1171 5009 1208 5050 ne
1221 4992 1371 5066 plerisque,
1386 4993 1434 5067 qui
1445 4995 1523 5068 quasi
1544 4996 1571 5052 in
1586 4995 1688 5070 populo
1702 4997 1764 5067 ejus
1783 4995 1962 5073 religiosiora

319 5080 377 5128 tum
398 5068 482 5125 fuerit
498 5073 599 5133 ortum,
614 5075 754 5141 suspectas
775 5071 877 5128 habent
896 5075 1019 5147 iusidias,
1034 5083 1119 5134 totum
1173 5097 1235 5138 esse
1250 5081 1387 5152 videntur,
1397 5081 1456 5154 ispe
1471 5083 1617 5156 aliquando
1631 5085 1704 5141 dicat
1715 5101 1722 5140 :
1732 5087 1862 5158 Populus
1874 5089 1920 5144 bic
1933 5087 1964 5141 lu·

320 5165 415 5216 contra
429 5172 460 5213 se
480 5155 617 5213 estimant
638 5159 831 5217 machinatum.
855 5162 959 5220 idcireo
981 5172 1011 5220 et
1034 5167 1120 5224 bieria
1172 5171 1224 5228 biis
1237 5186 1283 5227 me
1298 5172 1427 5238 honorat,
1442 5188 1490 5230 cor
1510 5178 1607 5231 cutem
1626 5187 1723 5232 aarum
1739 5175 1821 5248 uage
1838 5180 1883 5234 cst
1901 5191 1964 5234 aue

321 5246 430 5303 turbata
443 5244 528 5302 estin
543 5261 669 5305 sannone
683 5249 785 5322 angeli.
801 5251 921 5307 Turbata
935 5260 989 5323 est,
999 5255 1049 5311 sed
1064 5271 1119 5312 non
1174 5259 1282 5332 (tluttlt.
1298 5275 1348 5326 xv,
1364 5259 1401 5333 8).
1416 5259 1498 5318 Novit
1514 5263 1589 5319 enim
1604 5264 1736 5320 Dominus
1748 5264 1829 5320 lesus
1844 5266 1894 5337 qui
1914 5261 1977 5320 suntl

321 5333 494 5407 perturbata.
510 5337 647 5396 Turbatus
660 5355 734 5411 aum,
746 5339 844 5411 inquit,
854 5343 884 5397 et
897 5357 955 5400 aaa
967 5359 1031 5400 aum
1046 5344 1121 5401 locu·
1175 5349 1234 5420 ejus
1247 5350 1287 5419 (ll
1303 5351 1370 5406 Tim.
1390 5365 1421 5416 ιι,
1438 5351 1501 5422 19);
1517 5351 1592 5408 novit
1606 5358 1635 5409 et
1647 5367 1717 5426 quos
1740 5351 1825 5424 elegit
1838 5370 1855 5408 a
1869 5355 1965 5426 princi·

324 5427 390 5493 tus‚·
401 5424 461 5493 sed,
470 5427 591 5499 cogimur·
602 5428 661 5487 dies
670 5431 811 5501 antiquos,
822 5433 850 5487 et
859 5445 948 5488 anuos
959 5437 1080 5490 aeternos
1089 5435 1121 5490 iu
1174 5437 1229 5509 pio.
1249 5437 1319 5508 Quid
1331 5441 1506 5507 maveteus,
1522 5439 1570 5508 ait,
1584 5443 1711 5514 Domine,
1728 5444 1857 5514 nomiae,
1875 5447 1906 5501 et
1920 5459 1965 5499 aar

324 5519 419 5572 mente
433 5513 619 5588 mentuunt.
639 5532 734 5586 exuar,
749 5520 776 5586 b,
792 5519 831 5590 c).
845 5519 885 5575 lta
898 5535 966 5591 ergo
990 5528 1018 5576 et
1038 5521 1122 5579 blaa-ia
1174 5528 1272 5597 tacitis
1281 5544 1345 5601 quac
1355 5527 1432 5587 dico?
1441 5529 1518 5600 (luc.
1530 5542 1570 5598 vt,
1581 5531 1639 5602 tt.)
1649 5529 1696 5587 Vis
1706 5530 1779 5587 seire
1788 5546 1823 5586 an
1835 5519 1976 5606 pertines}

326 5603 431 5659 turbata
445 5610 496 5673 est,
511 5612 540 5661 et
552 5620 608 5663 non
622 5615 665 5663 est
687 5606 787 5673 locuta,
802 5606 851 5662 sed
873 5608 1011 5681 cogitabat
1035 5611 1122 5682 qualis
1174 5613 1210 5668 ad
1223 5615 1350 5686 populum
1361 5616 1434 5687 ejvs,
1444 5615 1488 5674 vel
1500 5619 1588 5688 potim
1597 5619 1637 5675 vis
1651 5633 1712 5676 esse
1727 5617 1763 5676 dc
1776 5618 1966 5692 populosius?

326 5699 399 5750 esset
419 5693 469 5750 ista
489 5693 625 5753 mlutatio.
650 5695 732 5762 Quod
756 5695 863 5750 turbata
887 5703 938 5769 est,
951 5699 1123 5758 verecundiae
1176 5701 1229 5759 Fac
1250 5717 1310 5774 quae
1331 5702 1397 5761 dicit
1419 5704 1517 5774 tesus3
1532 5709 1561 5763 'et
1581 5709 1749 5780 computabit
1769 5713 1798 5764 te
1819 5707 1851 5766 iu
1872 5711 1965 5784 popula
