4116 6348
258 468 315 534 act

258 563 375 676 quadam
394 587 553 650 victoriane
567 585 702 644 communi
732 579 888 641 aduersario
904 579 1056 652 triumplia-

260 696 328 754 rent,
341 691 366 738 ct
381 681 569 739 conculcarent
584 675 712 732 Satanam
732 671 784 728 sub
793 669 907 744 pedibus
920 669 989 723 auia.

262 789 374 850 118⁰
388 789 544 862 Sequuntur
550 785 707 848 Sermones,
719 779 800 852 vulgo
806 777 885 859 Persi
895 773 1055 856 nuncupati,

292 879 362 938 quos
371 859 499 917 noradus
517 855 695 914 sermonibus
722 851 883 908 debitersts
907 851 1053 914 accensuit,

294 931 432 990 nonnullis
456 928 530 985 iuter
551 925 705 984 &emanas
725 922 839 992 relectis.
865 920 922 974 llos
938 917 1056 974 temesae

297 998 709 1061 Bmmdi'dltoresverborum
723 1015 737 1048 a
750 989 987 1050 aPetro-Cclleusi
1001 1005 1054 1060 pe-

297 1078 372 1134 tebat
383 1076 503 1134 imanes
516 1065 731 1128 saresberiensis
749 1063 871 1134 epistolis
885 1065 920 1118 96
935 1067 963 1118 ει
973 1061 1018 1118 at.

493 1193 612 1252 suano
627 1191 698 1248 xlv
712 1188 799 1262 (ιιι).

312 1311 350 1366 lie
366 1307 445 1365 vome
464 1299 674 1372 incitateiitci
688 1297 796 1356 scilicet
810 1297 838 1352 et
852 1293 986 1352 domania.

294 1421 322 1471 l.
347 1413 430 1474 Beate
454 1410 497 1468 illa
524 1417 551 1470 ct
584 1404 749 1478 sempiterna
774 1402 900 1468 Trinitas,
930 1402 1007 1457 Pater
1030 1407 1056 1455 ct

260 1504 344 1559 Filius
356 1511 384 1559 ει
398 1500 515 1573 Spiritus
529 1505 727 1566 sauctus‚unus
743 1495 815 1550 [leus
826 1491 937 1556 scilicet,
950 1505 1055 1545 summa

261 1590 391 1664 putentia,
406 1603 512 1645 summa
527 1583 782 1660 sapientia,summa
801 1580 962 1653 benignitas,
975 1593 1052 1635 orea-

260 1682 297 1737 vit
310 1679 454 1752 quamdam
467 1675 612 1731 trinitatem
632 1673 667 1729 ad
691 1672 833 1745 imaginem
853 1677 880 1723 ot
896 1666 1052 1724 similitudi-

259 1783 319 1822 nem
334 1783 421 1832 suam,
437 1765 554 1822 animam
569 1761 693 1820 videlicet
708 1757 886 1816 rationalem:
901 1773 963 1827 quae
978 1755 1053 1810 ineo

258 1855 366 1928 praelert
380 1851 667 1926 reanginmquoddcm
684 1849 758 1904 illius
773 1862 886 1906 suntmae
901 1844 1051 1910 Trinitatis,

257 1946 377 2018 quodex
399 1941 544 2008 memoria,
573 1941 679 1996 ratione
702 1947 729 1994 et
747 1933 887 1994 uoluntate
911 1933 1051 1990 consistat.

142 2069 145 2080 ·
257 2033 363 2090 Crcarit
377 2038 466 2088 autem
479 2032 532 2086 hoc
555 2027 647 2096 modo,
674 2035 703 2082 ut
719 2041 831 2082 manens
845 2025 872 2078 in
891 2023 947 2088 illu,
966 2022 1050 2094 parti·

258 2120 394 2193 eipatione
407 2121 468 2192 eius
482 2117 641 2176 essetboata
658 2135 665 2172 ι
686 2113 782 2172 aversa
796 2115 831 2170 ab
851 2113 906 2182 illo,
927 2127 1053 2182 quoeun-

256 2227 308 2283 que
330 2225 360 2266 aa
379 2207 526 2279 conterret,
551 2212 703 2263 remaneret
721 2204 832 2258 misera.
847 2201 903 2258 Sed
917 2203 975 2257 lraec
996 2199 1050 2254 tri-

257 2299 326 2355 nitas
339 2296 520 2368 creataelegit
533 2295 623 2367 potius
636 2301 799 2368 permotum
821 2291 939 2364 propriae
957 2290 1053 2346 tolun·

257 2388 318 2444 tatis
330 2386 436 2454 cadere,
452 2400 532 2456 quam
542 2399 574 2440 cx
588 2384 677 2458 qratia
690 2379 844 2438 Conditoris
859 2379 956 2452 iulias,
979 2393 1053 2435 crea-

256 2473 347 2548 tionis]
361 2489 410 2546 per
423 2473 539 2530 liberum
550 2471 687 2528 arbitrium
702 2478 786 2528 stare.
804 2467 905 2525 Cecidit
919 2482 987 2540 ergo
1003 2484 1053 2540 per

256 2564 472 2640 suggestionem,
501 2557 718 2628 delectationem,
743 2571 917 2624 consensum,
948 2555 982 2612 ab
1007 2555 1053 2611 illa

254 2667 360 2714 summa
372 2658 401 2709 et
413 2651 526 2724 pulchra
539 2649 680 2718 Trinitate,
691 2644 794 2703 scilicet
804 2645 935 2718 potentia,
948 2643 1054 2716 sapien-

254 2743 299 2810 tia,
313 2741 439 2816 pnritate,
451 2741 477 2796 in
491 2737 638 2812 quemdam
652 2733 817 2794 contrariam
832 2741 859 2792 ει
886 2733 986 2790 loedam
1002 2733 1052 2787 tri-

255 2831 376 2902 nitatem,
398 2828 501 2886 scincet
514 2826 708 2898 infirmitatem,
723 2823 882 2892 eaecitatem,
905 2821 1051 2881 immundi·

254 2919 330 2976 tiam.
346 2917 477 2974 blemeria
491 2916 564 2974 enim
578 2915 649 2972 taeta
663 2921 705 2972 eat
726 2911 860 2984 impotens
883 2919 911 2967 et
933 2909 1048 2979 infirma,

257 3006 325 3066 ratio
355 3005 515 3077 imprudens
542 3011 569 3062 ει
594 3000 749 3071 tenebrosa,
778 2999 902 3058 voluntas
932 2999 1050 3072 impura.
1068 3038 1122 3116 cp

258 3097 326 3152 Pom
340 3093 485 3160 memorie,
499 3107 560 3166 quae
570 3091 700 3164 simplicis
727 3087 886 3146 divinitatis.
904 3088 1052 3160 potentiam

256 3191 333 3240 stane
351 3181 496 3254 comete,
506 3181 540 3238 ab
554 3179 602 3238 illa
614 3179 714 3238 cadens
728 3187 755 3234 et
774 3180 848 3237 velut
877 3193 959 3250 supra
986 3193 1053 3232 saxa

256 3286 397 3340 comitem,
418 3270 446 3327 iu
461 3277 517 3328 tres
540 3275 630 3343 partes
651 3265 788 3326 contracta
802 3265 921 3334 dissiliit,
949 3263 1053 3322 scilicet

255 3358 282 3415 in
293 3359 474 3434 cogitationes
485 3358 661 3426 affectuosas,
678 3372 820 3423 onerosas,
837 3355 949 3412 otiosas.
963 3351 1054 3452 dilee-
1105 3397 1184 3456 fidem
1208 3408 1403 3469 mmmmm
1417 3398 1553 3457 mimus
1576 3397 1605 3452 in
1622 3397 1717 3454 Deum·
1732 3397 1854 3454 Credam
1865 3413 1911 3454 w

255 3457 347 3510 tuosas
361 3463 428 3508 roeo
443 3449 512 3520 illas,
527 3449 555 3504 in
567 3448 665 3520 quibus
676 3446 734 3518 ipsa
745 3443 871 3512 afficitur,
889 3443 965 3510 utin
978 3459 1052 3500 curis

255 3535 582 3604 rerumnecesaariarum,
591 3533 698 3608 edendi,
709 3533 830 3604 bibendi,
837 3539 1052 3604 caeterarumque

255 3623 384 3682 similium
394 3623 487 3698 ledet,
496 3621 762 3698 innumerabilium13
776 3637 916 3690 onerosas,
928 3628 958 3676 ut
967 3621 995 3674 in
1004 3635 1052 3677 ex·

255 3712 401 3770 tertoribus
413 3713 692 3771 administrationibus
712 3721 738 3767 et
765 3709 989 3782 occupationibus
1003 3710 1052 3765 dta-
1125 3758 1131 3770 .

254 3801 309 3868 ris;
323 3802 436 3870 otiosas,
451 3801 550 3873 quibus
574 3817 624 3858 uec
638 3799 757 3857 allicitur
780 3813 830 3854 nec
859 3806 1000 3868 oneratur,
1025 3807 1051 3855 et

254 3891 389 3948 tamenab
399 3897 562 3947 eternorum
577 3887 805 3959 contemplatione
824 3901 871 3958 per
888 3886 934 3942 illa
947 3887 1050 3944 disten-

252 3977 341 4048 ditur;
353 3986 381 4038 ut
395 3978 418 4036 si
432 3978 543 4052 cogitet,
554 3975 632 4036 verbi
642 3976 740 4052 gratia,
758 3991 857 4048 equum
882 3983 1050 4048 currentem,

256 4075 303 4124 aut
316 4083 395 4124 avem
410 4069 556 4127 volantem.

288 4160 317 4218 1,
331 4153 451 4218 Rationis
464 4171 573 4231 quoque
594 4155 691 4225 triplex
714 4171 792 4212 casus
820 4156 871 4210 ast.
902 4153 1047 4226 Siquidem

252 4246 311 4317 mus
325 4253 383 4302 arat
396 4245 554 4302 discernere
567 4241 636 4301 inte'r
653 4243 754 4300 bonum
775 4249 802 4300 et
816 4241 926 4308 malum,
950 4257 1046 4298 vertam

251 4341 278 4390 et
295 4331 406 4401 taleam,
422 4333 595 4392 commodum
610 4341 637 4389 et
660 4330 878 4398 incommodum
897 4329 925 4386 in
949 4331 1049 4404 quibus

251 4419 439 4479 &eruendis
453 4429 528 4480 tanta
542 4422 622 4480 modo
641 4420 760 4494 caligine
770 4427 896 4490 caecatur,
913 4429 942 4476 ut
976 4433 1048 4488 sepe

249 4509 279 4570 itt
293 4510 460 4568 colubarium
473 4511 554 4570 ducat
562 4507 708 4584 judicium,
730 4509 866 4582 recipiens
879 4508 982 4564 malum
997 4525 1046 4580 pro
1064 4479 1087 4557 Β

251 4598 335 4670 bono,
354 4595 455 4656 laisum
473 4616 522 4674 pro
546 4597 748 4668 acromatum
775 4615 824 4672 pro
851 4598 1003 4668 commodo,
1024 4606 1051 4656 ει
1124 4642 1129 4652 .

251 4701 393 4746 converso.
409 4688 553 4760 Nunquam
565 4704 629 4745 vero
647 4687 676 4745 in
695 4686 737 4744 his
764 4685 915 4760 laberetur,
930 4687 953 4744 si
981 4703 1051 4744 nun·

250 4791 332 4847 quam
346 4776 455 4846 lumine,
471 4793 551 4851 aquo
567 4785 718 4846 creataest,
735 4776 898 4850 privaretur.
923 4775 976 4833 Sed
986 4776 1048 4851 quia
1104 4819 1111 4834 .

251 4875 278 4920 et
291 4865 352 4938 ipsa
365 4866 428 4922 inde
447 4866 552 4935 eccidit,
572 4869 669 4938 procul
692 4865 775 4922 dubio
800 4864 866 4922 nibil
880 4865 949 4921 aliud
967 4881 1050 4941 quam

251 4953 378 5012 tenebras
390 4970 446 5012 suae
455 4955 584 5014 caecitatis
602 4954 714 5012 invenit.
736 4955 813 5014 Unde
828 4953 930 5012 iactum
952 4967 1013 5023 est„
1021 4963 1049 5010 ut

250 5049 278 5098 et
303 5041 512 5101 instrumentum
536 5043 743 5116 perderetque
772 5043 815 5098 illa
833 5043 1042 5113 administraret,

249 5131 352 5188 scilieet
373 5129 440 5190 illud
459 5131 568 5190 uirium
591 5131 739 5204 sapientiae,
760 5131 885 5198 ethicam,
911 5131 1042 5207 logicam,

249 5219 411 5292 physicam:
426 5237 495 5294 quas
509 5237 561 5278 nos
573 5237 729 5296 ¹possumus
741 5221 802 5277 aliis
816 5237 913 5279 vocare
931 5236 1046 5277 nomma-

248 5308 459 5378 humeralem,
476 5309 664 5381 inspectivam,
686 5319 713 5367 et
727 5310 879 5368 naturalem
895 5311 1044 5367 scientiam.

248 5397 386 5471 Siquidem
400 5415 450 5474 per
473 5399 590 5458 ethicam
618 5399 728 5472 eligitur
752 5401 863 5470 tronum,
885 5399 1046 5474 reprobatur

248 5487 364 5557 malum;
379 5487 553 5561 perloqicam
573 5487 748 5562 cognoscitur
762 5505 856 5546 verum
880 5495 906 5546 ει
930 5489 1042 5560 lalsum3

248 5591 296 5644 per
315 5577 452 5648 physicam
470 5579 641 5635 commodum
659 5587 685 5634 et
711 5578 922 5646 incommodum,
950 5579 976 5634 id
992 5589 1044 5644 εει,

283 5699 359 5770 (tot)
374 5702 460 5769 illics,
478 5707 490 5758 ι
506 5717 540 5759 cx
556 5701 658 5758 Parvis.

736 455 762 515 S.
785 449 949 518 stuntabl
968 447 1106 512 teettts
1124 441 1444 510 mttdtltttttsm

1112 573 1178 648 qaid
1197 574 1226 630 in
1250 585 1331 628 mum
1355 567 1548 626 assumendum
1563 567 1607 636 sit,
1624 567 1688 641 quid
1710 569 1908 636 mumdum.

1149 667 1176 718 3.
1190 660 1319 734 Sequitur
1332 656 1465 721 voluutas,
1480 656 1558 726 cadus
1573 657 1652 713 ruina
1670 656 1793 714 similiter
1808 659 1909 730 tripar-

1110 751 1158 808 tita
1168 758 1221 806 εει.
1251 747 1320 816 Quae
1342 747 1414 802 euim
1432 761 1545 802 summm
1560 745 1718 817 benignitati
1741 754 1771 802 et
1796 745 1907 817 paritati

1111 841 1296 905 inhaererem
1318 851 1380 892 cam
1408 833 1495 890 solem
1513 833 1629 904 diligere
1649 834 1759 904 debuit3
1776 852 1825 906 per
1840 850 1907 904 pm-

1110 924 1198 996 priem
1216 920 1385 994 iniquitatem
1404 934 1421 974 a
1441 917 1568 989 supernis
1580 917 1609 972 in
1623 918 1681 976 baec
1693 917 1788 976 intima
1811 918 1904 990 lapsa,

1109 1029 1161 1084 per
1173 1006 1424 1082 concupiscentiam
1439 1003 1540 1072 caruis,
1555 1005 1801 1076 concupiscentiam
1813 1007 1909 1066 oeulo-

1110 1115 1181 1166 rutn,
1190 1106 1218 1154 ct
1231 1095 1407 1154 ambitionem
1421 1091 1513 1150 secuti
1526 1099 1639 1152 terrem
1655 1093 1758 1152 ditexit.
1773 1094 1844 1168 Quid
1855 1095 1910 1152 hoe

1109 1187 1245 1245 irdelicius
1258 1180 1559 1256 oaaupotesttestimari,
1567 1181 1615 1238 ubi
1626 1190 1758 1252 pereunte
1769 1184 1909 1250 meumria,

1110 1278 1226 1342 ratione,
1242 1274 1388 1339 uoluntate,
1401 1278 1458 1329 tota
1466 1269 1565 1328 animm
1578 1269 1727 1328 subeuntia
1739 1271 1882 1342 perimitur
1893 1273 1909 1326 i

1145 1368 1172 1421 t.
1184 1365 1377 1422 Verumtamen
1391 1361 1461 1424 bunc
1488 1367 1544 1418 tam
1562 1375 1681 1434 gratem,
1705 1367 1762 1416 tam
1774 1361 1908 1418 tenebro-

1110 1471 1184 1524 sum,
1204 1461 1258 1510 tam
1286 1450 1425 1510 sordidum
1438 1450 1545 1520 lapsum
1579 1455 1678 1504 nestrae
1696 1455 1799 1506 nature
1826 1465 1908 1519 repa-

1111 1542 1181 1598 ravit
1192 1542 1240 1598 illa
1254 1541 1337 1600 beata
1350 1539 1478 1602 trinitas,
1504 1552 1608 1594 memor
1622 1535 1816 1594 misericordia
1838 1553 1908 1602 auae,

1109 1631 1255 1688 immemor
1265 1628 1352 1702 ottlpm
1364 1634 1476 1686 nostre.
1496 1625 1574 1682 teuit
1588 1639 1656 1698 erqo
1669 1641 1686 1680 a
1700 1625 1778 1682 Patre
1805 1625 1911 1682 missus

1109 1721 1153 1776 liei
1167 1719 1264 1784 Filius,
1278 1728 1305 1774 ει
1333 1716 1406 1774 dedit
1420 1713 1518 1772 iidem:
1545 1720 1607 1785 post
1620 1712 1718 1770 Filium
1746 1713 1847 1773 missus
1862 1720 1905 1768 εει

1107 1809 1223 1879 Spiritus
1232 1813 1353 1876 sanctus,
1367 1811 1397 1862 ει
1411 1803 1486 1860 dedit
1505 1801 1648 1874 docuitque
1662 1801 1836 1863 charitatem.
1852 1802 1910 1858 lta-

1070 1901 1091 1980 Β
1108 1915 1161 1971 que
1178 1913 1223 1968 per
1246 1897 1305 1954 baec
1321 1894 1387 1961 duo,
1416 1892 1443 1952 id
1454 1900 1495 1948 εει
1509 1891 1589 1952 ecem
1611 1898 1639 1946 et
1651 1891 1821 1961 alteritatem,
1838 1891 1911 1946 lacta

1106 1995 1146 2042 est
1160 2001 1222 2057 spes
1246 1982 1375 2042 redeundi
1389 1981 1424 2038 ad
1455 1978 1563 2037 1181
1600 1981 1717 2036 Patrem.
1742 1979 1775 2034 nt
1794 1979 1853 2036 haec
1867 1988 1911 2035 est

1106 2075 1221 2140 trinitas,
1237 2072 1340 2130 sctttuat
1353 2071 1432 2139 tides,
1448 2085 1522 2142 spes,
1538 2068 1656 2124 ebaritas
1670 2085 1678 2136 ς
1693 2084 1743 2138 per
1762 2083 1846 2138 qnam
1860 2083 1909 2126 re·

1108 2165 1148 2220 lut
1161 2178 1211 2234 per
1230 2162 1376 2222 tridentem
1390 2156 1498 2216 reduxit
1515 2156 1625 2214 delimo
1639 2155 1768 2229 profundi
1778 2155 1813 2210 ad
1823 2155 1909 2212 amis

1109 2269 1166 2310 sam
1180 2249 1374 2311 beatitudinem
1397 2248 1444 2304 illa
1458 2244 1685 2304 incommutabilis
1703 2253 1732 2301 ct
1751 2245 1830 2300 beata
1843 2243 1908 2298 Tri·

1109 2341 1178 2398 nitas
1192 2338 1359 2404 mutabilem,
1372 2337 1489 2409 lapsam,
1516 2345 1543 2391 et
1557 2334 1685 2390 miseram
1696 2332 1858 2390 trinitatem.
1871 2333 1906 2388 lit

1109 2429 1176 2486 tides
1191 2428 1301 2499 quidem
1316 2423 1477 2482 illuminavit
1491 2423 1638 2491 rationem;
1662 2437 1724 2492 spes
1742 2421 1828 2478 erexit
1846 2435 1909 2478 ma-

1108 2517 1242 2584 moriam;
1258 2514 1372 2571 chenus
1401 2527 1464 2569 vero
1488 2511 1615 2584 purgavit
1639 2510 1816 2566 voluntatem.
1839 2511 1908 2566 Cum

1106 2621 1173 2676 ergo
1188 2602 1270 2670 uenit,
1294 2609 1324 2656 ut
1338 2601 1440 2658 dictum
1454 2609 1505 2666 est,
1524 2600 1596 2656 Deus
1609 2599 1696 2656 Filius
1714 2608 1740 2655 et
1754 2597 1843 2656 lactus
1867 2606 1910 2652 est

1107 2690 1198 2760 tronto,
1214 2688 1330 2762 quierat
1344 2690 1434 2754 Deus;
1452 2697 1579 2758 tanquam
1596 2686 1716 2743 medicus
1727 2687 1817 2742 bouus
1832 2687 1909 2742 dedit

1107 2786 1250 2850 praecepta,
1263 2777 1363 2849 quibua
1376 2776 1526 2836 observatis
1535 2775 1729 2834 reformaretur
1737 2776 1816 2832 salus
1827 2775 1909 2830 amia·

1105 2882 1145 2924 aa.
1156 2868 1191 2926 Ut
1210 2883 1276 2925 vers
1290 2867 1434 2938 preceptis
1450 2865 1554 2922 laceret
1566 2864 1656 2932 tidem,
1672 2865 1792 2922 exbibuit
1806 2863 1907 2936 siqna3

1106 2963 1136 3014 ut
1150 2955 1309 3014 eorumdem
1331 2962 1531 3028 preceptorum
1557 2952 1739 3025 persuaderet
1753 2953 1908 3020 utilitatem,

1123 3044 1444 3102 romtsttbeatitudinen.

1142 3136 1169 3190 b.
1191 3134 1238 3190 list
1250 3133 1333 3205 igiter
1347 3131 1415 3190 lidae
1430 3133 1482 3189 alia
1507 3137 1717 3204 preceptorum,
1742 3131 1795 3188 clia
1813 3131 1909 3203 siquo-

1108 3237 1177 3290 rnm,
1200 3221 1254 3278 alia
1275 3221 1473 3294 promissorum
1502 3221 1614 3279 :idest
1644 3235 1698 3291 qua
1721 3219 1861 3277 credimus
1881 3221 1909 3276 in

1106 3310 1202 3379 Deum,
1213 3325 1267 3381 qua
1275 3309 1411 3370 eredimus
1426 3311 1521 3378 Deum
1537 3325 1591 3380 qua
1612 3309 1751 3366 eredimus
1771 3310 1838 3366 Deo.
1861 3310 1910 3364 Per

1105 3498 1158 3548 tan
1182 3492 1211 3548 in
1223 3492 1311 3550 ὓειιει
1333 3492 1417 3550 assiu
1446 3481 1510 3549 eum
1537 3507 1648 3562 sperare
1664 3502 1764 3548 etcum
1778 3490 1907 3566 diligere.

1105 3580 1251 3638 Paridem
1269 3581 1409 3657 signoruum
1424 3581 1561 3638 eredimus
1576 3581 1672 3648 Deam,
1700 3579 1747 3651 qui
1766 3578 1834 3636 talia
1856 3595 1909 3648 po·

1106 3667 1169 3736 last,
1188 3677 1215 3725 et
1230 3671 1322 3726 omnia
1335 3677 1432 3740 potest.
1454 3670 1508 3724 l’er
1523 3668 1602 3726 tidem
1627 3667 1826 3742 promissorum
1844 3683 1906 3724 cre-

1105 3757 1196 3814 dunns
1211 3759 1279 3824 Deo,
1293 3757 1342 3829 qui
1364 3757 1494 3828 quidquid
1514 3757 1654 3828 promittit,
1672 3756 1803 3812 veraciter
1825 3772 1905 3812 com-

1104 3847 1171 3917 plet.
1186 3845 1315 3904 Similiter
1329 3860 1511 3919 quoqnespea
1526 3847 1622 3918 triplex
1649 3852 1701 3910 est,
1730 3853 1758 3901 et
1779 3847 1905 3915 procedit

1104 3935 1139 3991 de
1152 3935 1282 4007 praedicta
1294 3935 1391 4006 triplici
1419 3933 1481 3992 tide.
1496 3935 1564 3990 Nam
1578 3935 1613 3990 dc
1638 3932 1690 3990 fide
1706 3939 1904 4004 praesummus

1104 4023 1193 4080 oritur
1205 4039 1271 4094 spes
1287 4023 1389 4093 veniae3
1419 4023 1454 4080 de
1468 4023 1521 4080 lide
1537 4023 1688 4095 signorum,
1715 4037 1781 4094 spes
1795 4023 1904 4096 gratiane

1102 4111 1201 4168 detine
1215 4112 1424 4183 promissorum,
1446 4128 1511 4184 spes
1533 4111 1637 4185 glorta.
1662 4111 1786 4168 Charitas
1811 4111 1905 4168 itidem

1102 4200 1219 4258 senario
1234 4200 1503 4274 numerooolliqitur,
1514 4202 1547 4260 de
1562 4199 1644 4259 corde
1660 4217 1744 4272 puro,
1754 4205 1783 4260 et
1796 4201 1830 4258 ds
1844 4217 1906 4260 core

1101 4287 1354 4358 amnesamnes
1369 4290 1492 4360 timuere
1507 4290 1575 4359 fiete
1589 4291 1615 4358 (l
1626 4290 1695 4346 Tim.
1708 4293 1733 4358 ι,
1749 4292 1789 4358 ὅ).
1803 4289 1907 4346 Ptuita·

1101 4383 1157 4432 tem
1177 4376 1309 4434 debemus
1328 4378 1464 4450 proximo,
1493 4377 1690 4436 coneeieotiam
1704 4377 1795 4444 nobis,
1825 4376 1904 4436 taen

1103 4465 1170 4526 Deo.
1187 4466 1291 4524 Puritas
1305 4473 1395 4524 autem
1414 4475 1466 4539 est,
1488 4475 1520 4523 ut
1536 4465 1668 4539 quidquid
1692 4467 1793 4539 egitur,
1809 4477 1856 4525 aut
1870 4466 1905 4522 ad

1105 4552 1248 4612 utilitatem
1276 4553 1405 4626 proximi,
1434 4565 1482 4614 est
1498 4555 1532 4610 ad
1548 4556 1677 4614 bonoram
1706 4554 1754 4612 liat
1767 4555 1828 4612 Dei.
1847 4556 1907 4614 Ιε-

1103 4657 1176 4700 tame
1190 4652 1280 4702 eutem
1293 4643 1448 4704 exbibenda
1466 4641 1654 4714 estproximo,
1679 4644 1743 4718 quia
1770 4645 1829 4701 Deo
1842 4661 1906 4702 ma-

1103 4731 1194 4788 nilesti
1206 4749 1319 4805 sumus3
1346 4733 1469 4804 proximo
1496 4741 1587 4790 autem
1601 4747 1657 4790 non
1670 4747 1828 4806 possumus,
1852 4735 1907 4792 nisi

1103 4835 1131 4880 ta
1145 4829 1277 4892 qnantum
1288 4822 1328 4878 illi
1341 4837 1390 4880 cor
1404 4828 1525 4880 nostrum
1540 4823 1690 4893 sperimus.
1702 4822 1906 4880 Conscientiam

1104 4907 1203 4964 bonam
1213 4909 1315 4966 toene
1325 4910 1354 4968 in
1370 4911 1530 4978 nubianos,
1548 4909 1707 4980 pmnitentia
1721 4919 1750 4968 et
1761 4912 1904 4968 eontinen-

1102 4995 1151 5063 ala;
1163 4999 1272 5070 quando
1281 4999 1630 5074 edlieetperpoenitentiam
1638 5007 1748 5069 peccata
1758 5002 1906 5056 commissa

1100 5086 1239 5158 punimus,
1268 5095 1295 5146 et
1315 5103 1366 5158 per
1390 5088 1583 5146 continentiam
1609 5087 1739 5160 deinceps
1768 5089 1904 5160 punienda

997 5221 1032 5233 ..
1099 5189 1155 5230 non
1182 5173 1436 5234 committimnszet
1464 5178 1534 5234 banc
1560 5176 1694 5234 debemus
1721 5177 1811 5234 nobis.
1841 5179 1905 5234 Post

1099 5263 1158 5320 beo
1168 5271 1292 5336 superest
1306 5264 1376 5322 fides
1390 5281 1445 5322 non
1454 5265 1527 5331 licta,
1543 5279 1605 5336 qum
1616 5266 1673 5322 beu
1692 5265 1841 5338 manenter
1853 5283 1904 5324 ex·

1098 5351 1215 5408 bibenda
1228 5359 1279 5421 eat,
1300 5362 1330 5411 ut
1344 5369 1396 5412 nec
1410 5363 1520 5425 propter
1536 5354 1701 5425 proximum,
1723 5355 1769 5412 oui
1789 5355 1904 5412 nocim-

1099 5441 1240 5512 pendimus
1249 5443 1417 5510 charitatem,
1429 5442 1602 5500 otlendanrue
1612 5443 1713 5509 Deum;
1727 5459 1780 5502 occ
1790 5453 1905 5517 propter

1098 5530 1305 5600 conscientiam,
1333 5547 1414 5604 quam
1435 5547 1482 5602 per
1505 5531 1691 5604 peanitentiam
1704 5539 1731 5589 et
1755 5534 1903 5590 eontinen-

1099 5613 1165 5674 liam
1185 5619 1214 5676 in
1236 5621 1388 5678 bumilitate
1401 5621 1539 5680 uueodim
1566 5620 1701 5689 volumus,
1714 5621 1807 5678 minua
1825 5639 1904 5680 case·

1099 5721 1215 5777 quamne
1229 5709 1481 5770 mendatorum'Dei
1508 5709 1692 5770 comtum
1706 5730 1714 5771 :
1730 5719 1759 5770 et
1786 5711 1846 5770 bac
1859 5719 1903 5770 est
