3950 6350
205 397 259 454 ιω
670 385 700 444 S.
716 381 894 442 osannam
912 371 1062 439 labaris
1074 375 1406 441 cabaa-vitandam
1801 386 1874 444 256

203 488 296 575 letaris
317 512 470 584 deputatus.
498 509 548 568 llic
569 516 612 568 est
633 509 797 568 transitoriae
812 508 875 565 linis
887 504 1003 574 latitia,
1018 517 1042 594 Α
1059 509 1146 562 totum
1160 504 1185 560 ei
1200 505 1364 574 adscribent,
1381 515 1467 566 totum
1485 508 1672 567 eiettribueut
1686 510 1790 586 (ipae.
1811 517 1872 587 xv.)

204 606 247 662 bie
256 602 358 676 lructas
375 597 469 672 glorie
493 599 660 670 temporalis.
686 602 835 671 Propterea
849 595 1001 671 prudenter
1095 593 1274 652 sternuere
1289 596 1467 670 quoniamde
1490 596 1614 669 lumento
1626 607 1656 654 et
1677 600 1817 669 restibus,
1834 611 1866 658 et

204 702 263 750 orat
274 689 417 762 propbeta,
431 698 461 744 ut
469 694 563 744 cantet
576 687 693 745 Domino
717 687 806 760 gloria
819 687 890 758 ejus,
906 694 936 742 et
948 699 1003 740 non
1058 680 1093 736 de
1115 681 1197 738 ramis
1225 684 1352 742 arborum
1379 685 1481 743 mendo
1508 685 1579 742 lacta
1607 694 1657 756 est,
1679 688 1869 746 considerare

204 783 402 852 compungatur
416 778 502 848 (Psoi
519 793 599 842 xxix,
617 777 682 850 ta);
698 776 726 831 id
737 782 789 846 est,
800 773 1003 848 processionem
1058 766 1214 839 diligentius
1225 769 1293 828 libet
1311 772 1409 844 triplex
1421 773 1591 847 obsequium,
1611 775 1684 846 quod
1698 775 1728 832 in
1743 793 1867 848 proces-

204 869 315 936 babeat,
327 881 409 938 qaam
424 862 515 937 passio
530 879 585 922 non
595 873 735 940 sequatur.
758 909 760 916 ,
1058 855 1135 912 sione
1149 858 1201 914 hac
1215 859 1337 916 exbiberi
1351 860 1430 919 uideo
1441 861 1576 919 Salvatori
1587 879 1594 917 :
1606 863 1723 934 primunr
1734 865 1865 937 quidem,

239 959 268 1013 ι.
286 953 367 1012 Vobis
380 961 480 1021 autem,
497 954 659 1022 chaussimi,
675 962 804 1025 tanquam
819 951 1004 1024 spiritualibus
1058 943 1209 1014 ajnmento
1223 947 1265 1004 oui
1279 947 1397 1022 insidet;
1413 951 1562 1008 secundum
1577 952 1611 1007 ab
1626 950 1666 1009 eis
1688 953 1736 1025 qui
1752 970 1809 1010 sua
1824 955 1866 1010 illi

204 1041 352 1118 spiritulia
366 1050 564 1116 squammies,
578 1042 606 1098 jn
621 1042 794 1114 processione
810 1041 919 1114 quidem
945 1056 1002 1097 aoe-
1057 1033 1218 1092 vestimenta
1240 1042 1384 1104 sternunt;
1411 1038 1521 1095 tertium
1543 1055 1618 1110 vero,
1639 1041 1674 1096 ab
1698 1042 1741 1098 bis
1760 1042 1813 1113 qui
1828 1044 1865 1098 de

205 1132 282 1189 pesas
309 1131 404 1204 parfiae
424 1140 652 1203 repmnramus
678 1129 803 1202 gloriam,
829 1131 856 1186 in
877 1129 1004 1201 passione
1057 1123 1199 1180 arboribus
1213 1141 1303 1182 remos
1321 1125 1427 1184 caedere
1440 1126 1628 1199 perhibentur.
1648 1129 1864 1187 Nonne-tamen

205 1228 387 1278 monstramus
401 1219 482 1276 viam.
506 1220 576 1275 Nam
604 1219 627 1275 si
645 1219 673 1274 iu
693 1217 869 1292 processione
893 1217 1005 1290 quidem
1058 1224 1153 1269 omnes
1167 1212 1263 1286 reliqui
1278 1229 1312 1270 err
1326 1228 1360 1271 eo
1380 1215 1454 1287 quod
1475 1214 1597 1272 abundat
1619 1216 1670 1280 sibi
1693 1218 1820 1286 mittunt,
1836 1228 1864 1275 et

206 1309 281 1365 venit
293 1307 341 1365 tibi
354 1307 383 1363 in
397 1316 517 1365 mentem
540 1306 629 1364 lutura
643 1307 689 1362 illa
702 1307 795 1364 laetitia
819 1313 847 1364 et
861 1305 1004 1362 exsultatio
1059 1299 1136 1368 quasi
1149 1299 1208 1356 sine
1231 1302 1389 1373 mosamius
1416 1305 1605 1375 obsequuntur
1624 1305 1751 1373 Domino,
1769 1306 1861 1362 solum

206 1397 289 1454 multa
312 1395 402 1464 nimia,
425 1395 535 1469 qnando
557 1395 693 1467 rapiemur
706 1396 735 1451 in
759 1395 876 1452 nubibus
896 1394 1005 1452 obviam
1058 1403 1124 1446 vero
1136 1390 1287 1460 jumentam
1311 1392 1486 1466 semetipsum
1498 1393 1611 1464 exponit
1625 1393 1686 1463 ejus
1699 1395 1863 1466 obsequio?
1943 1421 1944 1424 ι

207 1485 312 1542 cbristo
335 1484 365 1540 in
379 1500 459 1552 aara;
479 1485 503 1540 si
517 1491 574 1542 tota
586 1483 807 1556 concupiscentia
835 1483 930 1540 videre
952 1483 1004 1538 de·
1058 1478 1199 1535 Silenduur
1211 1479 1277 1535 mibi
1291 1487 1342 1548 est,
1358 1490 1388 1538 ut
1402 1481 1546 1538 οιιιιοιιοιιι
1560 1481 1699 1551 cassatim
1714 1499 1751 1538 an
1769 1483 1863 1554 magis
1943 1475 1944 1544 J

205 1573 309 1631 siderea
326 1571 399 1630 diem
421 1571 508 1641 illam,
524 1573 635 1647 quando
658 1571 821 1644 suscipietur
848 1571 877 1627 in
903 1571 1007 1628 ooelesti
1058 1565 1163 1640 loquer,
1179 1569 1342 1626 utbabeatis
1354 1569 1754 1627 consolationemilamentmn
1769 1581 1863 1638 certe,
1943 1587 1944 1590 ¹

205 1660 354 1718 Jerusalem
382 1661 505 1718 cbristus
526 1660 676 1727 Dominus,
694 1668 776 1731 caput
800 1675 860 1716 cum
876 1659 1006 1716 omnibus
1059 1656 1102 1713 cui
1116 1656 1217 1712 insidet
1229 1656 1360 1727 Christus,
1386 1673 1476 1715 nonne
1495 1673 1544 1714 vos
1567 1657 1643 1727 estis,
1658 1659 1735 1729 juxta
1752 1676 1863 1730 praeoe-

206 1748 346 1817 membris,
366 1758 479 1822 portans
495 1748 659 1821 triumphum
686 1747 815 1811 victoriae,
836 1747 1005 1821 applauden·
1061 1751 1135 1815 ptum
1153 1745 1285 1817 Apostoli,
1311 1745 1494 1821 glorificantes
1507 1756 1535 1803 ct
1557 1755 1697 1819 portantes
1718 1749 1810 1804 Deum
1837 1749 1864 1802 in

208 1837 279 1894 tibus
302 1837 432 1908 jamnon
455 1837 635 1910 popularibus
658 1835 760 1900 turmis,
783 1837 832 1894 sed
863 1836 1007 1894 virtutibus
1022 1818 1045 1896 Β
1059 1833 1218 1906 corporibus
1231 1833 1385 1907 vestrisill
1396 1837 1460 1895 Cor.
1476 1852 1515 1905 vr,
1531 1837 1588 1906 ab.)
1602 1837 1768 1908 Expendnnt
1786 1837 1863 1894 eninr
1943 1879 1944 1886 .

207 1924 349 1999 angelicis,
377 1925 564 2000 clamantibus·
580 1924 701 1998 undique
732 1925 843 1997 populis
864 1925 1007 1997 utriusque
1061 1923 1205 1980 saeculares
1219 1923 1343 1982 homines
1356 1925 1385 1981 in
1403 1925 1565 1998 obsequium
1587 1924 1706 1993 Danuui,
1721 1940 1778 1984 non
1794 1926 1862 1998 qui·

207 2013 389 2093 Testamenti,
401 2014 569 2072 Benedictus
579 2014 716 2087 quiverit
725 2015 882 2072 innomine
891 2014 1007 2074 Domini
1062 2011 1125 2068 dem
1170 2027 1294 2084 corpora,
1341 2013 1391 2070 sed
1427 2012 1582 2085 adjacente,
1626 2021 1654 2070 et
1700 2014 1862 2072 recasura

208 2101 322 2172 (natta.
337 2100 522 2174 xxxt,9):si,
536 2100 658 2174 inquam,
673 2101 849 2159 considerasti
862 2101 1009 2173 inprnces
1062 2109 1127 2156 sunt
1148 2101 1300 2173 coporibus,
1329 2117 1391 2158 cum
1419 2102 1454 2160 de
1478 2109 1588 2158 terrena
1610 2101 1762 2158 substantia
1786 2103 1862 2159 elee-
1943 2093 1944 2096 '

208 2189 285 2246 sione
300 2203 355 2262 quo
378 2189 579 2262 properandum
603 2189 649 2256 sit,
669 2189 742 2246 disce
757 2189 785 2246 in
805 2189 932 2264 passione
955 2207 1010 2264 qua
1062 2203 1189 2261 mosynas
1200 2189 1361 2264 largiuntur,
1385 2189 1482 2246 Prelati
1504 2204 1614 2264 qunque
1640 2205 1730 2248 ramos
1749 2191 1863 2248 cardum

207 2277 241 2333 sit
257 2277 387 2335 eundum.
410 2278 473 2334 llaec
487 2286 530 2334 est
544 2277 617 2334 enim
631 2278 674 2336 via
690 2278 763 2344 vitae,
780 2278 919 2335 tribulatio
934 2295 1007 2351 pra·
1061 2275 1097 2333 de
1108 2276 1259 2346 arboribus,
1275 2277 1351 2334 verbi
1361 2293 1451 2347 causa,
1468 2293 1529 2334 curn
1544 2278 1579 2334 de
1595 2277 1648 2334 lide
1661 2285 1690 2336 et
1700 2277 1861 2336 obedientia
1943 2267 1944 2270 '

206 2380 290 2434 sens;
304 2365 348 2422 via
361 2365 466 2438 gloriae,
482 2365 526 2423 aia
546 2365 662 2422 civitatis
681 2365 836 2432 habitaculi,
859 2366 903 2424 via
917 2367 1007 2439 regni,
1062 2364 1187 2442 Abrahoe,
1195 2364 1229 2420 de
1239 2365 1363 2422 castitate
1371 2365 1483 2439 loseph,
1495 2366 1531 2424 de
1543 2364 1750 2424 mansuetudine
1760 2366 1860 2438 lloysi,

207 2453 359 2510 secundum
386 2453 460 2524 qnod
483 2454 583 2510 clamat
605 2454 676 2511 latro
694 2453 729 2511 de
752 2470 853 2512 cruce:
871 2455 1005 2514 ldancato
1063 2459 1277 2525 caeterorumque
1304 2460 1460 2511 sanctorum
1487 2453 1632 2512 virtutibus
1659 2453 1862 2526 evangelizant

208 2545 274 2620 mci,
294 2545 419 2612 Domine,
436 2543 504 2600 dum
524 2544 633 2602 acuerit
656 2543 688 2600 ln
700 2559 820 2618 requam
837 2550 916 2602 tuam
930 2545 1006 2617 (luc.
1064 2543 1256 2599 Verumtamen
1270 2550 1298 2598 et
1310 2541 1349 2597 illi
1361 2542 1396 2598 de
1411 2541 1603 2614 promptuariis
1626 2540 1716 2614 plenis
1737 2541 1862 2615 largiun-

208 2645 292 2698 xxru,
312 2632 369 2704 ta).
386 2633 504 2690 Euntem
519 2631 546 2688 iu
570 2648 687 2708 regnum
704 2632 781 2701 vidit,
799 2648 852 2706 quo
866 2649 929 2688 cum
944 2649 1009 2704 per·
1063 2637 1126 2700 tur;
1141 2638 1169 2687 et
1182 2631 1209 2686 bi
1224 2647 1284 2702 quae
1299 2638 1464 2702 acceperuut
1477 2631 1574 2706 gratis,
1589 2630 1674 2706 gratis
1685 2629 1863 2687 nibilominus
1943 2685 1944 2690 ,

207 2719 338 2787 venisset,
356 2719 398 2776 sui
412 2736 562 2778 memorem
579 2736 642 2778 esse
656 2720 773 2795 rogavit.
796 2721 925 2778 Pervenit
939 2737 1008 2793 ergo
1063 2721 1129 2777 dare
1139 2719 1280 2789 jubentur.
1291 2719 1394 2792 Omnes
1404 2726 1503 2788 tamen,
1516 2718 1539 2776 si
1552 2718 1670 2776 fideliter
1680 2733 1730 2775 suo
1744 2719 1863 2791 quiaque

208 2807 331 2879 etipse:
356 2809 406 2865 sed
433 2807 516 2866 aivis
543 2823 720 2882 nossequam
743 2809 938 2881 compendiosa
953 2808 1007 2878 ria,
1063 2805 1184 2864 intentus
1198 2805 1278 2862 luerit
1291 2802 1451 2875 ministerio,
1471 2807 1499 2863 in
1518 2806 1692 2880 processione
1714 2807 1862 2863 salvatoris
1943 2837 1944 2840 =

208 2895 306 2954 eadem
320 2895 364 2953 die
379 2898 478 2955 meruit
494 2913 556 2956 cum
574 2898 690 2955 Domina
705 2895 793 2956 879
808 2912 869 2954 esse
883 2898 910 2953 in
926 2914 1006 2970 para·
1063 2902 1136 2962 sunt,
1152 2902 1179 2950 et
1191 2909 1253 2952 cum
1272 2909 1305 2952 eo
1319 2894 1511 2968 ingrediuntur
1523 2895 1551 2951 in
1565 2901 1688 2952 sanctam
1701 2895 1857 2962 civitatam3
1943 2971 1944 2978 ἵ

210 2984 280 3042 diso.
295 2984 476 3042 Tolerabilem
491 2985 605 3058 proinde
628 2985 720 3042 reddit
741 2984 874 3059 passionis
885 2985 1009 3043 laborem
1063 2983 1191 3057 quoniam
1219 2990 1275 3039 tres
1302 2983 1426 3054 praevidit
1452 2985 1587 3057 propbeta
1613 2982 1767 3052 salvandos,
1804 2985 1861 3040 Noe

210 3073 297 3145 gloria
327 3073 510 3146 processionis
532 3074 660 3147 quoniam
681 3074 781 3132 amanti
806 3073 873 3130 nibil
899 3073 1009 3130 dillicile
1064 3073 1216 3130 mentem
1230 3088 1320 3130 ramos
1332 3073 1361 3128 in
1376 3089 1446 3130 arcae
1459 3073 1609 3139 lubricant3
1625 3073 1766 3130 Danielem
1777 3072 1806 3128 in
1818 3073 1861 3128 rili

211 3170 262 3218 est.
1026 3125 1164 3230 cedulio,
1180 3169 1208 3218 et
1229 3161 1323 3218 labore
1342 3160 1514 3218 abstinentie
1540 3161 1640 3218 lactant
1663 3167 1791 3232 anquam
1815 3163 1863 3230 ju·

244 3255 272 3306 8.
287 3251 345 3308 Nec
366 3250 473 3308 ndreris
490 3251 566 3325 quod
588 3251 715 3322 praesenti
731 3251 908 3324 processione
923 3251 1009 3308 orale·
1065 3258 1196 3318 meutum,
1207 3249 1429 3321 salvatoremque
1445 3255 1616 3320 portantem
1630 3247 1739 3306 tertium
1751 3264 1863 3321 quoqne

211 3345 281 3414 stem
294 3339 408 3396 dixerim
423 3340 627 3410 representari,
642 3339 753 3412 quando
766 3354 838 3396 unus
856 3343 885 3395 et
893 3339 967 3397 idem
983 3339 1010 3396 in
1063 3339 1125 3406 lob,
1141 3321 1212 3394 bene*
1231 3336 1436 3408 dispensantem
1459 3334 1638 3392 substantiam
1662 3335 1863 3406 hujusmundi,

210 3437 327 3500 utraque
340 3427 495 3500 suscipitur,
519 3428 570 3484 etsi
597 3427 680 3501 louge
704 3427 784 3484 aliter
798 3435 826 3485 et
845 3428 880 3483 ab
895 3427 964 3483 aliis.
979 3428 1011 3482 ln
1065 3431 1093 3481 et
1107 3426 1142 3481 de
1168 3423 1312 3481 velleribus
1339 3423 1429 3480 oriam
1454 3439 1562 3480 suarum
1594 3440 1746 3497 pauperum
1778 3426 1866 3480 latera

212 3517 263 3572 bac
277 3515 350 3573 enirn
364 3515 540 3588 processione
560 3515 736 3572 irrationabili
749 3517 874 3586 jumenta
888 3516 1012 3573 Christus
1065 3510 1269 3570 calefacientem
1288 3513 1399 3582 (llaecb.
1429 3527 1489 3580 ιιι,
1508 3513 1561 3586 li).
1577 3513 1626 3571 Cui
1641 3513 1777 3570 tamenin
1793 3529 1861 3586 pro·

212 3601 331 3661 insidet:
347 3603 376 3660 in
391 3603 437 3661 illa
451 3618 517 3662 aare
529 3606 681 3675 jumentum
696 3605 805 3678 quidem
820 3604 940 3662 lutururn
959 3613 1011 3672 est,
1065 3603 1188 3660 cessione
1202 3601 1246 3657 illa
1258 3602 1337 3658 lesus
1351 3599 1538 3674 propinquior,
1554 3601 1597 3658 cui
1606 3601 1642 3658 de
1657 3602 1744 3658 tribus
1758 3603 1866 3658 ordini-

212 3691 263 3748 sed
278 3691 568 3764 recrudescentem
590 3693 717 3754 lumime
732 3698 761 3752 et
774 3695 908 3767 jamenta
921 3694 1011 3752 salvor
1066 3690 1203 3748 bassalus
1224 3683 1348 3757 vicinior,
1364 3688 1454 3758 lacile,
1471 3691 1564 3758 credo,
1581 3689 1696 3762 potestis
1709 3691 1866 3748 advertere.

213 3780 310 3850 facim,
325 3781 443 3840 Dcmt‘ae
455 3781 542 3854 (Psoi.
558 3797 645 3857 xxxv,
661 3786 700 3855 7).
711 3782 761 3840 Cui
774 3782 861 3858 clarile
876 3790 919 3840 est
927 3782 1010 3840 illud:

218 3869 1010 3948 lltjttmenlumscctuaartmopudte,clepotempcrtecam
1189 3942 1194 3952 ι
1374 3829 1493 3948 smum)
1525 3831 1560 3888 Π·
1773 3940 1778 3951 Ι
1806 3939 1812 3951 ·

212 3956 300 4028 (ρωι,
314 3972 404 4026 mn,
420 3960 475 4030 23),
489 3960 525 4016 Ep
538 3959 600 4016 ,ide
619 3959 712 4017 sinon
731 3960 766 4016 de
780 3959 955 4032 processione
969 3959 1013 4017 10.
1069 3943 1105 3997 lle
1118 3953 1255 4014 passione,
1277 3942 1305 3996 el
1328 3952 1511 4021 processione,
1536 3943 1564 4024 qt
1579 3943 1702 4011 qoctaor
1714 3937 1866 3996 ordinibus

211 4045 313 4117 quitur,
328 4062 389 4103 cum
404 4055 552 4120 sequatur:
579 4049 706 4107 amabat
728 4065 846 4106 monam
864 4046 1014 4107 deaurata
1370 4023 1557 4081 pr⁰⁶⁶⁸⁸²⁰⁷²²⁵

212 4140 339 4192 memet
348 4135 532 4193 tractantem
544 4141 594 4193 luo
602 4136 806 4202 deduxistime,
818 4139 1014 4210 etcomqlorc'c
1104 4140 1130 4191 l.
1147 4135 1267 4190 Necesse
1281 4139 1322 4187 est
1338 4138 1368 4188 nt
1385 4131 1526 4203 loquamur
1542 4131 1621 4189 bodie
1636 4129 1745 4190 brevius
1755 4141 1869 4203 propter

213 4223 364 4294 suscepisti
376 4238 428 4280 mc.
443 4223 484 4277 lbi
493 4230 568 4278 certe
578 4239 614 4279 ne
624 4224 681 4296 ipse
692 4224 802 4296 quidem
813 4224 901 4296 pullus
911 4225 1011 4283 deerit:
1067 4221 1218 4296 angustiam
1234 4220 1374 4292 temporis.
1391 4219 1472 4276 llnlta
1495 4219 1606 4292 quidem
1621 4205 1708 4276 'uobis
1733 4220 1870 4276 ministrat

214 4308 344 4381 qnoniam
371 4309 422 4366 etsi
455 4319 605 4367 murmuret
638 4311 783 4368 barcaeus
810 4313 937 4384 parrulos
958 4329 1013 4372 nnn
1069 4309 1215 4384 processio,
1223 4307 1581 4382 quamcelebraturisumus,
1592 4310 1641 4364 sed
1651 4310 1871 4381 eademimpedit

215 4398 308 4454 sinens
323 4396 427 4466 venire,
442 4397 618 4472 parvulorum
633 4397 767 4471 baptismo
782 4401 929 4458 detrahens
943 4403 1011 4476 (37),
1029 4421 1052 4498 n
1069 4417 1105 4456 ne
1119 4399 1211 4456 dicere
1224 4398 1303 4470 plura
1316 4397 1461 4469 possimus.
1479 4397 1652 4455 celebraturi
1676 4413 1771 4454 sumus
1786 4399 1871 4454 hodie

214 4485 403 4558 quiparvulus
417 4495 497 4544 natas
509 4497 563 4556 est,
576 4493 604 4544 et
613 4488 729 4560 primam
743 4492 915 4560 parvulorum
928 4491 1013 4566 elegit
1068 4487 1279 4560 processionem,
1304 4493 1333 4542 et
1361 4486 1439 4557 paulo
1469 4495 1531 4558 post
1550 4485 1667 4542 audituri
1697 4485 1869 4557 passionem.

214 4574 301 4632 aciem
317 4575 493 4648 (lnnocentes
505 4575 625 4650 loquor),
642 4576 723 4632 bodie
737 4593 845 4651 quoque
861 4580 1013 4652 parvulosa
1068 4576 1155 4634 88⁰
1182 4575 1250 4647 Quid
1278 4575 1330 4632 sibi
1353 4575 1410 4633 vult
1428 4574 1558 4632 mirabilis
1572 4573 1625 4630 ista
1637 4573 1806 4646 conjunctio,
1822 4587 1872 4631 aut

214 4663 302 4736 gratia
325 4680 382 4721 non
401 4664 538 4722 excludit:
564 4665 693 4738 quirnea
707 4666 801 4738 pietati
821 4667 1011 4741 incongruum,
1067 4667 1133 4740 quid
1145 4666 1435 4738 cogitaveruntpatres
1450 4663 1544 4732 nostri,
1561 4664 1716 4737 passionem
1734 4662 1873 4722 addentes

215 4767 269 4808 nec
289 4754 423 4824 majestati
446 4755 506 4825 ejus
521 4753 630 4812 difficile
652 4763 703 4824 est,
727 4764 757 4814 ut
776 4757 901 4830 suppleat
916 4774 1013 4814 munus
1068 4755 1336 4829 procesaioui‘lNam
1357 4752 1495 4825 processio
1514 4752 1623 4824 quidem
1647 4751 1745 4809 merito
1760 4768 1872 4825 reprae-

216 4839 323 4912 pratiae,
336 4841 408 4913 quod
423 4841 512 4900 nunus
526 4842 555 4898 in
569 4842 700 4900 ebhabm
715 4853 811 4902 natura
821 4846 958 4918 possibile.
974 4846 1014 4901 lbi
1067 4841 1298 4911 sentaturbodie;
1315 4859 1377 4916 quae
1409 4841 1481 4898 lacta
1501 4849 1544 4898 est
1562 4839 1662 4908 bodie;
1687 4841 1779 4914 passio
1797 4858 1871 4900 vero

217 4942 272 4983 uon
284 4942 375 4985 ranam
388 4929 525 4998 arborum,
542 4945 597 4987 non
611 4930 673 4986 vilia
694 4932 857 4990 vestimenta
873 4933 1014 5006 popularis
1068 4950 1116 4991 cur
1129 4931 1220 4987 addita
1234 4938 1285 4999 est,
1300 4947 1380 5002 quam
1395 4938 1472 4986 sexta
1490 4928 1558 4986 leria
1581 4936 1687 4986 constat
1700 4946 1762 4986 esse
1781 4945 1868 4987 secu-

217 5022 306 5072 turma
315 5023 490 5088 prosternet:
515 5017 564 5074 sed
584 5019 728 5078 demittent
751 5037 857 5093 pennas
878 5037 942 5078 snas
956 5023 1015 5078 ani-
1070 5032 1124 5079 tam
1138 5021 1153 5076 l
1166 5021 1325 5092 Opportune
1339 5019 1434 5091 utique
1447 5019 1613 5090 processioni
1632 5018 1722 5088 passio
1732 5019 1872 5088 conjunc-

217 5105 295 5162 malla
322 5111 427 5174 mnam,
457 5105 596 5178 deponent
630 5124 747 5167 coronas
771 5125 835 5166 suas
853 5119 917 5166 ante
937 5111 1012 5167 thro·
1069 5119 1113 5168 cta
1127 5117 1178 5176 est,
1194 5116 1223 5165 ut
1250 5107 1384 5164 discamus
1412 5105 1441 5162 in
1469 5105 1542 5163 nulla
1568 5105 1661 5162 laetitia
1675 5107 1757 5177 buius
1770 5108 1869 5163 saeculi

216 5209 281 5270 num
316 5193 388 5270 Aqui
420 5194 515 5268 viginti
545 5203 661 5268 quatuor
685 5198 818 5264 seniores,
846 5205 875 5253 et
898 5199 1013 5257 virtutes
1071 5201 1171 5256 babere
1187 5195 1323 5264 fiduciam,
1349 5195 1464 5252 scientes
1478 5193 1607 5267 quoniam
1625 5203 1751 5250 extrema
1774 5197 1872 5268 gaudii

217 5295 313 5340 omnes
326 5283 457 5356 angelica
471 5283 601 5358 quidquid
620 5284 722 5343 babent
736 5284 829 5356 gloriae
843 5283 885 5344 rel
909 5287 1016 5346 decoris
1070 5288 1157 5344 luctus
1171 5292 1296 5358 occupat.
1314 5285 1461 5356 Propterea
1476 5299 1530 5340 nou
1553 5281 1636 5340 simus
1652 5282 1735 5355 stulti,
1753 5289 1782 5340 nt
1797 5286 1872 5342 oeci·

266 5561 313 5629 ιι)
327 5559 504 5618 llenricianos
526 5559 662 5632 intelligit,
687 5557 834 5628 dequibus
853 5559 881 5614 in
904 5559 1019 5631 epistola
1043 5565 1104 5618 au.
1132 5561 1184 5616 lios
1198 5561 1384 5631 sequebantur
1398 5557 1586 5624 colonienses,
1602 5572 1718 5626 quorum
1738 5559 1884 5630 dogmata·

221 5643 251 5686 re
263 5629 380 5690 ciuntur
393 5631 567 5690 sermonibus
582 5633 617 5686 65
632 5641 660 5686 et
675 5632 708 5684 bb
725 5628 752 5684 iu
768 5630 890 5687 Cantica.
