4116 6348
262 374 314 433 ull
724 371 754 428 S.
769 369 938 432 stultiut
959 370 1100 432 lectuls
1126 372 1464 436 cmumtstuhltllsls
1852 377 1907 438 cle

261 501 289 554 iu
302 500 412 556 dentosa
424 494 534 552 Domini
548 509 634 568 raeque
648 493 676 550 in
699 493 791 552 duem.
805 495 882 554 Unde
906 495 935 552 lit
956 502 986 552 ut
1008 497 1056 570 qui
1073 514 1097 594 fl
1112 505 1336 569 succensentem,
1352 505 1525 556 mcunnteu
1541 497 1688 568 Christum,
1712 507 1742 556 et
1758 499 1907 558 Dominum

259 587 336 658 prius
350 587 384 642 ds
402 583 525 640 interiori
544 583 648 656 irriguo
663 583 795 657 lacrymas
810 585 927 642 lundens
940 585 1055 658 plango·
1113 587 1314 658 promittentem
1330 604 1337 643 ε
1353 588 1437 644 Hodie
1450 591 1627 644 mecumeria
1636 589 1906 658 supermundane.

259 677 315 744 bat,
330 673 424 730 diceus
438 691 445 729 ι
459 673 598 742 orannim
606 678 723 748 propter
737 677 763 729 te
774 675 982 744 mortificamur
996 680 1056 731 totu
1110 691 1187 734 ιιιιιι,
1204 675 1309 746 tu-tu).
1325 679 1349 731 o
1363 691 1442 747 qnam
1461 675 1585 732 sublimia
1611 675 1663 750 ists
1683 675 1828 744 confessio,
1857 695 1907 748 per

258 762 304 820 die
318 764 406 835 ilioni.
422 776 481 827 ιιιι,
497 763 553 833 36),
573 763 627 831 jam
651 763 685 816 de
700 761 834 834 superiori
846 760 1056 820 abundantiores
1109 779 1189 837 qnam
1205 767 1238 821 de
1257 763 1377 837 patibulo
1397 764 1431 820 ad
1450 779 1577 837 regnum,
1596 766 1631 822 de
1646 776 1716 822 terra
1743 767 1775 822 sd
1794 768 1905 834 coslum.

256 851 359 908 omittat
372 850 554 908 lletusdicsus
565 868 571 906 :
584 853 642 908 lieu
651 851 732 916 milii,
748 852 963 926 quioincniuius
977 869 1056 910 mette
1107 854 1142 910 de
1157 869 1236 910 cruce
1251 853 1320 910 latro
1334 856 1478 909 damatus
1490 869 1522 910 sc
1535 853 1679 910 crudfinus
1692 858 1726 910 ad
1749 856 1905 928 pandisnm

255 941 439 1016 prolongatus
453 941 594 1012 esi(l’sol.
610 956 682 1004 cxlx,
697 942 733 1008 ll).
1107 941 1242 998 ascendit!
1260 941 1387 998 Gloriosa
1407 940 1553 1008 coniessic,
1578 958 1639 1014 quae
1660 943 1768 1000 Petrum
1791 955 1904 1020 aposto-

519 1046 636 1103 squqo
649 1047 698 1102 xp,
717 1047 796 1118 (99¹),
1107 1030 1163 1085 lum
1180 1030 1258 1084 trinae
1272 1030 1422 1102 negationis
1436 1029 1549 1087 crimine
1571 1030 1705 1098 liberavit,
1724 1043 1752 1088 et
1774 1032 1809 1089 sb
1832 1049 1904 1107 apo-

399 1120 438 1175 lle
452 1121 560 1191 sepiem
570 1118 703 1190 gradibus
713 1119 908 1188 consessionis.
1107 1117 1221 1174 stolatus
1234 1118 1352 1175 culmine
1365 1118 1461 1174 cadere
1477 1134 1528 1175 non
1552 1121 1693 1191 permisitl
1711 1119 1808 1177 Fidelis
1827 1121 1905 1180 insti·

295 1213 320 1267 l.
335 1210 421 1268 Notus
434 1207 507 1264 milti
519 1207 685 1277 fecdlinics
696 1206 994 1278 vicecomitatum
1005 1207 1053 1264 ire·
1107 1206 1184 1272 tutio,
1205 1222 1267 1279 quae
1281 1206 1371 1262 Mariae
1385 1207 1499 1264 multum
1514 1207 1635 1282 diligenti
1657 1208 1772 1266 multum
1788 1209 1903 1283 dimisit,

257 1299 325 1356 titio
336 1295 493 1354 sumnulln
508 1295 769 1361 luoueleslcttooes
778 1295 937 1352 indescissa
952 1299 1055 1353 tuntu-
1108 1302 1137 1350 et
1150 1294 1249 1350 amoris
1264 1294 1338 1349 ulrllti
1351 1291 1426 1353 titulo
1447 1296 1600 1368 insignitum
1622 1295 1814 1368 discipulorum
1839 1315 1904 1356 cor·

256 1383 661 1460 quoinfirtcm(Psui,xa.ll).
677 1382 716 1438 ld
731 1383 874 1454 tequidem
889 1383 1056 1442 libenterac-
1107 1383 1167 1456 pori
1190 1383 1318 1440 smlavitl
1349 1384 1477 1440 Praeclara
1503 1385 1651 1455 miseratio,
1676 1401 1737 1459 quae
1760 1401 1853 1459 regem
1877 1396 1904 1442 et

256 1475 387 1544 cedimus,
403 1473 514 1528 Domine
527 1473 602 1541 lesu,
617 1471 744 1542 discipuli
758 1475 791 1528 ad
807 1473 1054 1544 magistrum,insrr·
1108 1475 1266 1544 prophetam
1288 1471 1425 1543 multipiici
1449 1472 1591 1530 criminum
1620 1473 1794 1532 innudalione
1818 1491 1904 1534 muu-

255 1565 293 1622 mi
306 1564 341 1620 ad
354 1560 1054 1634 mdicum,sersiadDominumluescnimmagi·
1106 1560 1187 1630 davit,
1204 1569 1230 1617 et
1249 1558 1276 1616 in
1295 1559 1411 1634 autiquae
1433 1559 1545 1636 gloriam
1569 1561 1708 1634 dignitatis
1730 1563 1903 1636 perducendo

254 1661 309 1712 ster
323 1661 351 1708 ct
364 1649 501 1718 dominns,
517 1649 596 1720 cujus
611 1650 704 1705 schola
718 1657 759 1706 est
773 1650 800 1706 in
817 1649 902 1716 terris,
923 1652 1051 1707 cathedra
1107 1649 1229 1706 reduxit!
1252 1651 1315 1706 llaeo
1329 1658 1372 1706 est
1391 1649 1432 1707 rie
1446 1667 1506 1724 quae
1521 1651 1650 1707 uiatorem
1665 1667 1744 1708 suum
1768 1669 1903 1726 nunquam

254 1741 282 1798 in
297 1741 385 1798 omlis.
400 1737 438 1795 Tu
454 1755 484 1796 es
498 1738 543 1794 ille
557 1737 674 1794 eximius
690 1737 821 1808 medicus,
835 1739 954 1809 quisolo
968 1739 1050 1796 verbo
1107 1737 1213 1806 fefellit,
1228 1753 1289 1810 qne
1303 1753 1439 1809 nunqnam
1454 1738 1576 1796 deseruit
1597 1738 1649 1796 uisi
1669 1741 1837 1798 deserentem
1861 1757 1901 1797 se.

253 1835 388 1888 resumas
416 1826 553 1884 universa.
571 1825 633 1882 Viae
658 1833 730 1891 luas,
744 1827 869 1890 Domine,
893 1827 1052 1884 demonstra
1068 1791 1090 1869 Β
1141 1829 1169 1882 ³.
1185 1827 1270 1897 Hujus
1287 1826 1379 1882 multae
1394 1827 1454 1896 riae,
1471 1827 1689 1900 multiplicesque
1711 1839 1774 1885 sunt
1797 1829 1902 1886 semilae

252 1918 341 1986 nobis,
361 1923 388 1973 et
401 1915 512 1974 seruitus
527 1926 587 1972 tuas
612 1915 696 1972 edoce
715 1929 765 1971 nos
786 1916 876 1986 (Psoi.
894 1931 969 1985 ιιιιι,
1000 1917 1051 1988 4)ι
1107 1913 1356 1984 adinveniendum,
1373 1913 1711 1985 difficllrsadtenendum,
1727 1917 1761 1973 ad
1785 1933 1901 1975 enume-

252 2007 310 2068 Vlae
332 2006 404 2064 enim
419 2017 472 2062 tuae
486 2004 537 2062 vie
560 2003 691 2077 pulchre,
706 2011 733 2060 et
757 2018 851 2062 omnrs
877 2006 979 2062 semitae
998 2015 1049 2063 tuae
1103 2005 1219 2060 randum
1243 2002 1456 2074 inexplicabiles.
1481 2003 1570 2060 Prima
1601 2003 1719 2076 semita,
1745 2013 1772 2062 et
1797 2005 1902 2078 primus

252 2095 371 2168 pacificae
393 2095 486 2167 (Pron.
501 2109 544 2163 ιιι,
561 2095 615 2163 l'l).
635 2092 711 2149 Beati
725 2094 770 2164 qui
798 2093 938 2150 ambulant
951 2093 978 2150 in
1006 2095 1050 2152 ris
1102 2093 1205 2166 modus
1218 2093 1245 2148 lu
1260 2093 1303 2147 ria
1318 2092 1368 2147 ista
1383 2103 1422 2148 est
1443 2092 1560 2166 cognitio
1579 2093 1631 2149 sui.
1650 2096 1688 2152 [le
1711 2095 1781 2154 coelo
1805 2093 1902 2152 cendit

252 2193 308 2252 tun,
329 2185 445 2241 Domine
458 2183 586 2239 uirtutum
607 2199 615 2236 s
636 2180 771 2237 beatiores
782 2182 828 2254 qui
852 2191 964 2238 currunt
977 2183 1048 2238 olam
1103 2181 1156 2236 ista
1171 2180 1304 2236 sententia
1321 2198 1326 2236 :
1342 2180 1428 2236 Nosce
1443 2181 1580 2254 teipsum,
1596 2183 1687 2238 homo.
1708 2183 1774 2238 Vide
1800 2183 1823 2239 si
1847 2199 1901 2242 uon

250 2276 435 2332 mandatorum
451 2278 568 2341 tuorum,
583 2269 628 2342 qui
638 2280 751 2326 currunt
768 2269 796 2324 in
815 2269 898 2328 odore
924 2287 1049 2343 unguen·
1103 2270 1262 2340 etSponsus
1276 2268 1303 2323 in
1319 2267 1420 2324 amoris
1433 2267 1545 2326 Cuntico
1560 2286 1667 2342 sponsae
1681 2270 1752 2327 idem
1763 2269 1900 2344 loquatur.

251 2370 340 2422 torum
350 2369 470 2418 tuorum.
486 2359 609 2416 &sullas
623 2359 694 2416 enim
709 2366 738 2414 ut
752 2359 831 2434 gigas
839 2361 872 2414 all
886 2361 1049 2416 currendam
1103 2357 1134 2416 sl
1148 2359 1261 2432 iquorem
1276 2361 1312 2422 te,
1328 2357 1449 2428 iuquit,o
1457 2357 1663 2433 pulchraiuter
1671 2360 1901 2433 mulieres,egre·

251 2451 324 2510 viam
342 2450 430 2523 (Psoi.
445 2462 522 2516 xslrl,
537 2449 565 2518 d)
586 2455 637 2507 :ct
651 2463 704 2504 nou
716 2446 806 2504 solum
821 2463 942 2518 currens,
958 2451 1006 2504 sed
1022 2456 1050 2504 et
1102 2447 1178 2519 dere,
1194 2452 1221 2505 ct
1236 2447 1283 2503 obi
1304 2447 1390 2520 (Curti
1408 2447 1483 2519 ι,-Ἱ),
1509 2455 1562 2506 etc.
1590 2447 1713 2522 Cognitio
1735 2447 1778 2504 sui
1801 2457 1853 2506 stat
1872 2452 1900 2508 in

250 2540 351 2598 salicus
366 2541 393 2596 in
408 2537 554 2609 montibus,
570 2550 597 2593 et
619 2535 775 2595 transiliens
798 2538 889 2593 collos.
921 2535 1048 2594 Exsulta·
1103 2536 1198 2607 tribus,
1216 2547 1244 2592 ut
1261 2545 1407 2607 cognoscat
1427 2537 1506 2591 homo
1522 2535 1587 2610 quid
1611 2535 1685 2606 lecit,
1701 2535 1765 2609 qnid
1789 2539 1897 2608 meruit,

249 2641 347 2689 verunt
359 2629 483 2702 gigantes
508 2625 660 2698 philosophi
675 2641 728 2682 non
745 2626 778 2680 ad
804 2625 964 2682 currendam
980 2625 1048 2682 aiam
1101 2625 1165 2696 quid
1191 2624 1288 2681 amisit.
1309 2621 1380 2692 Quid
1395 2623 1483 2693 silius,
1500 2623 1629 2680 nuchilis
1652 2634 1785 2696 creatura,
1809 2627 1899 2702 imago

250 2727 334 2788 tuam,
350 2716 399 2774 sed
412 2715 447 2770 ad
461 2715 637 2788 querendam
665 2729 762 2771 uanam
777 2713 903 2786 gloriam,
933 2729 1048 2771 euanes—
1101 2714 1163 2783 Doi,
1178 2713 1313 2770 Creatoris
1327 2712 1486 2782 similitudo,
1500 2728 1580 2784 quum
1594 2729 1703 2770 carnem
1719 2721 1793 2770 tuam
1807 2714 1898 2772 illece-

249 2813 342 2864 nentes
358 2807 386 2861 in
403 2801 611 2877 cognationibus
637 2802 706 2871 suis,
724 2816 778 2858 nou
793 2799 821 2858 in
837 2800 987 2859 humilitate
1000 2808 1049 2859 aut
1101 2800 1159 2860 bris
1184 2802 1338 2858 carnalibus
1362 2802 1517 2872 deturpare,
1541 2810 1569 2857 et
1591 2816 1643 2873 pro
1666 2801 1739 2860 brevi
1761 2803 1900 2874 voluptate

248 2894 436 2952 invirtutibus
460 2893 524 2959 luis,
552 2890 600 2948 sed
626 2889 693 2948 suis.
711 2891 789 2947 Viam
811 2893 884 2946 enlm
908 2891 1046 2962 sapientie
1102 2899 1248 2948 torrentem
1265 2890 1378 2962 perdere
1394 2889 1561 2962 voluptatist
1576 2890 1647 2960 Quid
1664 2891 1802 2961 milesius,
1817 2907 1898 2964 quam

247 2986 411 3056 nescierunt,
423 2997 510 3054 neque
523 2981 703 3038 meminerunt
721 2979 875 3035 seruitarnm
901 2982 972 3050 ejus.
987 2981 1047 3036 Nou
1100 2979 1158 3048 rupti
1173 2987 1287 3035 mentem
1304 2978 1356 3047 ira,
1372 2978 1499 3050 superbia
1514 2979 1619 3049 extolli,
1636 2980 1728 3036 vexari
1743 2979 1858 3050 invidia,
1872 2992 1899 3037 et

247 3082 291 3130 est
303 3071 394 3128 audita
420 3071 448 3126 iu
476 3070 612 3138 Chunaan,
641 3081 728 3140 nequo
742 3067 800 3126 risa
815 3075 857 3124 est
884 3066 912 3124 in
926 3068 1047 3124 Theman
1062 3065 1085 3144 c
1099 3069 1233 3126 ansietate
1247 3067 1393 3141 torqueri?
1410 3066 1478 3137 Quae
1490 3068 1519 3124 in
1532 3068 1636 3126 croceis
1649 3085 1680 3127 es
1694 3068 1803 3140 nutrita,
1813 3085 1897 3142 quare

247 3159 383 3234 (buruch.
399 3173 441 3226 ut,
456 3156 513 3230 22).
542 3154 677 3212 maledicti
702 3153 749 3227 qui
776 3154 901 3212 dixerunt
933 3155 1049 3214 Domino
1102 3157 1422 3228 stercoreamplexarisi
1441 3158 1592 3216 Recordare
1607 3158 1688 3214 ctiam
1707 3158 1773 3230 quid
1790 3174 1896 3216 merue-

245 3249 308 3308 iesu
321 3267 329 3305 :
340 3247 444 3308 neceto
456 3247 562 3308 suomi
572 3243 739 3313 ,counitum
749 3243 986 3302 olorumluamm
995 3261 1047 3301 no-
1101 3248 1147 3302 ris.
1163 3246 1263 3303 Subest
1278 3247 1437 3302 memoriam
1453 3257 1526 3302 tuam
1540 3247 1698 3320 gehennalis
1720 3245 1783 3316 olla,
1799 3249 1896 3306 ioman

248 3340 343 3398 lomus
361 3337 429 3410 (lob.
454 3352 510 3405 xil,
526 3336 583 3405 li).
607 3335 663 3390 Nos
681 3331 834 3403 quaerimus
859 3341 886 3390 te
900 3332 935 3388 de
947 3331 992 3390 die
1019 3333 1047 3390 in
1102 3333 1190 3390 ferrea
1203 3347 1310 3406 magnae
1325 3333 1482 3403 Babylonis,
1504 3335 1601 3390 donruc
1621 3334 1723 3404 mortis,
1750 3337 1894 3394 anxietatis

247 3427 329 3496 diem,
345 3433 373 3484 et
387 3425 457 3484 scire
470 3425 528 3482 vias
548 3432 608 3480 tuas
621 3422 759 3480 volumus.
1101 3421 1277 3492 domicilium,
1292 3422 1460 3478 flammarum
1484 3421 1594 3498 globus,
1618 3424 1749 3480 acerbitas
1772 3421 1895 3498 frigoris,

280 3521 309 3573 2.
325 3513 555 3588 Principalesviae
580 3523 655 3580 tuae,
676 3512 738 3567 duae
752 3517 815 3566 sunt
838 3526 847 3566 ι
876 3507 1047 3567 confessioni
1099 3512 1218 3568 tenebrae
1232 3508 1413 3584 sempiterne.
1434 3510 1581 3568 Considera
1603 3510 1726 3568 ordinem
1747 3519 1897 3570 tormento-

247 3604 416 3662 obcdieutia.
432 3603 462 3658 ln
474 3600 648 3659 confessione
664 3599 758 3656 omnis
777 3597 918 3668 lavantnr3
933 3598 961 3654 in
976 3600 1045 3654 obe-
1099 3617 1170 3670 rum,
1187 3599 1318 3658 tortorum
1335 3599 1429 3669 iacies,
1446 3599 1622 3657 mutationem
1642 3616 1795 3672 poenarnm,
1811 3601 1896 3657 mise-

247 3691 350 3750 dientia
370 3691 484 3750 virtutos
498 3688 774 3746 solidantur.lionnm
789 3686 886 3742 animae
901 3703 1045 3744 omamen·
1098 3689 1199 3746 riarum
1228 3687 1407 3758 infinitatem
1434 3699 1460 3746 et
1484 3688 1710 3746 intellectualibus
1733 3687 1819 3748 oculis
1842 3689 1896 3746 ista

245 3789 302 3839 tum
316 3780 462 3848 confessio,
478 3793 540 3850 que
553 3785 580 3834 et
594 3783 765 3848 peccatorum
778 3784 884 3849 purgat,
900 3785 928 3834 et
938 3778 1042 3848 justum
1097 3780 1230 3849 discurre,
1253 3786 1281 3834 et
1305 3777 1407 3849 poteris
1430 3776 1521 3836 dicere
1541 3797 1549 3835 r
1573 3779 1670 3836 llelius
1691 3785 1748 3836 erat
1770 3777 1845 3848 mihi,
1871 3777 1895 3836 si

243 3871 334 3928 reddit
348 3867 543 3944 purgatiorem.
560 3865 589 3922 Si
604 3874 714 3939 peccata
733 3873 808 3935 sunt,
823 3865 851 3921 iu
869 3865 1043 3924 confessione
1096 3877 1175 3925 nutus
1189 3882 1244 3924 nun
1258 3867 1380 3925 inissem.
1396 3867 1513 3924 Rellecte
1527 3867 1635 3936 oculos,
1651 3868 1757 3940 etquid
1770 3867 1895 3927 amiseris

242 3959 367 4017 luvaulnr
381 3977 390 4027 ;
405 3973 430 4013 ss
446 3956 528 4023 bona,
543 3954 712 4013 confessione
725 3955 958 4012 commendantur.
974 3956 1042 4012 Cum
1096 3957 1288 4014 animadverte.
1298 3954 1578 4029 Remiuiscereqnulis
1592 3957 1751 4014 sitcivitatis
1761 3957 1891 4032 gloriosa,

244 4047 314 4104 nrala
330 4058 375 4104 tua
389 4043 541 4114 confiteris,
557 4043 723 4100 sacrificinm
739 4043 918 4116 ileospiritns
941 4049 1043 4102 contri·
1096 4044 1214 4104 coelcstis
1242 4045 1381 4117 habitatio,
1403 4046 1479 4102 locus
1502 4045 1574 4118 rilae,
1589 4045 1727 4105 suavitatis
1755 4047 1891 4120 palatium,

242 4138 359 4204 bulatus,
374 4149 437 4192 cum
447 4133 495 4190 Dei
512 4131 652 4199 beneficia,
667 4131 791 4190 immoles
805 4134 863 4190 Deo
878 4131 1039 4192 sacrificium
1099 4134 1228 4208 splendor
1235 4134 1339 4210 glories,
1354 4135 1449 4210 gratie
1465 4135 1640 4209 magnitudo,
1655 4133 1764 4192 claritas
1777 4135 1891 4193 infinita.

241 4225 340 4282 laudis.
354 4226 463 4296 Absque
488 4221 658 4280 confessione
676 4227 767 4290 justus
787 4221 923 4293 judicalur
950 4222 1040 4294 ingre·
1094 4223 1211 4282 attende
1232 4224 1357 4280 ordinem
1381 4224 1564 4300 gaudiorum,
1588 4223 1761 4298 gaudentium
1783 4226 1892 4296 tultus,

242 4321 295 4384 tus,
309 4322 338 4369 et
351 4326 474 4386 peccator
488 4317 612 4368 mortuus
635 4318 787 4383 reputatur.
802 4309 944 4368 Confessio
959 4310 1041 4384 igitur
1095 4313 1267 4385 premiorum
1299 4313 1524 4382 uicissitudinem,
1554 4312 1752 4370 multitudinem
1775 4312 1889 4372 delicia-

242 4413 283 4458 est
296 4400 447 4474 peccatoris
461 4400 524 4470 rita,
549 4397 618 4470 justi
630 4397 729 4472 gloria.
746 4397 831 4456 Video
846 4397 933 4457 David
948 4399 1040 4458 dicen·
1094 4418 1166 4474 rum,
1191 4409 1219 4459 et
1238 4411 1315 4474 potes
1335 4402 1485 4458 exclamare
1508 4421 1515 4458 r
1536 4403 1583 4475 qui
1609 4408 1635 4458 te
1654 4401 1783 4474 perdidit,
1804 4409 1890 4460 tutum

242 4499 304 4562 tem,
320 4490 459 4562 Pecouoi5
481 4495 509 4545 et
532 4487 697 4556 audientem,
721 4488 880 4547 Transtulit
902 4489 1041 4552 Dominus
1094 4489 1220 4565 perdidit,
1236 4490 1351 4548 Domine
1366 4491 1447 4547 Deus.
1465 4489 1493 4547 Si
1517 4491 1569 4549 hoc
1593 4489 1691 4564 triplici
1714 4491 1834 4550 lunisolo
1853 4493 1890 4550 li-

239 4584 388 4666 pecoqtum
404 4583 514 4637 luumu
528 4583 565 4650 tc,
579 4580 609 4636 et
621 4593 680 4634 nou
693 4577 824 4635 mlieris
838 4577 879 4649 (ll
889 4578 955 4652 dog.
972 4595 1039 4650 xxn,
1093 4581 1198 4654 galeris
1213 4578 1331 4636 animam
1345 4579 1563 4655 tuam,inlelliges
1575 4588 1600 4638 et
1610 4580 1812 4638 animadvertes
1825 4581 1890 4656 quia

241 4667 297 4742 lt).
309 4667 459 4727 Conudcro
473 4667 596 4736 Herium,
605 4666 629 4723 si
641 4663 755 4724 noo
768 4683 823 4724 non
838 4666 935 4735 serbis,
948 4675 1038 4725 umen
1090 4668 1195 4726 initium
1206 4669 1299 4726 salutis
1311 4669 1408 4727 notitia
1423 4670 1524 4743 peccati
1535 4677 1577 4727 cst
1593 4669 1726 4742 (Senecas
1739 4669 1819 4744 epist.
1830 4672 1887 4743 28).

240 4759 369 4832 operibus
379 4757 485 4832 publice
497 4771 549 4814 sua
562 4757 675 4814 crimina
701 4755 886 4827 mnfitentem,
901 4765 929 4814 et
944 4757 1036 4813 Domi-
1127 4759 1154 4814 i.
1169 4760 1312 4816 Secundus
1323 4759 1427 4832 gradus
1441 4767 1482 4816 est
1499 4758 1675 4832 poenitentiae.
1690 4759 1753 4816 llaec
1777 4759 1832 4818 duo
1850 4759 1889 4818 its

240 4863 305 4904 num
314 4863 363 4920 pro
376 4863 407 4904 ea
420 4847 629 4919 respondentem
644 4863 652 4902 ε
667 4847 790 4904 Dimisso
805 4849 873 4903 suut
886 4845 1038 4920 eipeccotn
1091 4847 1144 4905 sibi
1157 4847 1275 4907 invicem
1289 4849 1432 4919 conjuncta
1457 4856 1530 4917 sunt,
1545 4855 1575 4904 ut
1587 4863 1754 4925 cognoscere
1777 4864 1808 4906 se
1831 4864 1886 4906 uon

239 4935 344 5002 multu,
358 4937 493 5010 quonium
503 4935 605 4993 dilecti
616 4937 742 4994 muitum
755 4935 832 5008 (duo.
849 4951 896 5006 ιιι,
913 4935 968 5008 t'l).
980 4936 1036 4993 lle-
1090 4937 1187 5010 possit,
1202 4938 1253 4994 nisi
1267 4938 1417 5010 poeniteat,
1442 4937 1573 5011 poenitere
1591 4954 1647 4995 non
1666 4938 1763 5011 possit,
1782 4937 1833 4994 nisi
1858 4953 1887 4996 se

240 5023 328 5096 spicio
358 5025 505 5098 principem
541 5027 725 5099 apostolorum
757 5031 900 5098 osgarum
930 5024 1035 5098 timido,
1090 5033 1246 5100 cognoscat.
1276 5026 1410 5086 Poeniteat
1432 5027 1515 5104 igitur
1542 5029 1643 5100 anima,
1669 5025 1887 5102 compunctionis

238 5113 407 5174 amarissime
426 5113 546 5182 denum,
583 5115 720 5172 Christum
744 5112 821 5169 illum
848 5113 1034 5186 respicientem
1086 5115 1179 5187 jaculo
1193 5117 1339 5188 uulnerata,
1363 5117 1522 5191 paenitentia
1535 5117 1656 5192 triplici,
1671 5117 1734 5193 quia
1757 5118 1887 5178 innocen·

238 5205 316 5280 (tao.
347 5221 416 5272 xllll,
432 5205 537 5278 dudi),
561 5204 679 5262 Felicem
694 5202 770 5260 illum
784 5200 916 5259 latronem
929 5201 1036 5262 intueor
1089 5205 1154 5262 dam
1178 5205 1286 5277 ambit,
1310 5207 1439 5266 amissam
1460 5221 1516 5264 non
1539 5205 1696 5281 requisivit,
1719 5215 1748 5265 et
1770 5206 1887 5282 neglexit

271 5321 343 5396 (9⁹¹¹)
365 5321 415 5381 llic
439 5337 530 5380 sermo
548 5335 721 5395 sequensque
735 5319 764 5375 in
786 5317 904 5400 editiotm
926 5320 1036 5398 lugdu·
1089 5323 1124 5379 de
1143 5321 1264 5380 Diversis
1285 5333 1473 5390 amenseotnr,
1497 5331 1553 5380 tum
1577 5323 1643 5398 quia
1660 5325 1743 5382 ambo
1762 5323 1886 5382 lamuhel

236 5395 316 5450 nansi
340 5396 411 5452 anui
429 5394 509 5461 loli,
524 5393 552 5450 in
574 5409 628 5465 qua
652 5391 769 5464 primum
798 5391 933 5464 prodiere,
960 5399 1035 5448 extra
1088 5393 1218 5452 Bernardi
1236 5395 1362 5452 clausula
1379 5395 1486 5468 prediti
1506 5403 1582 5466 sunt;
1603 5407 1659 5453 tem
1680 5395 1798 5470 deniqne
1821 5396 1885 5468 qaia

235 5463 350 5520 classem
369 5462 689 5540 genuinornternardi
699 5475 859 5546 ¹sermonum
872 5461 1034 5532 locatisunt;
1089 5467 1222 5536 eamdem,
1238 5483 1318 5592 quam
1333 5475 1443 5523 sanctus
1457 5467 1569 5534 Ductor,
1585 5466 1746 5524 senteutiam
1766 5470 1800 5524 de
1821 5482 1885 5522 san·

234 5550 283 5590 nec
297 5536 393 5606 etplnm
414 5536 475 5607 ejus
501 5536 579 5607 plene
596 5549 707 5608 assequi
720 5535 857 5593 videntur.
873 5534 927 5591 Sed
945 5543 1034 5616 tamen
1088 5537 1140 5593 ctis
1154 5538 1243 5593 anima
1262 5553 1294 5592 us
1307 5553 1422 5609 corpore
1436 5537 1534 5595 solutis
1549 5537 1630 5594 tradit
1647 5539 1783 5610 posterior
1806 5553 1882 5595 num.

234 5619 281 5662 eos
295 5607 420 5666 hocloco
436 5621 546 5665 mosera
560 5606 626 5663 tanti
640 5622 695 5664 non
713 5604 830 5662 diximus
854 5621 862 5664 ε
892 5613 949 5664 tum
990 5619 1034 5660 nra
1088 5610 1133 5665 ab.
1149 5609 1223 5666 idem
1236 5609 1403 5666 censendum
1416 5610 1451 5668 de
1464 5611 1542 5666 tertio
1556 5621 1696 5682 ιοιιιιοιιιο,
1706 5609 1753 5683 qui
1766 5609 1885 5668 hemer·

234 5677 260 5732 ln
276 5677 371 5736 codice
389 5679 529 5748 usuum,
544 5693 620 5737 unm.
634 5675 842 5748 seulement
860 5621 1033 5736 amonius
1085 5679 1123 5738 do
1136 5679 1229 5738 itidem
1244 5679 1371 5738 tribuitur
1384 5678 1413 5738 in
1427 5681 1524 5740 mdem
1537 5681 1631 5742 codice
1644 5682 1784 5744 vallone.
