3950 6350
26 498 31 526 l

110 400 166 466 249
608 407 646 464 IN
663 408 758 464 PSAl..
777 409 837 478 Qui
853 408 1004 466 ntarrlr
1024 407 1143 492 Slillle
1162 409 1254 468 xvtl.
1279 461 1281 464 .
1708 410 1761 464 abt

106 521 204 594 Longe
218 531 308 582 tamen
326 542 382 599 prae
398 529 439 584 bis
457 530 582 586 omnibus
600 530 770 587 felicissimus
787 529 832 586 ille
846 529 907 628 erit,
927 531 1055 626 pespito
1082 547 1131 588 suo
1163 531 1262 589 fectum
1296 491 1416 589 recolant
1448 534 1581 601 membra,
1620 533 1693 606 quod
1732 532 1761 592 in

25 606 30 702 J
106 627 192 681 quem
206 616 386 688 assumpseris
407 618 443 673 ad
463 626 489 673 tc
507 619 606 689 ipsum,
622 636 702 690 quem
718 617 867 690 repleveris
880 634 908 672 vn
965 635 995 676 sc
1016 619 1083 692 ipsis
1105 620 1295 691 praeetolantur
1318 621 1463 693 aliquando
1495 622 1660 685 faciendum.
1685 622 1760 680 Cun-

107 697 370 770 bonisdomustuae,
382 713 411 761 ιι
423 705 539 762 claritati
548 714 599 764 tuae
614 706 906 764 conformaveriseum.
962 724 1047 780 graus
1069 708 1129 765 finis
1155 709 1263 776 Psalmi,
1294 707 1339 764 ubi
1374 703 1499 780 psallenti
1528 709 1590 767 finis
1626 709 1760 782 promitti-

147 791 174 844 t.
190 791 226 846 Et
240 808 321 860 nunc,
338 792 420 860 lilioli,
445 793 593 853 clamemus
608 796 636 851 in
655 797 764 862 coelum,
782 795 907 852 etmise·
963 803 1006 851 tur
1028 804 1082 852 tam
1106 798 1211 852 beatus.
1245 796 1368 853 iucunde
1406 795 1568 868 completur,
1590 796 1654 854 dam
1673 800 1702 856 in
1726 813 1760 856 eo

107 876 215 934 rebitur
243 880 327 936 nostri
357 883 432 938 Dens
456 891 558 941 noster.
580 885 732 942 Clamemus
749 885 778 940 in
797 883 906 949 coelum,
959 885 1109 954 spondetur
1130 884 1246 957 repletio
1271 893 1326 941 tam
1347 884 1475 954 jucunda.
1491 885 1689 956 magitudine,
1713 888 1757 942 in·

104 965 175 1036 quia
197 967 248 1024 snb
269 970 340 1026 coelo
359 971 450 1026 omnia
469 972 589 1029 laboret
604 973 691 1040 dolor,
707 981 736 1029 et
749 973 862 1040 vanitas,
880 980 907 1028 et
961 973 1028 1043 quit,
1038 974 1149 1030 dierum
1160 974 1269 1046 replebo
1283 989 1360 1040 eum,
1375 979 1402 1031 et
1412 973 1557 1030 ostendum
1571 973 1617 1029 illi
1631 975 1761 1031 solutore

102 1052 219 1112 afflictio
236 1057 358 1128 spiritus.
380 1061 503 1132 Denique
517 1077 631 1132 pravum
655 1069 698 1118 est
718 1077 766 1117 cor
790 1061 907 1117 bominis
961 1079 1064 1119 meum.
1085 1061 1190 1133 sapius
1214 1077 1262 1118 vos
1281 1061 1426 1130 admoneo,
1452 1059 1561 1128 fratres,
1586 1059 1661 1132 qaod
1679 1061 1757 1131 justa

103 1148 134 1196 et
161 1143 394 1215 imperscrutabile
418 1151 529 1220 (jerem.
551 1167 623 1222 nvn,
648 1151 684 1220 9),
704 1150 783 1222 proni
810 1165 907 1206 sensus
960 1149 1035 1206 Pauli
1051 1149 1225 1222 sententiam,
1237 1153 1454 1224 promissionem
1468 1149 1569 1205 habeat
1582 1150 1676 1222 pietus
1690 1151 1757 1208 citra

101 1232 170 1299 ejus
187 1232 216 1288 in
239 1234 349 1291 malum.
374 1239 435 1292 Nun
452 1239 536 1295 estin
551 1256 595 1296 ms
614 1241 726 1305 bonurn,
741 1240 793 1296 boc
816 1244 857 1294 est
876 1239 906 1294 iu
960 1239 1020 1306 ejus
1034 1255 1181 1310 quoeuuue
1195 1243 1247 1308 est,
1263 1241 1373 1310 puriter
1387 1243 1414 1296 et
1428 1237 1574 1310 [uturell
1590 1237 1753 1304 libemus).

98 1335 193 1378 carne
207 1339 279 1380 mea.
293 1324 349 1380 Lex
364 1327 469 1396 peccati
481 1326 510 1382 in
524 1343 558 1382 ea
575 1328 687 1398 habitat,
703 1329 833 1386 adversus
851 1326 907 1398 spi·
961 1325 1037 1382 Unde
1051 1337 1079 1382 ct
1090 1326 1163 1382 idem
1172 1327 1222 1384 ait:
1239 1328 1349 1385 Habetis
1359 1345 1435 1386 tecue
1445 1326 1555 1402 quidem
1569 1329 1700 1398 fructum
1711 1343 1756 1382 ue·

101 1409 191 1464 ritum
205 1412 382 1482 concupiscit.
398 1415 538 1470 Postremo
553 1424 582 1471 ιι
594 1432 642 1472 eor
657 1432 746 1474 meum
760 1415 906 1488 dereliquit
958 1415 1615 1486 strumiusuuctifieotiouerre‚firtemvernoilum
1621 1421 1757 1474 eternum

102 1511 163 1563 me,
179 1505 208 1553 ιι
226 1513 326 1570 corpus
338 1509 474 1556 mortuum
489 1511 530 1558 est
544 1514 656 1575 propter
671 1513 823 1575 peceatum.
840 1503 904 1560 Saf-
958 1501 1048 1573 (Rom.
1065 1517 1101 1558 vt,
1115 1502 1236 1574 sappes
1250 1511 1291 1560 est
1304 1519 1365 1576 quas
1380 1503 1432 1559 lroc
1445 1503 1505 1560 loco
1516 1501 1685 1575 promittitur
1699 1499 1755 1574 ple·

16 1593 17 1656 j
104 1583 275 1642 licitantem
289 1587 343 1642 dici
357 1603 468 1661 quoque
482 1590 585 1646 malitia
604 1607 666 1659 sua;
683 1602 712 1648 et
730 1600 773 1648 cst
788 1593 905 1648 mundus
959 1589 1062 1660 uitudo,
1082 1589 1141 1662 ipsa
1159 1590 1300 1662 longitudo
1317 1591 1433 1648 dierum.
1449 1590 1520 1659 Quid
1538 1591 1611 1648 enim
1628 1600 1682 1648 mm
1696 1589 1756 1646 lon·

16 1679 17 1686 ’
105 1673 168 1743 ipse
182 1673 289 1744 positus
309 1675 337 1730 in
356 1677 483 1750 maligno.
500 1680 586 1746 Quam
602 1695 722 1752 nequam
735 1679 765 1736 in
779 1679 917 1746 omnibus,
958 1694 1033 1750 gum,
1057 1693 1137 1750 quam
1157 1679 1230 1751 quod
1253 1685 1386 1736 aeternum
1400 1681 1461 1734 est?
1484 1679 1549 1752 quid
1565 1686 1618 1735 tam
1633 1675 1756 1750 longum,

105 1762 236 1816 saeculum
250 1767 385 1834 praesensl
403 1781 485 1838 quam
501 1767 627 1841 nequiter
640 1769 771 1826 adversus
785 1767 904 1824 animam
960 1782 1041 1838 quam
1068 1765 1141 1838 quod
1168 1766 1241 1823 nullo
1273 1766 1445 1839 praeciditur?
1473 1767 1574 1823 Bonus·
1598 1765 1669 1836 linis,
1702 1765 1757 1821 vita

104 1849 247 1905 saecularia
271 1851 409 1910 desideria
437 1854 551 1912 militare
586 1861 748 1915 noscuntur!
781 1859 849 1914 Sunt
876 1845 1439 1929 etBaeterna3bonusfiuis,qnif1nem
1455 1870 1509 1911 non
1530 1855 1622 1912 babet.
1640 1853 1758 1910 Etsane

103 1935 246 2010 principes
259 1941 353 1996 mundi
364 1943 453 2011 bajus,
467 1944 642 2002 tenebrarum
662 1947 766 2014 harum,
779 1945 905 2019 spiritua·
958 1943 1035 2013 cujus
1046 1943 1108 1998 finis
1123 1945 1221 2009 banus,
1237 1942 1324 2016 ipsum
1339 1958 1447 2015 quoque
1464 1943 1565 2000 bunum
1580 1949 1630 1998 cst.
1646 1941 1757 2013 Ample-

103 2026 145 2081 les
161 2026 290 2099 nequitiae
304 2045 355 2086 nec
369 2045 458 2087 aereae
473 2041 633 2104 potestates,
648 2041 676 2090 et
690 2034 760 2092 inter
774 2050 821 2090 eas
832 2032 905 2090 calli-
957 2038 1061 2087 utamur
1084 2031 1175 2102 itaque
1197 2027 1435 2096 santificationem,
1461 2031 1589 2103 quoniam
1614 2031 1687 2086 bona
1701 2035 1754 2097 est,

102 2113 167 2169 dior
185 2116 289 2172 cunctis
313 2117 496 2176 animantibus
523 2138 648 2193 serpens.
672 2125 735 2180 llaec
759 2139 825 2195 ergo
853 2123 903 2178 sub
958 2120 1086 2192 quoniam
1102 2119 1162 2176 finis
1176 2120 1236 2189 eius
1256 2118 1308 2176 vita
1324 2119 1380 2176 sine
1396 2119 1460 2175 fane.
1476 2118 1689 2176 Sanctimcniam
1709 2134 1756 2174 se-

104 2201 163 2258 sole
187 2205 293 2261 orinia:
305 2207 362 2263 baec
382 2208 473 2264 omnia
486 2210 538 2265 sub
552 2210 632 2268 coelo.
648 2212 689 2266 lid
711 2211 784 2285 quod
806 2213 902 2268 borum
957 2215 1061 2264 ctemar
1074 2215 1217 2280 etpacem,
1227 2207 1287 2264 sine
1297 2223 1349 2280 qua
1363 2224 1445 2264 nemo
1457 2207 1755 2278 videbitDeum(llebr,

102 2291 229 2348 omnium
248 2295 403 2368 confugium
426 2296 512 2354 facis?
531 2299 559 2355 ln
586 2314 640 2372 quo
661 2301 757 2358 borum
781 2299 903 2355 omnium
957 2298 1281 2369 multttmpituume,
1289 2296 1389 2369 inquit,
1401 2298 1511 2355 dicrtuu
1521 2296 1630 2372 replebo
1640 2301 1755 2362 sumu

104 2395 201 2450 speras
224 2381 312 2440 solatii
336 2384 451 2456 aliquid,
472 2385 571 2458 aliquid
593 2387 684 2445 auxilii
707 2387 849 2444 inveniret
873 2386 902 2442 Si
957 2386 1102 2444 ostendum
1120 2386 1168 2442 illi
1188 2386 1316 2443 salutare
1335 2403 1440 2443 meum.
1462 2386 1571 2442 Dextrae
1585 2384 1635 2440 Dei
1650 2382 1756 2438 estista

105 2483 212 2539 quaeras
228 2469 301 2526 intra
319 2477 354 2535 te,
373 2472 444 2530 aruit
458 2490 506 2532 cor
520 2483 606 2544 tuum,
626 2484 654 2532 et
667 2475 796 2533 oblivioni
810 2476 902 2532 datum
957 2473 1114 2545 promissi03
1130 2489 1228 2529 munus
1243 2479 1285 2529 est
1298 2473 1412 2542 dextras,
1422 2489 1503 2545 quam
1515 2471 1638 2530 sibiolim
1647 2477 1756 2527 sanctas

106 2563 133 2610 te
153 2557 286 2629 reperies,
303 2566 430 2632 tanquam
449 2572 616 2620 mortuuma
635 2565 728 2620 eorde.
743 2562 900 2630 stimate,
957 2561 1059 2636 porrigi
1083 2560 1212 2632 optabat:
1240 2560 1326 2632 operi,
1356 2559 1452 2634 iuquit,
1476 2577 1616 2618 imbuam
1637 2565 1756 2618 tucrum

104 2660 204 2716 corpus
218 2648 292 2719 quod
305 2650 496 2721 corrumpitur,
507 2659 640 2725 aggravat
653 2653 780 2708 animam.
802 2650 831 2708 Si
846 2652 901 2708 cir·
954 2651 1081 2723 porriges
1099 2651 1248 2708 deuterum
1263 2649 1322 2719 (tob
1341 2664 1401 2717 xiv,
1426 2650 1481 2720 lb).
1503 2647 1705 2705 Delectationes
1728 2647 1756 2702 in

103 2748 136 2788 ca
154 2738 190 2798 te,
219 2734 301 2792 etiam
326 2744 435 2794 terrena
454 2739 618 2798 inhabitatio
640 2739 768 2810 deprimit
792 2755 902 2796 sensnm
955 2739 1067 2794 dcxtma
1089 2738 1139 2793 bac
1158 2753 1245 2810 nsque
1262 2738 1290 2790 in
1307 2737 1398 2792 finem,
1413 2737 1489 2793 lianc
1510 2736 1637 2792 nimirum
1657 2746 1684 2791 et
1706 2734 1751 2792 illc

103 2820 187 2876 multa
200 2823 365 2894 cogitantem
383 2826 462 2900 (Sep.
482 2843 523 2892 tx,
546 2829 601 2899 lb).
622 2827 721 2898 Quaere
738 2842 804 2900 ergo
820 2842 902 2898 supra
956 2827 1006 2883 sibi
1024 2825 1127 2900 porrigi
1148 2825 1260 2898 optavit,
1285 2835 1313 2887 et
1331 2825 1446 2882 obtinuit
1468 2824 1619 2892 dexteram,
1643 2825 1677 2880 de
1697 2841 1752 2898 quc

102 2915 141 2972 te,
156 2907 206 2963 sed
220 2917 315 2966 cautus
329 2918 390 2969 esto
408 2921 522 2972 ventosa
535 2915 645 2986 agmina
659 2913 807 2970 transilire.
833 2913 902 2982 Quia
957 2914 1094 2970 Psalmista
1105 2915 1156 2972 ait:
1173 2916 1264 2972 Vitam
1272 2915 1356 2986 petiit
1366 2931 1384 2970 u
1396 2919 1433 2984 te,
1445 2918 1472 2971 et
1483 2914 1609 2972 tribuisti
1628 2916 1655 2972 ei
1664 2915 1751 2986 loupi-

103 2997 175 3052 enim
188 3013 270 3056 omne
284 3002 377 3057 datum
393 3002 535 3074 optimum,
553 3013 582 3061 et
597 3019 679 3060 omne
694 3003 795 3060 donum
808 3001 901 3075 perfe-
957 3005 1084 3061 tudinem
1094 3003 1205 3060 dierum
1219 3003 1251 3059 iu
1266 3003 1416 3069 seculum,
1427 3008 1453 3062 et
1463 3003 1494 3058 iu
1504 3001 1640 3060 saeculum
1654 3003 1754 3060 saculi

101 3095 171 3141 ctum
186 3087 296 3146 nonnisi
315 3089 461 3147 desursum
477 3107 539 3148 esse
553 3099 699 3161 noverunt,
715 3092 834 3148 medium
849 3091 901 3148 iter
954 3091 1041 3162 (Paul.
1057 3090 1154 3162 amb).
1172 3090 1343 3148 Manifestius
1360 3089 1479 3162 denique
1494 3089 1610 3163 Sapiens
1624 3087 1707 3146 dixit:
1720 3091 1754 3146 lu

104 3174 246 3232 latnrnculi
264 3179 408 3236 obsedere.
429 3180 526 3237 Transi
545 3197 624 3253 ergo,
646 3180 730 3236 transi
754 3179 901 3252 pervigiles
954 3178 1752 3252 eaurratttimuiuutneteuuapnueuteruuutemejm

103 3261 161 3318 illas
184 3264 330 3340 nequitias,
356 3283 418 3339 qnae
443 3276 497 3324 um
520 3268 660 3328 indefesse
689 3268 845 3325 custodiunt
873 3277 901 3324 et
956 3269 1159 3342 longiturnitus
1173 3265 1338 3335 uitu(l’rou.
1351 3281 1391 3334 ιιι,
1407 3267 1463 3338 16).
1477 3263 1545 3336 Quis
1559 3271 1601 3322 est
1615 3263 1752 3339 homoqui

104 3351 256 3420 observant,
267 3371 303 3411 nc
315 3355 375 3429 quis
389 3356 417 3412 in
432 3356 505 3413 illam
518 3357 606 3430 possit
619 3358 736 3416 evadere
750 3356 898 3414 civitatem.
953 3359 1009 3414 vult
1023 3357 1115 3426 vitam,
1131 3355 1217 3434 diligit
1225 3355 1285 3412 dies
1297 3354 1389 3414 videre
1409 3356 1514 3412 bunost
1530 3356 1584 3411 llac
1598 3353 1672 3411 enim
1690 3353 1752 3418 vita,

104 3439 171 3496 Sita
202 3444 396 3512 percusserint,
428 3445 451 3502 si
478 3446 693 3518 vulneraverint,
723 3445 829 3502 dimitte
859 3445 899 3500 cis

104 3525 220 3600 pallium,
234 3531 309 3602 quod
323 3531 351 3587 in
366 3533 489 3607 AEgvpto
505 3533 567 3590 olim
584 3534 686 3606 loseph
701 3537 831 3590 adulterae
850 3535 899 3590 de·

104 3616 210 3691 reliquit
228 3618 308 3690 (Gen.
336 3637 439 3690 xvxix,
468 3623 532 3694 lt):
561 3622 666 3678 dimitte
690 3622 845 3688 sindonem,
870 3633 898 3679 ut

104 3722 163 3762 cnm
177 3707 332 3782 evangelico
358 3707 403 3765 illo
423 3709 526 3779 juvenc
545 3711 688 3784 profugias
702 3712 791 3767 nudus
805 3711 839 3766 ab
858 3711 899 3767 eis

104 3793 198 3864 (ldurc,
218 3811 280 3860 nav,
301 3795 357 3870 52).
374 3798 511 3870 Numquid
530 3815 587 3856 non
603 3800 690 3856 solum
708 3799 819 3872 pallium
838 3802 898 3872 ejus

104 3894 131 3938 et
144 3883 284 3940 sindonem
299 3885 414 3942 dederat
429 3888 503 3942 Deus
516 3887 545 3943 in
559 3904 657 3944 munus
671 3887 805 3961 impiilin
819 3890 898 3964 cujus

105 3970 254 4028 facultatem
278 3981 306 4029 et
333 3989 444 4030 carnem
462 3975 531 4030 dans
552 3982 726 4047 potestatem,
752 3978 897 4035 Verumta-

105 4075 168 4116 men
180 4063 317 4128 unimam,
332 4063 380 4132 ait,
397 4064 478 4122 illius
493 4079 573 4121 seruc
592 4064 650 4136 (bob
670 4081 701 4132 rr,
716 4068 754 4134 6).
770 4067 809 4121 lta
829 4080 897 4138 ergo

106 4163 209 4205 sursunt
222 4165 279 4217 eor,
295 4166 404 4208 sursum
418 4151 532 4220 clamor,
546 4170 653 4209 sursum
664 4151 812 4220 desideria,
832 4171 897 4210 sur·

105 4253 161 4290 sum
175 4239 353 4308 conversatio,
368 4255 474 4298 sursum
494 4240 621 4308 mundo,
642 4248 670 4298 et
688 4241 777 4299 omnis
798 4257 896 4312 exspe-

105 4325 183 4382 ctatio
197 4333 240 4382 tua
253 4327 398 4386 desursum
421 4329 469 4390 sit.
487 4329 580 4388 (flama
602 4330 631 4386 in
655 4331 753 4387 coelum
769 4337 799 4386 ut
813 4345 895 4386 exau-

106 4412 192 4482 diaris,
209 4415 299 4490 etqui
319 4417 347 4474 in
361 4417 437 4476 coelis
452 4426 494 4476 est
507 4419 586 4476 Pater
601 4418 688 4474 mittat
703 4418 750 4474 tibi
764 4418 894 4476 auxilium

106 4501 138 4557 de
152 4511 251 4570 sancto,
267 4507 344 4562 etde
359 4507 424 4564 Sion
441 4515 548 4566 tueatur
565 4516 603 4565 te.
622 4509 711 4564 Mittat
724 4507 832 4564 interim
847 4524 894 4564 au·

106 4588 192 4646 xillum
214 4593 396 4662 tribulatione,
417 4597 513 4663 eripiet
536 4614 552 4652 a
576 4595 761 4667 tribulatione,
786 4604 814 4654 et
836 4595 895 4670 glu-

106 4675 188 4735 rilicet
207 4679 234 4735 in
255 4684 461 4741 resurrectione.
482 4689 580 4762 Magna
605 4691 669 4741 sunt
689 4686 758 4751 baec,
780 4687 829 4742 sed
852 4691 891 4752 tu,

108 4781 200 4840 magne
214 4769 336 4838 Domine,
347 4772 502 4844 promisisti.
521 4775 558 4829 Ex
576 4783 620 4830 tua
633 4773 814 4844 promissione
835 4789 901 4844 spe.

108 4869 204 4922 ramus,
226 4856 288 4914 inde
312 4859 443 4916 audemus
464 4861 569 4918 dicere:
593 4861 622 4919 Si
640 4863 723 4918 corde
745 4862 894 4919 clamemus

108 4941 160 5012 pic,
179 4953 250 5003 certe
263 4946 347 5004 debes
364 4965 398 5003 cx
412 4950 545 5020 promisso
559 4951 626 5022 (to).
644 4952 745 5010 limen.

328 5034 550 5095 erasistrato
573 5041 659 5096 XVll.

110 5121 144 5174 lte
155 5117 234 5180 uersu'
244 5124 348 5184 decimo
357 5126 511 5254 septima«
526 5129 710 5200 boapitudiae
724 5129 837 5187 dierum
852 5144 893 5186 re·

357 5214 377 5270 p
405 5196 437 5256 bc
451 5213 525 5264 eum,
542 5218 555 5250 ι
573 5207 626 5255 ιιι.

954 3461 1006 3519 qna
1027 3445 1150 3512 vivimus,
1165 3444 1249 3517 Magis
1264 3459 1338 3500 mors
1360 3451 1417 3516 est3
1439 3459 1491 3500 nec
1509 3442 1667 3514 simpliciter
1684 3442 1751 3510 vita,

953 3536 1002 3592 scd
1024 3534 1079 3592 vita
1101 3533 1231 3592 mortalis.
1255 3532 1367 3590 lforitnr
1390 3533 1481 3598 homo,
1505 3531 1628 3603 dicimus,
1644 3531 1753 3604 quando

953 3624 1033 3680 inerti
1046 3622 1198 3680 certissime
1214 3624 1271 3694 jam
1291 3620 1501 3694 appropinquat.
1520 3619 1591 3690 Quid
1606 3636 1671 3678 vero
1692 3619 1753 3692 agi-

953 3728 1013 3768 mus
1037 3728 1071 3768 ex
1094 3726 1148 3783 quo
1172 3711 1289 3781 primum
1314 3708 1459 3780 incipimus
1482 3708 1584 3776 vivere,
1601 3709 1652 3765 nisi
1671 3713 1751 3768 morti

952 3798 1182 3872 appropinquare,
1204 3807 1231 3854 et
1253 3797 1375 3870 incipere
1397 3797 1484 3853 morit
1498 3797 1552 3854 Sed
1566 3807 1595 3854 et
1609 3798 1668 3855 dies
1681 3816 1750 3872 qua·

951 3887 1100 3958 lescunquc
1113 3886 1175 3943 vitae
1190 3887 1279 3956 buius,
1297 3886 1374 3956 pauci
1394 3892 1422 3942 et
1436 3884 1501 3942 mali
1515 3893 1587 3953 sunt,
1604 3885 1674 3944 sicut
1688 3904 1751 3944 san·

952 3982 1012 4032 ctus
1034 3973 1186 4047 patriarcba
1210 3981 1325 4030 testatur
1343 3975 1424 4044 (Geu,
1445 3989 1532 4044 xuvtt,
1557 3973 1596 4046 9).
1617 3974 1656 4029 lbi
1686 3993 1751 4032 vcrc

951 4063 1058 4132 vivitur,
1074 4063 1119 4120 ubi
1139 4061 1227 4120 vivida
1242 4061 1296 4118 vita
1313 4070 1356 4118 est
1373 4067 1401 4118 ct
1419 4061 1519 4119 utatis:
1541 4061 1579 4116 ibi
1596 4061 1655 4118 dies
1669 4063 1749 4131 beni,

952 4153 998 4208 ubi
1027 4150 1233 4208 interminabilis
1258 4148 1398 4224 longitudo
1427 4149 1543 4206 dierum.
1577 4148 1685 4206 Gratias
1713 4151 1750 4223 ei,

952 4239 997 4310 qui
1013 4246 1067 4296 tam
1089 4255 1144 4296 nun
1159 4239 1240 4294 modo
1264 4236 1379 4304 fortiter,
1395 4237 1444 4293 sed
1463 4245 1491 4293 ιι
1512 4238 1633 4294 suaviter
1656 4238 1749 4312 dispo·

952 4328 991 4384 nit
1009 4327 1145 4386 univerm.
1169 4327 1268 4384 Eorum
1293 4341 1392 4396 nempe
1411 4324 1534 4398 paucitas
1549 4325 1655 4382 dierum
1670 4326 1748 4384 finie-

951 4425 994 4472 tur
1012 4415 1099 4482 brevi,
1114 4431 1230 4490 quorum
1253 4412 1354 4472 suflicit
1377 4413 1474 4487 cuique
1495 4413 1594 4468 malitia
1617 4430 1676 4470 sua.
1698 4415 1748 4474 Ubi

950 4514 1042 4563 autem
1077 4504 1184 4562 dierum
1218 4503 1344 4570 mutus,
1374 4501 1512 4558 aeternitas
1550 4517 1659 4574 quoque
1694 4519 1750 4560 non

950 4593 1048 4652 deerit.

983 4687 1009 4740 2.
1030 4683 1215 4758 lungitudine
1228 4681 1342 4738 dierum
1359 4678 1468 4752 replebo
1483 4694 1559 4737 eum.
1579 4677 1657 4748 Quod
1672 4679 1747 4749 prius

948 4773 1066 4830 dixerat:
1084 4769 1247 4840 Glorivtecbo
1267 4783 1342 4836 sum,
1366 4765 1521 4822 evidentius
1541 4767 1593 4823 troc
1615 4765 1748 4824 versiculo

947 4860 1102 4918 declaravit.
1123 4858 1172 4916 Cui
1194 4867 1285 4916 tamen
1303 4871 1358 4912 non
1374 4855 1512 4912 subiceret
1534 4855 1568 4910 ab
1592 4870 1625 4912 eo
1646 4853 1748 4930 glorifi-

947 4950 1014 5017 cari,
1025 4951 1102 5020 euius
1115 4947 1237 5021 perfecta
1251 4951 1314 5002 sunt
1328 4943 1431 5017 operar
1443 4945 1505 5000 Non
1521 4943 1593 5000 enim
1609 4951 1682 5000 unta
1694 4944 1747 4999 im-

948 5038 1086 5104 mensitas,
1109 5035 1160 5092 nisi
1183 5034 1211 5090 in
1232 5032 1395 5090 immensum
1419 5033 1575 5105 quempiam
1594 5031 1748 5105 glorificare

947 5135 1047 5200 potest.
1056 5126 1173 5182 Necesse
1184 5132 1226 5180 est
1236 5138 1334 5195 magna
1351 5121 1386 5177 sit
1396 5118 1749 5195 glorificatio,amagnilica
1853 5131 1858 5139 ’

939 5215 1034 5288 gloria
1056 5231 1118 5286 quae
1145 5211 1296 5270 descendit,
1324 5213 1391 5270 Voce
1410 5209 1527 5283 delapsa
1550 5227 1568 5267 o
1594 5209 1749 5282 magnifico

145 5277 169 5332 ¹·
196 5279 264 5339 3⁶⁰⁰
289 5284 430 5342 ¹¹⁰bi⁵⁰l¹ffl
453 5285 552 5359 agitur,
586 5285 698 5355 fraite&
730 5286 795 5342 ⁵³¹ss
818 5302 892 5344 ⁰0⁸¹·
946 5304 1050 5378 pluria,
1073 5301 1221 5358 aitPatrus
1239 5300 1279 5373 (ll
1299 5302 1376 5357 Patr.
1398 5315 1419 5368 ι,
1439 5297 1496 5370 tt).
1516 5299 1589 5354 Bene
1605 5295 1750 5370 magnilica

113 5367 175 5434 petit
199 5367 256 5426 huic
289 5373 404 5446 tempori
438 5391 534 5433 versus
567 5375 675 5432 Psalmi.
713 5375 894 5434 celebraturis

113 5454 227 5526 proxime
262 5459 427 5520 Dominicam
455 5463 707 5530 Resurrectionem,
730 5465 786 5534 jam
822 5482 894 5522 nunc

113 5543 204 5614 cuique
229 5555 344 5606 nostrum
368 5565 418 5606 sua
448 5549 615 5622 promittitur
638 5569 643 5608 :
666 5559 695 5608 ut
717 5551 840 5608 festivius
866 5553 894 5610 in

148 5647 235 5720 (attin
248 5650 342 5724 bymuc
357 5655 589 5730 Quadragesirnae.

947 5391 1044 5468 gloria,
1063 5388 1215 5464 glorificans
1235 5395 1288 5444 tam
1306 5384 1461 5462 magnifice,
1477 5384 1705 5461 inlungitudiue‚
1721 5385 1750 5442 in

948 5480 1129 5552 multitudiue,
1152 5478 1181 5535 in
1199 5476 1366 5550 plenitudine
1384 5472 1522 5531 claritatis.
1539 5471 1630 5530 Fallax
1649 5473 1747 5546 gloria,
1770 5477 1774 5480 ’

946 5579 977 5628 ,ιι
989 5585 1059 5628 vana
1078 5574 1120 5626 est
1135 5566 1252 5634 claritas,
1272 5565 1331 5622 dics
1355 5561 1498 5620 bominum
1518 5559 1618 5618 brevis.
1635 5560 1749 5634 Sapiens

950 5657 1085 5732 ejusmodi
1105 5673 1160 5716 noa
1178 5655 1294 5729 optavit,
1315 5653 1401 5726 magis
1417 5651 1544 5726 loquetur
1565 5667 1598 5710 er
1620 5653 1702 5710 corde
1722 5651 1748 5708 ei
