4150 6348
191 407 244 468 tta
691 411 725 474 iil
738 411 840 474 FESTO
860 407 1036 474 chautim
1055 407 1201 470 cursuum
1220 411 1334 472 auimo.
1785 415 1836 476 tot

188 537 216 592 in
245 535 308 594 sinu
323 537 425 608 Patris,
438 537 498 609 ipsa
511 535 592 596 uobis
616 537 645 598 in
671 537 784 624 regione
806 538 856 594 bac
884 537 987 594 umbrae
1004 549 1028 629 q
1044 534 1143 607 iuquit,
1157 551 1329 608 peromnem
1345 535 1466 594 modum.
1490 536 1605 608 Quando
1619 537 1691 598 onim
1706 539 1837 616 Unigeni-

188 622 298 692 mortis,
314 639 395 697 quam
418 624 611 694 inhrbitamus,
631 625 783 682 coelestium
801 623 917 699 gloriam
935 623 990 696 spi·
1044 632 1101 682 tum
1114 623 1269 691 DaiPutris,
1284 624 1334 680 Dei
1346 613 1482 695 uirtutem,
1492 632 1519 682 et
1533 626 1749 700 Deisapientiam
1761 617 1838 689 Chri·

188 711 292 770 rituum
307 728 375 770 sune
397 729 447 785 par
469 710 548 770 iidem
563 723 680 783 enarrat,
695 728 839 784 corporum
854 726 922 770 vero
941 728 990 784 per
1043 724 1126 784 stum,
1141 714 1249 786 quaudo
1279 728 1469 783 praemuserem
1503 717 1643 774 aemularil
1668 718 1781 777 Oblatas
1796 727 1840 777 est

189 799 308 873 speciem
322 802 487 860 manifestat.
503 801 585 872 todi,
602 801 704 876 inquit,
723 803 787 874 filiu
806 805 835 860 al
861 802 934 860 uide.
958 803 990 858 Et
1043 802 1107 875 quia
1125 803 1183 874 ipse
1206 802 1301 868 voluit,
1322 801 1431 874 quaudo
1450 811 1476 858 et
1493 809 1624 874 quantum
1647 807 1732 863 voluit
1746 825 1840 880 pessus

189 889 294 947 lactum
308 890 498 960 antonomum
509 891 710 958 istailrrclirtm
724 892 771 959 ait,
783 909 883 952 ocrem
898 896 988 958 tuom,
1045 899 1098 956 est,
1112 897 1207 964 utpote
1222 906 1301 946 verus
1329 889 1437 962 quidem
1458 891 1548 956 homo,
1573 893 1622 947 sed
1635 908 1714 950 verus
1738 897 1838 955 nihilo-

190 984 220 1036 et
234 980 395 1038 obliviscere
407 981 545 1054 poputum
561 982 930 1054 submurmurante
946 984 992 1038 tut
1044 977 1136 1034 miuus
1159 979 1243 1034 Deus.
1268 980 1404 1034 imovero
1427 994 1460 1033 ne
1485 977 1573 1050 ipsam
1587 981 1760 1051 apostolicam
1776 987 1840 1044 obe-

195 1070 283 1138 (erat.
299 1085 372 1138 xnus,
387 1068 442 1142 tl).
462 1057 523 1125 tuit
537 1085 587 1127 nos
605 1085 707 1142 ponere
720 1071 929 1140 contumaciam,
950 1071 990 1126 di·
1045 1068 1173 1124 dieutiam
1183 1067 1390 1141 alierusvelim;
1407 1084 1474 1140 quos
1488 1067 1615 1124 nimirum
1626 1071 1703 1140 juxta
1717 1077 1838 1146 propho-

190 1171 268 1214 scere
286 1157 479 1229 obedientiam,
500 1160 703 1232 apprehendere
724 1158 905 1232 disciplinam.
931 1161 992 1216 Vult
1045 1157 1124 1215 ticam
1137 1157 1348 1231 promissionem
1361 1157 1447 1214 oculis
1462 1158 1519 1214 suis
1537 1158 1751 1217 vidissocoustat
1766 1180 1838 1234 prae-

190 1246 272 1302 etiam
289 1261 339 1304 nos
367 1247 492 1306 oblivisci
516 1247 676 1320 postedora,
686 1249 825 1320 despicere
853 1249 990 1318 interiora,
1045 1257 1180 1319 cepionem
1200 1262 1291 1316 suum,
1307 1253 1335 1302 et
1349 1246 1461 1302 auribus
1476 1247 1532 1304 suis
1547 1262 1640 1303 vocem
1656 1249 1764 1305 audisse
1779 1267 1839 1308 mo-

190 1340 313 1392 terrenos
328 1351 417 1394 mores
431 1346 459 1394 et
476 1337 541 1394 ritis
568 1338 689 1411 genuina
712 1337 807 1410 lulius,
822 1339 914 1395 stuata
927 1353 991 1411 per·
1047 1334 1221 1403 uentis(lsut.
1237 1350 1309 1402 xxx,
1326 1338 1371 1404 it),
1389 1337 1443 1404 tl).
1466 1335 1544 1392 Unde
1558 1343 1586 1392 et
1605 1353 1674 1392 unus
1686 1352 1779 1395 eorum
1794 1357 1839 1398 ex-

191 1423 274 1497 mina]
295 1425 423 1483 deserere
448 1427 569 1484 oreimtia
596 1443 703 1500 sapere,
728 1443 844 1499 superna
859 1441 989 1500 quaerere,
1046 1421 1165 1492 pressius
1175 1421 1295 1479 scribens
1304 1422 1358 1480 ait:
1375 1423 1449 1492 Quod
1459 1423 1630 1491 audicimus,
1638 1427 1709 1499 quod
1717 1426 1840 1488 vidimus

194 1513 378 1572 anterioribus
392 1516 506 1572 iuhiare.
521 1517 586 1574 Vult
606 1527 633 1572 er
652 1516 727 1574 iilum
740 1524 843 1574 tautum
867 1516 990 1596 durorum
1045 1511 1566 1586 eratanostrae,praeposuerimus.
1579 1517 1607 1570 et
1621 1523 1840 1576 monoroostrce

190 1604 288 1662 domus
302 1619 361 1662 suae
383 1604 528 1678 ingenuam
543 1605 734 1678 concupiscere
758 1612 990 1677 creaturamque)
1046 1599 1290 1656 tractaveramus
1311 1600 1389 1656 Verbo
1404 1603 1471 1657 viloe
1484 1601 1839 1674 (loco.r,t).Quiduireliu-

191 1691 295 1750 ,uiuum
308 1691 334 1748 iu
350 1693 474 1750 eumdum
499 1693 646 1770 umquam
668 1691 874 1752 musfurmuuur
885 1694 919 1749 uu
931 1695 989 1748 012.
1045 1694 1161 1758 quereut
1180 1686 1288 1742 omnia‘l
1298 1686 1391 1761 quidni
1411 1690 1445 1744 ad
1460 1690 1552 1745 omnia
1566 1703 1745 1764 sequeremur
1761 1702 1839 1751 tantae

191 1781 271 1838 rium
284 1781 312 1838 iu
325 1781 486 1848 susurratum,
508 1792 637 1856 uuquam
652 1800 667 1838 u
682 1781 790 1840 numiui
817 1781 918 1854 spiriru
935 1797 989 1846 μω
1045 1773 1218 1848 praeseutiam
1228 1776 1592 1850 majestatisiQuidegonon
1602 1780 1764 1849 iacerem,si
1774 1783 1838 1838 mihi

191 1870 489 1944 pruiuuuuuuuupioeuu
503 1871 586 1928 urium
600 1889 647 1928 m
661 1871 790 1928 duuuruuu
801 1870 883 1941 itlius,
897 1871 991 1943 utique
1006 1828 1028 1910 Β
1046 1867 1141 1922 eadem
1151 1865 1231 1936 copia
1243 1866 1434 1937 praestaretur?
1443 1867 1494 1924 Sed
1517 1885 1571 1924 nou
1590 1870 1655 1928 iecit
1670 1873 1756 1931 taliter
1765 1876 1841 1932 omui

190 1957 364 2030 spirituatem.
385 1960 439 2018 Sed
458 1960 486 2016 iu
504 1976 559 2034 quo
573 1960 648 2019 visua
672 1959 725 2030 ille,
749 1959 866 2033 inquies,
888 1958 933 2016 rel
947 1975 991 2016 tu·
1044 1953 1712 2030 nationi,uoupraeeuutiutique,consequentisi
1725 1961 1835 2032 quidem

190 2046 265 2104 ditus
279 2049 410 2108 inclinare
428 2065 472 2106 me
484 2065 588 2119 aurem,
603 2060 629 2107 et
644 2049 774 2106 obaudire
789 2056 880 2106 mouet
893 2048 908 2104 i
921 2049 990 2104 Nam
1045 2051 1074 2098 ut
1087 2043 1166 2098 multi
1177 2051 1427 2115 regesoptareruut
1436 2042 1573 2116 ridere,et
1583 2047 1783 2118 nonrideruut;
1799 2051 1840 2108 sic

191 2137 434 2208 quoddesiderium
449 2137 545 2209 pariat,
558 2137 730 2195 manifestum
742 2145 794 2194 est.
1043 2130 1218 2189 nihilominus
1238 2139 1370 2188 uenerunt
1383 2131 1439 2201 jam
1449 2131 1517 2200 dies,
1530 2135 1640 2205 quaudo
1656 2135 1840 2196 desideremus

228 2227 254 2281 7.
271 2225 342 2282 Suus
357 2241 425 2300 ergo
437 2227 578 2284 considera
594 2227 744 2284 univocum
758 2227 829 2284 huno
838 2224 990 2282 uoelestium
1043 2219 1134 2276 videre
1142 2217 1214 2274 diem
1224 2218 1561 2289 unumFiliihominis,nec
1573 2232 1662 2278 lamen
1675 2239 1837 2286 mereamur.

181 2314 310 2388 qioriam
322 2331 467 2389 corporum
499 2317 665 2374 incessanter
683 2314 990 2390 legibusobtemperare
1083 2311 1110 2363 9.
1127 2306 1289 2383 Opportune
1311 2309 1444 2382 crucum
1463 2309 1592 2368 blartiuus
1607 2313 1641 2366 ad
1656 2313 1773 2369 medium
1788 2333 1838 2373 ve·

190 2402 299 2474 diuinis,
314 2419 498 2478 necunquam
521 2405 574 2462 ribi
604 2404 704 2475 positas
726 2403 754 2459 in
773 2412 827 2460 taur
855 2401 991 2460 continuis
1044 2397 1110 2468 uiat,
1124 2403 1154 2452 ut
1180 2397 1327 2454 demedio
1351 2395 1397 2453 liat
1425 2397 1531 2454 occasio
1548 2409 1727 2469 peccatorum.
1753 2401 1839 2461 lindie

189 2492 310 2548 motibus
332 2501 418 2550 metas
446 2494 578 2551 excedere
606 2503 769 2566 tompomm,
797 2497 844 2552 aut
869 2491 989 2548 locorum
1044 2485 1117 2543 euim
1130 2484 1177 2542 ille
1192 2483 1337 2554 peromnia
1348 2484 1444 2541 similis
1456 2486 1546 2554 uobis,
1559 2487 1639 2558 plano
1650 2495 1677 2543 et
1689 2491 1838 2560 sensibilis,

189 2581 321 2638 terminos
330 2583 483 2655 transgredi
491 2582 666 2640 constitutos.
678 2583 730 2640 Sed
743 2588 772 2638 et
790 2581 867 2654 ipsos
880 2580 991 2652 spiritus
1047 2586 1075 2632 et
1095 2573 1247 2647 passibilis;
1264 2575 1313 2630 sed
1346 2584 1371 2630 et
1385 2573 1467 2650 louge
1481 2581 1542 2644 post
1556 2575 1602 2630 illa
1617 2577 1838 2646 patriarchalium

190 2675 246 2726 tam
261 2671 393 2728 sublimes
412 2671 475 2728 audi
489 2687 584 2728 omnes
609 2669 856 2728 administratorios
877 2685 948 2740 esse,
963 2680 992 2728 et
1045 2673 1071 2722 et
1080 2664 1301 2737 propheticarum
1312 2669 1434 2735 tempora
1449 2661 1594 2730 visionum,
1610 2673 1636 2720 et
1648 2666 1730 2724 homo
1744 2684 1837 2740 purus,

187 2757 218 2815 in
233 2759 413 2818 ministerium
440 2761 511 2818 mitti
536 2761 784 2834 dignantissimum,
803 2767 833 2818 ut
860 2776 894 2817 ue
921 2759 992 2816 indi·
1044 2753 1110 2808 nihil
1124 2753 1158 2808 dc
1172 2757 1270 2808 natura
1285 2749 1439 2807 diuinitatis
1451 2751 1565 2816 habens,
1583 2755 1697 2811 credens
1711 2757 1839 2814 autemiu

187 2863 275 2919 quum
302 2849 411 2906 dicum:
440 2848 549 2906 unicium
570 2859 669 2918 rumen,
700 2856 778 2920 putu,
807 2848 926 2920 reperies
962 2849 991 2906 iu
1044 2855 1197 2911 eumquem
1211 2854 1266 2896 nou
1283 2837 1370 2908 uidit3
1386 2837 1484 2909 pleuns
1512 2840 1600 2897 lrurtu
1626 2842 1797 2915 obedientie,
1813 2857 1840 2904 ot

189 2935 338 3005 scripturis
352 2937 500 3010 aliqffldn
513 2953 679 3010 quemquam
693 2937 804 2996 illorum
818 2937 863 2994 vel
883 2947 991 2996 conum.
1045 2928 1174 2986 virtulum
1200 2926 1330 2998 loeuples,
1359 2928 1450 2982 solum
1482 2927 1612 2998 deseruit,
1639 2932 1730 3003 polum
1745 2934 1838 3005 subiit,

190 3022 294 3080 dixisse
317 3024 504 3094 mittentium}
532 3041 599 3098 erqo
616 3026 692 3098 ipsos
710 3033 765 3082 tum
790 3025 930 3084 inferiores
950 3042 991 3095 se,
1047 3030 1127 3076 terra
1141 3016 1336 3074 commendans
1350 3020 1423 3088 quod
1442 3017 1587 3074 habebate
1607 3026 1699 3090 terra;
1715 3021 1839 3096 spiritum

190 3118 304 3184 propter
326 3128 398 3185 quus
425 3113 452 3168 iu
474 3114 656 3170 ministerium
689 3113 874 3185 mittebantur,
898 3117 993 3172 saltum
1008 3108 1031 3188 c
1046 3108 1169 3182 dirigens
1183 3106 1217 3162 ad
1246 3106 1351 3161 Patrem
1374 3106 1529 3176 spirituum,
1545 3107 1591 3164 cui
1606 3106 1721 3167 fideliter
1734 3110 1762 3166 in
1777 3112 1842 3169 ado-

187 3200 305 3258 tuuuuur
321 3200 407 3260 fuum
419 3212 598 3274 murmurum,
621 3202 755 3273 Ruumptu
773 3211 836 3258 uuus
863 3203 990 3260 obedien.
1043 3195 1144 3270 ptionis
1161 3193 1258 3266 spiritu
1286 3193 1442 3251 deservivit.
1458 3195 1519 3251 Non
1534 3193 1583 3252 iuit
1597 3197 1712 3256 coeleete
1727 3216 1837 3274 corpus,

188 3289 246 3355 tiae,
271 3288 295 3344 si
321 3290 464 3365 diligenter
492 3291 630 3359 attendas,
647 3306 680 3347 oo
698 3307 765 3348 sana
783 3291 989 3364 acceptabiliora
1043 3286 1091 3342 sed
1107 3300 1157 3342 neo
1169 3282 1279 3356 spiritus
1295 3282 1408 3354 quidem
1422 3282 1538 3340 coelestis
1555 3301 1562 3342 :
1582 3286 1713 3345 rationale
1726 3288 1834 3347 animal.

175 3392 242 3450 ,qno
257 3377 284 3432 in
300 3379 411 3437 materia
426 3379 554 3454 digniori.
570 3379 627 3438 Sed
652 3381 718 3438 uuui
731 3381 796 3452 quid
814 3382 846 3438 uu
861 3380 913 3438 ima
927 3381 988 3438 suu
1042 3375 1125 3430 etiam
1144 3380 1172 3430 et
1185 3369 1475 3446 mortale,terripeua,
1488 3371 1559 3428 filius
1574 3373 1703 3432 hominis.
1720 3378 1749 3433 ln
1766 3385 1838 3434 terra

186 3475 338 3524 murmuret
353 3484 451 3526 sensus
461 3469 591 3540 hoquis,
607 3479 635 3525 et
646 3469 773 3544 cogitatio
784 3485 868 3540 prona
882 3484 989 3544 semper
1043 3471 1120 3519 nattis
1133 3470 1184 3528 esi,
1199 3461 1226 3517 in
1242 3469 1313 3516 terra
1336 3459 1477 3527 educatus,
1494 3459 1522 3515 in
1538 3468 1611 3519 terra
1625 3463 1792 3522 exercitatus
1813 3474 1839 3523 ei

184 3554 220 3610 ad
236 3554 346 3616 maium.
361 3556 433 3625 Qtrid
446 3566 476 3613 tu
489 3557 565 3627 mihi,
587 3557 685 3629 inquit,
709 3557 905 3616 elomentorum
920 3573 988 3630 pro·
1042 3552 1182 3626 probatus,
1207 3550 1235 3605 in
1262 3557 1334 3605 terra
1362 3549 1441 3604 etiam
1457 3561 1671 3608 consummatus.
1686 3554 1744 3610 Nec
1771 3571 1838 3614 vero

184 3643 267 3715 ponis
279 3645 463 3704 obedientiam
477 3662 659 3719 supernorum
669 3647 683 3703 i
693 3645 783 3716 Quasi
791 3662 856 3704 vero
865 3656 912 3704 eut
926 3662 990 3704 sen·
1034 3640 1195 3715 ¹patriarcba
1214 3648 1281 3705 erat,
1296 3646 1344 3695 aut
1371 3654 1443 3693 unus
1465 3654 1499 3694 ex
1523 3640 1672 3712 prophetis,
1689 3643 1837 3716 dequibus

184 3747 236 3790 sus
248 3733 318 3790 ullus
340 3734 369 3792 in
383 3735 435 3806 eis,
450 3743 496 3792 aut
510 3735 567 3792 ulla
582 3735 672 3810 rigeat
686 3734 843 3793 deliberatio
865 3736 988 3805 rationis,
1042 3731 1144 3787 sanein
1156 3727 1304 3802 Evangelio
1315 3729 1484 3786 l'eritosoit:
1502 3731 1572 3798 Quia
1585 3732 1643 3789 berc
1654 3736 1683 3789 et
1689 3733 1837 3808 Propheta

184 3827 213 3879 et
223 3836 279 3880 nou
292 3823 381 3894 potius
394 3825 441 3899 agi
456 3825 528 3898 ipsa,
544 3839 627 3896 quam
648 3840 730 3900 agera
741 3825 894 3881 videantur.
917 3824 989 3896 Quid
1043 3819 1323 3894 osqueudlooooem
1331 3815 1441 3889 (dulib-
1450 3832 1493 3884 ¹1,
1508 3818 1658 3882 ¹3)·Multo
1666 3822 1772 3894 maguis
1783 3838 1838 3880 uon

183 3925 250 3968 uero
264 3911 308 3968 vel
326 3913 449 3984 ipsorum
470 3914 550 3986 angel
558 3929 639 3972 orum
658 3913 838 3970 obedientiam
860 3912 899 3970 sio
917 3929 991 3970 com·
1042 3917 1101 3966 erat
1119 3909 1178 3979 ipse
1191 3905 1329 3973 Christum
1346 3907 1393 3961 sed
1405 3915 1463 3961 erat
1478 3909 1569 3962 tamen
1585 3908 1710 3966 Christus
1724 3909 1753 3966 in
1768 3911 1838 3984 ipso,

184 3999 298 4057 mendas
312 4001 326 4058 d
341 4002 466 4060 Sentiuut
486 4003 597 4076 quidem
623 4003 724 4074 angeli,
748 4003 796 4060 sed
821 4001 991 4066 delectabilia
1043 3997 1115 4054 haud
1129 3994 1208 4052 aliter
1225 3993 1318 4066 utique
1331 4008 1413 4066 quam
1428 4008 1474 4064 per
1489 3990 1580 4050 iidem.

183 4087 245 4146 sola
259 4106 267 4156 ;
283 4090 447 4150 obedientes
467 4091 597 4164 equidem
619 4091 752 4159 Creatori,
778 4091 824 4148 sed
843 4099 899 4148 tam
920 4089 991 4146 lelioi
1080 4087 1124 4143 to.
1153 4083 1297 4142 Enimuero
1324 4083 1403 4152 juxta
1425 4083 1499 4139 huno
1526 4082 1634 4139 modurn
1650 4083 1732 4141 etiam
1757 4088 1839 4146 modo

182 4193 265 4247 qnam
302 4172 550 4238 iacili'roluutate.
573 4178 675 4249 Quidni
699 4178 855 4236 obedianti
877 4178 991 4250 Semper
1043 4177 1185 4252 properet
1200 4171 1315 4231 uerbum
1329 4171 1362 4228 t'rt
1376 4169 1458 4230 corde
1474 4173 1727 4232 mortuorunm
1743 4177 1836 4245 (occe.

182 4267 257 4326 enim
283 4267 377 4326 rident
399 4268 495 4328 inciam
523 4269 619 4338 Patris,
639 4283 721 4341 quem
750 4268 841 4326 ridere
866 4267 986 4340 perlecta
1040 4281 1109 4336 xxx,
1126 4262 1181 4336 tt).
1198 4268 1301 4318 tautum
1334 4259 1358 4316 si
1374 4269 1446 4318 recto
1467 4260 1609 4335 quesieris
1624 4263 1713 4318 eorde.
1734 4264 1838 4338 Nempe

180 4357 333 4430 beatitudo,
348 4365 449 4418 aeterm
463 4359 563 4434 gloria,
578 4374 685 4416 summa
699 4359 825 4431 voluptas
838 4366 889 4415 est.
1004 4391 1026 4470 ss
1043 4353 1176 4430 apostuo
1191 4350 1385 4422 interpretante
1399 4352 1513 4407 verbum
1526 4349 1593 4421 ,idei
1607 4350 1679 4407 istud
1693 4346 1734 4408 ael
1746 4352 1837 4426 (Rom.

222 4449 252 4504 8.
267 4448 371 4505 Produc
385 4448 475 4518 uobis,
490 4447 616 4519 Domine,
632 4446 798 4518 patriarchas
820 4455 848 4502 et
866 4443 988 4520 piopbe-
1043 4445 1115 4518 ι,8),
1133 4443 1168 4498 de
1182 4455 1236 4514 quo
1247 4439 1355 4510 Moyses
1370 4438 1417 4494 ait.
1433 4438 1512 4496 Unde
1526 4449 1551 4494 et
1565 4439 1628 4495 alibi
1639 4439 1710 4498 idem
1726 4451 1836 4514 aposto·

184 4540 239 4605 las,
255 4539 328 4594 uiros
356 4539 517 4596 obedientes
533 4537 677 4609 praeoeptis
694 4537 757 4607 tuis,
774 4535 932 4594 obedientes
956 4554 989 4594 ex
1043 4528 1340 4592 luszlosusclrristur,
1354 4527 1448 4601 inquit,
1461 4528 1663 4600 teriurhodte,
1676 4531 1743 4588 ctio
1753 4537 1837 4590 celer·

183 4624 334 4695 voluntate,
351 4627 512 4684 obedientes
540 4637 635 4684 contra
649 4625 788 4699 proprium
812 4624 986 4682 voluntatem.
1043 4639 1114 4682 num
1138 4620 1234 4695 (Hebe.
1263 4631 1326 4690 xur,
1343 4616 1381 4688 8).
1399 4617 1559 4673 Hesternum
1576 4617 1686 4689 quidam
1709 4620 1743 4674 ab
1762 4619 1837 4678 initio

183 4713 300 4772 Factum
330 4725 381 4775 est.
396 4713 643 4784 inhibeturnouts,
659 4721 689 4773 ut
704 4725 817 4772 caeteros
850 4713 989 4772 brevitatis
1043 4709 1137 4770 saeculi
1151 4723 1237 4779 usque
1251 4707 1286 4762 ud
1309 4704 1496 4762 ascensionem
1511 4703 1698 4775 Dominicam3
1722 4708 1835 4765 hodier-

182 4817 267 4858 causa
280 4813 451 4876 praeteream,
466 4804 625 4875 exhibetur,
656 4806 775 4877 inquam,
790 4801 871 4860 uobis
897 4802 988 4860 Abra·
1043 4819 1109 4859 num
1123 4815 1190 4858 sero
1205 4797 1277 4852 diem
1293 4795 1391 4851 exinde
1406 4793 1543 4866 usquead
1559 4795 1651 4851 saeculi
1665 4812 1836 4855 consumma·

182 4891 298 4950 hamati
325 4905 492 4967 preceptum
518 4895 631 4952 Domini
661 4893 755 4950 exiens
784 4893 819 4952 dc
838 4901 910 4953 terra
927 4908 988 4965 sue,
1043 4892 1257 4959 tionem3porro
1270 4884 1298 4940 in
1309 4893 1440 4940 aeteruum
1454 4881 1576 4954 intellige
1590 4893 1653 4955 post
1666 4899 1835 4944 communem

182 4981 298 5054 ejiciens
310 4984 434 5042 ancillam
449 4992 476 5042 et
489 4985 577 5043 lilium
605 4984 676 5054 ejus,
692 4983 771 5042 etiam
798 4982 989 5040 charissimum
1043 4979 1162 5038 omnium
1178 4975 1414 5036 resurrectionem.
1425 4971 1497 5028 Nulli
1511 4975 1605 5030 horum
1623 4973 1699 5030 deest
1713 4974 1837 5034 Christus

182 5069 271 5129 lilium
297 5073 372 5134 tanc
399 5074 540 5133 immolare
569 5083 690 5144 paratus.
717 5071 788 5141 Quid
807 5073 851 5130 bic
872 5074 989 5129 humana
1043 5069 1110 5128 nulli
1138 5068 1215 5124 deest
1237 5065 1338 5129 lesus3
1369 5060 1436 5116 nulli
1450 5061 1528 5118 deest
1550 5062 1653 5134 unctio,
1670 5064 1833 5122 nullisatus.

181 5161 283 5220 astutia
301 5162 401 5235 poterit
413 5163 557 5220 cavillari?
577 5162 657 5220 Forte
671 5161 847 5236 respoudeat,
861 5161 989 5234 quonism
1041 5153 1207 5216 Patrimchis
1229 5162 1256 5209 et
1283 5148 1422 5222 prophetis
1451 5147 1478 5204 in
1506 5148 1608 5206 risione
1634 5151 1769 5207 exhibitus
1784 5164 1835 5210 est.

180 5251 340 5323 multifarie,
355 5251 504 5325 multisque
518 5253 611 5309 modis
639 5250 817 5324 apparensei
843 5251 924 5318 Deus,
940 5265 988 5308 su·
1043 5245 1175 5318 apostolis
1189 5238 1405 5304 inhumanitate,
1419 5237 1535 5293 blartino
1550 5236 1650 5304 infide,
1663 5238 1768 5310 angelis
1780 5240 1835 5309 jnm

179 5339 350 5414 scipiebatur
375 5343 505 5413 hospitio,
536 5340 712 5414 participabat
734 5339 869 5407 convivio,
883 5341 987 5396 auima-
1042 5337 1070 5392 in
1085 5331 1185 5406 specie.
1199 5327 1287 5398 Quam
1315 5341 1379 5382 saue
1402 5323 1524 5396 stillim
1549 5335 1577 5380 ³¹
1602 5324 1836 5385 ⁰¹²01180ffl111b11⁸

180 5429 230 5486 bat
244 5429 373 5503 alloquio,
388 5432 540 5492 instruebat
554 5429 681 5497 consilio,
691 5430 809 5486 donabat
823 5427 897 5499 tiliis,
921 5429 987 5486 irlu-
1042 5431 1214 5482 ostensurum
1227 5433 1286 5474 sose
1302 5413 1435 5487 promisit,
1452 5428 1506 5468 noo
1521 5412 1627 5484 quidem
1643 5413 1732 5482 hodie,
1746 5417 1792 5472 sed
1808 5419 1836 5474 iu

180 5520 287 5577 atrebat
306 5520 436 5593 victoriis,
455 5519 690 5582 tousuratus
718 5518 883 5576 cumulabat.
912 5517 984 5589 Quid
1042 5521 1186 5573 aeteruum.
1204 5505 1324 5576 Denique
1338 5505 1394 5574 iam
1417 5501 1560 5559 transierat
1585 5502 1653 5570 heri,
1680 5506 1737 5576 jam
1765 5506 1836 5564 istud

179 5609 271 5681 dices,
287 5611 469 5669 cumvenerit
497 5609 619 5670 Chrimm
646 5609 732 5668 iactus
750 5607 882 5666 obediens
911 5607 983 5664 Patri
1039 5613 1162 5661 nostrum
1187 5595 1313 5654 illuxerat
1334 5593 1494 5651 hodiernum
1518 5606 1578 5650 cum
1594 5591 1717 5665 Apostoli
1740 5594 1836 5670 loque·

180 5701 316 5774 usquead
330 5709 455 5774 murteum
468 5709 584 5762 mortem
612 5698 835 5762 eutemmucis‘l
856 5698 981 5770 ttultum,
1037 5700 1138 5752 rentur:
1147 5689 1209 5750 urst
1217 5681 1836 5759 cophoolmurChristrmsecucdamcaroem,
