3996 6350
11 355 18 364 ·
126 343 163 402 as
859 301 1053 404 annuncio·
1736 350 1777 413 2,

126 466 265 538 sapienter
277 464 346 520 illud
356 463 458 520 scribat
472 479 480 516 ι
493 461 582 516 multis
591 459 664 516 enirn
682 461 811 519 sensibus
826 464 939 536 plenum
952 473 1004 522 est.
1019 485 1033 517 s
1050 465 1122 523 Sane
1137 466 1158 522 si
1179 466 1252 523 bene
1268 467 1381 525 istorum
1394 471 1540 530 verborum
1556 485 1665 526 sensum
1680 470 1770 544 capio,

126 553 190 610 inde
205 551 295 626 colligi
308 569 390 625 posse
404 551 520 610 videtur.
545 548 685 606 Nicolaum
699 549 756 607 suis
780 553 882 622 verbis,
897 552 926 609 id
947 560 990 611 est
1002 553 1115 622 latinis,
1135 554 1254 612 dictasse
1264 570 1405 613 sermones
1421 557 1447 612 in
1456 559 1542 617 altero
1551 559 1686 618 volumine
1700 574 1752 616 con

126 649 227 700 tentos:
240 642 316 716 quod
332 636 612 710 volumeuincipiebat
626 638 660 694 ab
671 639 713 695 his
730 640 833 711 verbis,
851 661 864 694 a
879 641 955 699 Solet
968 643 1123 714 Apostolus,
1141 663 1152 694 s
1170 652 1237 710 etc.,·
1251 645 1325 716 quod
1335 644 1478 701 exordium
1488 655 1528 702 est
1543 649 1676 706 sermonis
1689 653 1720 704 ta
1735 649 1770 706 de

126 729 251 788 diversis.
266 730 295 786 ld
310 729 333 786 si
347 731 384 785 ita
398 736 450 793 est,
466 733 609 783 recurrunt
622 737 795 799 argumenta,
811 746 872 803 quae
887 731 1013 803 superius
1026 732 1129 790 diluere
1145 733 1234 790 conati
1244 749 1349 804 sumus,
1360 749 1393 790 eo
1402 741 1565 805 spectantia,
1575 743 1605 791 ut
1617 736 1771 794 Bernardus

127 833 183 875 non
198 819 303 884 Latina,
318 818 367 873 sed
383 815 485 873 Gallica
499 815 592 888 lingua
604 832 748 874 sermones
762 834 828 876 suos
850 820 1077 890 pronuntiaverit,
1102 836 1171 892 quos
1185 829 1281 892 postea
1294 822 1355 892 ejus
1373 820 1496 892 discipuli
1520 821 1665 880 Latinitate
1686 827 1773 883 dona-

126 907 224 964 verint.
237 909 273 964 Et
291 905 401 978 quidem
419 920 519 978 magna
543 913 584 960 εει
605 903 749 977 aliquando
773 907 890 966 varietas
912 907 939 963 in
959 908 1130 966 sermonibus
1144 909 1260 966 maxime
1275 910 1310 966 de
1324 909 1458 966 diversis:
1488 926 1548 983 quas
1562 911 1680 968 van'etas
1707 914 1771 970 iude

26 1039 32 1049 .
128 1003 191 1052 nata
205 1003 287 1063 esset,
302 994 375 1067 qnod
394 993 437 1050 slii
447 993 525 1051 aliter
535 994 584 1050 bos
593 999 772 1051 sermonesin
786 996 912 1052 Latinum
927 997 1063 1070 eloquium
1077 997 1270 1055 converterint.
1295 999 1337 1054 nd
1351 999 1409 1055 hec
1428 997 1586 1068 (laufridus,
1612 1000 1699 1058 sancti
1721 1001 1772 1058 viri

128 1084 257 1150 notarius,
272 1083 431 1156 opusculum
445 1083 480 1138 de
495 1082 629 1154 colloquio
643 1083 762 1140 Simonis
772 1093 799 1140 et
811 1085 889 1151 lesu,
907 1101 970 1148 sex
985 1087 1087 1155 multis,
1103 1106 1114 1138 s
1132 1086 1230 1160 inquit,
1248 1087 1442 1144 «sermonibus
1453 1085 1541 1145 Patris
1554 1088 1639 1144 nostri
1656 1107 1669 1142 s
1693 1103 1772 1146 com-

127 1172 226 1243 posuit.
242 1171 345 1242 Quidni
357 1173 440 1229 etiam
452 1171 496 1228 ulii
506 1171 603 1228 noarii
618 1172 645 1228 id
655 1173 859 1244 prostiterint?
877 1176 912 1228 nt
927 1174 951 1229 si
965 1175 1094 1242 itaesset,
1110 1191 1158 1232 cur
1176 1175 1201 1232 bi
1217 1175 1298 1233 etiam
1322 1191 1464 1234 sermones
1484 1175 1551 1236 istos
1574 1192 1629 1235 uon
1652 1176 1702 1233 sibi
1722 1177 1773 1234 tri·

127 1260 275 1316 buissenti

163 1348 279 1406 XXXV.
296 1349 330 1404 Αι
344 1347 409 1404 nihi
425 1365 482 1404 rem
495 1349 626 1405 attentius
648 1350 844 1418 consideranti,
869 1351 915 1408 illa
927 1351 1030 1408 Nicolai
1050 1351 1243 1410 inscribendo
1262 1361 1290 1410 ει
1312 1352 1441 1410 dictando
1460 1353 1637 1426 perplexitas,
1660 1368 1715 1410 nou
1739 1356 1774 1410 ad

127 1437 256 1494 bernardi
266 1451 408 1494 sermones
423 1436 570 1494 referenda
582 1437 699 1506 videtur,
715 1439 765 1494 sed
780 1441 815 1494 ad
829 1440 967 1511 epistolas,
983 1455 1123 1512 aquarum
1137 1441 1336 1513 scriptitatione
1345 1457 1408 1500 sese
1419 1457 1554 1500 excusare
1561 1443 1615 1500 hoc
1627 1443 1772 1500 verborum

127 1526 240 1582 circuitu
252 1532 366 1582 conatur
379 1525 517 1582 Nicotaus.
536 1525 603 1582 Huic
617 1526 837 1597 interpretationi
847 1527 920 1586 lavet
936 1529 1057 1600 epistolae
1073 1528 1176 1606 titplns,
1194 1529 1229 1586 ad
1244 1550 1256 1582 ι
1271 1529 1406 1586 abbatem
1434 1530 1591 1588 cellensem
1619 1532 1773 1590 sicambra

127 1613 265 1670 scribendi
278 1613 321 1671 vel
336 1612 466 1670 dictandi.
485 1635 497 1664 ι
514 1614 566 1670 Aut
581 1613 670 1684 potius
684 1622 830 1688 utrumque
845 1616 1000 1689 exprimere
1013 1617 1108 1688 voluit,
1122 1617 1264 1675 oblitteras
1277 1619 1428 1686 scribendi,
1437 1626 1465 1676 et
1475 1634 1617 1676 sermones
1633 1637 1666 1676 ex
1679 1619 1773 1677 ecdico

128 1701 247 1759 dictandi
264 1700 383 1758 officium
398 1702 510 1775 cupiens
524 1719 541 1758 a
555 1718 586 1758 se
601 1703 716 1770 amoliri,
727 1711 773 1760 aut
788 1712 864 1762 certe
878 1706 906 1761 in
920 1712 1035 1778 utroque
1049 1721 1161 1779 operam
1177 1721 1253 1762 snarn
1267 1707 1419 1764 venditare.
1436 1707 1560 1781 Denique
1575 1707 1773 1766 Nicolausbrec

129 1790 241 1848 totidem
259 1790 318 1848 lere
327 1789 417 1850 verbis
431 1807 466 1848 ex
478 1790 608 1848 Berncrdi
622 1791 789 1862 epistolatttl,
810 1793 844 1848 ad
859 1793 1000 1870 Ogerium,
1015 1811 1044 1851 n.
1059 1799 1086 1856 l,
1105 1801 1242 1852 mutuatus
1260 1803 1312 1860 est,
1337 1795 1436 1869 quibus
1448 1796 1604 1854 Bernardus
1624 1813 1641 1852 a
1665 1796 1775 1869 scripti·

129 1879 218 1937 laudis
237 1878 335 1936 litteris
359 1895 390 1936 se
408 1888 538 1936 excusat:
562 1895 613 1936 nec
635 1879 663 1936 iu
687 1879 769 1938 aium
788 1896 867 1938 nsum
888 1883 942 1940 boc
964 1883 1023 1939 loco
1046 1883 1173 1942 Nicolaus
1202 1883 1332 1941 adhibere
1356 1884 1512 1942 censendus
1532 1892 1584 1942 ast.
1609 1886 1773 1942 llcudosum

128 1969 229 2026 Nicolsi
243 1975 399 2027 contextum
414 1968 560 2026 restituere
574 1967 636 2025 licet
650 1984 684 2026 ex
707 1968 752 2025 illa
771 1970 903 2027 Bernardi
926 1971 1053 2044 epistola,
1083 1989 1144 2044 quae
1167 1979 1231 2030 aute
1258 1972 1463 2049 annosviginti,
1479 1989 1560 2046 quam
1588 1973 1716 2029 Nicotaus
1739 1974 1775 2029 ad

129 2058 374 2116 ctare-vallenses
388 2057 528 2130 migraret,
542 2074 560 2112 a
573 2058 822 2132 Bemardoscripta
836 2066 889 2116 est.
904 2060 947 2118 Sic
961 2077 1044 2132 porro
1062 2060 1188 2118 Nicolaus
1205 2061 1337 2118 Bernardi
1360 2062 1445 2118 verba
1464 2061 1493 2116 in
1514 2077 1579 2118 usus
1600 2076 1665 2118 suos
1688 2068 1777 2116 trans·
1809 2109 1815 2120 ,

128 2146 201 2205 lerre
233 2147 313 2212 solet,
336 2155 366 2204 ut
405 2146 470 2204 alias
501 2146 713 2205 observavimus.
750 2145 884 2217 Quoniam
918 2165 984 2206 vero
1011 2148 1113 2207 Nicolai
1151 2150 1231 2222 hujus
1250 2149 1347 2207 nofitia
1385 2165 1440 2206 uon
1463 2165 1561 2222 parurn
1588 2149 1714 2206 conducit
1741 2149 1775 2205 ad

128 2235 314 2294 illustrandam
337 2235 468 2294 bernardi
484 2235 644 2305 tintorissi,
665 2235 805 2294 hominem
828 2237 883 2294 suis
905 2237 1040 2296 coloribus
1069 2239 1122 2295 hoc
1144 2237 1204 2296 loco
1218 2238 1368 2312 depingere
1391 2238 1527 2310 quoddam
1549 2253 1641 2311 opera
1658 2237 1775 2311 pretium

128 2324 219 2383 luerit.

522 2586 921 2704 ,rnnvnrronrs
968 2586 1185 2675 nnvsnn
1226 2583 1366 2676 ntus

627 2850 674 2906 DE
702 2849 865 2916 NlGOLAO,
890 2847 1296 2906 S.uuttttnttbttvovnu1o.

167 3287 294 3344 XXXVI.
307 3287 371 3342 Erat
379 3285 506 3342 Nicotaus
525 3285 634 3340 natione
650 3283 780 3351 Francus,
790 3283 825 3340 ab
838 3283 950 3339 ineunte
966 3291 1045 3338 atate
1060 3282 1208 3338 monachus
1223 3283 1253 3336 in
1266 3285 1433 3340 monasterio
1448 3284 1637 3341 arremarensi
1651 3283 1779 3341 dioecesis

131 3377 283 3446 Treceusis,
299 3385 364 3449 quat
378 3390 429 3431 uor
440 3375 475 3429 ab
489 3374 549 3446 ipsa
563 3373 671 3430 civitate
686 3371 780 3429 leucis.
803 3372 850 3428 Vir
868 3370 919 3428 luit
935 3369 1040 3444 ingenii
1054 3369 1151 3438 facilis,
1170 3371 1313 3436 versatilis,
1336 3372 1413 3428 lacile
1427 3371 1456 3426 iu
1475 3371 1590 3427 alionum
1606 3371 1722 3428 allectus
1739 3373 1781 3428 iu·

130 3467 229 3532 llueus,
249 3465 345 3521 litteris
359 3478 409 3536 pro
420 3470 542 3534 ternpore
562 3462 685 3534 apprime
695 3461 827 3528 excultus,
843 3460 903 3516 aliis
918 3458 1077 3516 erudiendis
1092 3458 1163 3529 apud
1185 3475 1249 3515 snos
1263 3461 1473 3517 arremarenses
1491 3459 1657 3532 praelectus3
1681 3462 1780 3518 charus

131 3555 196 3626 viris
210 3569 243 3610 ea
256 3560 335 3610 aetate
348 3549 503 3623 precipuis,
523 3549 616 3606 Attoni
629 3549 761 3606 Treceusi
775 3550 915 3621 episcopo,
945 3549 1026 3604 Petro
1055 3547 1209 3606 Venerabili
1233 3546 1324 3603 abbati
1354 3547 1538 3615 cluniacensi,
1556 3549 1636 3606 Petro
1651 3549 1779 3614 Celleusi,

132 3640 249 3700 ilenrico
262 3639 388 3697 Ludovici
403 3637 521 3694 iunioris
535 3637 621 3708 fratri,
648 3637 773 3710 aliisque.
1074 3693 1081 3714 ‚

168 3729 308 3786 XXXVll.
324 3729 350 3782 ls
362 3725 575 3783 Beruardiiama
587 3732 615 3782 ει
627 3724 738 3796 ingenio
767 3739 822 3782 nou
842 3724 932 3781 miuus
954 3740 1035 3798 quarn
1049 3715 1190 3782 sanctitate
1214 3733 1321 3797 captus,
1345 3723 1568 3783 Claram-Vallem
1592 3725 1658 3792 adit,
1681 3741 1780 3783 mona·

131 3823 243 3878 chorum
259 3815 419 3890 religionem
433 3813 542 3886 probat,
558 3813 701 3874 seniorum¹
714 3812 832 3870 allectus
846 3813 946 3885 pulsat,
962 3829 992 3869 sc
1006 3812 1149 3869 admittant
1160 3813 1189 3869 iu
1203 3813 1324 3885 ipsorum
1338 3821 1448 3882 coetum,
1472 3813 1584 3872 laxioris
1596 3815 1658 3888 vitae
1682 3824 1782 3886 pertae-

128 3925 202 3975 sum,
214 3905 337 3963 arctioris
347 3919 480 3977 perquam
494 3901 631 3976 cupidum.
647 3903 716 3960 Rern
730 3901 788 3958 lere
807 3916 861 3958 uuo
884 3917 1032 3972 congressu
1048 3899 1147 3958 evincit
1161 3909 1188 3956 ει
1212 3901 1328 3958 obtinet.
1344 3901 1482 3960 Reversus
1496 3903 1530 3958 ad
1554 3918 1618 3960 suos
1642 3903 1781 3976 negotium

132 4003 232 4072 urget:
253 3993 374 4067 priorem
389 4005 419 4048 ει
438 3991 562 4049 seniores
583 3989 784 4056 Clara-Vallis,
810 3989 952 4046 bernardo
974 3989 1103 4056 absente,
1120 3988 1216 4045 litteris
1236 3990 1374 4062 convenit,
1395 4007 1455 4062 quae
1476 3999 1517 4048 est
1544 3993 1605 4063 ejus
1623 3991 1735 4062 epistola
1752 3994 1780 4046 7.

134 4108 145 4136 ι
162 4082 285 4141 Dominis
299 4088 328 4139 et
346 4080 469 4137 Patribus
485 4079 644 4136 reverendis
662 4077 748 4151 priori
761 4079 808 4147 ll.,
823 4097 836 4130 s
855 4077 882 4134 id
897 4071 1109 4145 estundere«
1126 4076 1275 4134 etcousilio
1289 4093 1362 4134 suo»
1378 4078 1521 4150 inscripta.
1536 4079 1566 4134 lu
1582 4095 1616 4136 ea
1630 4095 1660 4136 se
1676 4078 1704 4135 in
1718 4094 1779 4136 om·

132 4190 183 4231 nes
192 4174 293 4230 lormas
302 4177 330 4228 ει
338 4169 453 4227 allectus
468 4175 568 4227 versat.
583 4166 849 4227 Clarae-Vallensium
868 4166 1031 4240 religionem
1045 4165 1175 4234 dilaudat,
1195 4181 1275 4224 suum
1288 4182 1336 4224 eos
1351 4166 1500 4236 revisendi,
1517 4168 1611 4242 eisque
1634 4183 1697 4226 sese
1717 4184 1783 4226 con·

131 4261 264 4338 jungendi
273 4258 393 4318 studium
400 4259 527 4315 insinuat.
550 4257 692 4314 «Omnem
716 4256 791 4326 mibi,
811 4279 825 4308 a
838 4255 937 4328 iuquit,
951 4255 1102 4313 «fiduciam
1114 4255 1237 4328 suggerit
1255 4263 1284 4313 et
1297 4255 1436 4312 humilitas
1451 4263 1554 4322 vestra,
1580 4264 1609 4314 et
1634 4257 1783 4314 necessitas

136 4357 242 4419 nostra;
260 4356 287 4406 et
300 4345 494 4416 illndtertium,
508 4347 537 4403 in
552 4361 606 4419 quo
621 4346 686 4403 milri
700 4361 777 4418 spem
792 4344 917 4412 dedistis,
930 4352 1030 4402 uostrae
1046 4343 1197 4416 pusillitatis
1211 4343 1358 4416 susceptio.
1377 4364 1389 4396 s
1407 4343 1541 4416 Tempus,
1566 4359 1619 4418 quc
1646 4361 1707 4402 earn
1722 4346 1782 4418 epi·

135 4439 230 4496 stolam
245 4437 390 4504 scribebat,
406 4435 558 4510 paulopost
571 4435 699 4510 designat
713 4435 756 4492 his
769 4435 861 4493 verbis
877 4452 884 4490 ε
902 4452 915 4490 c
931 4433 1019 4506 Quale
1034 4433 1099 4489 milii
1122 4432 1251 4505 gaudium
1273 4432 1335 4499 erit,
1355 4431 1400 4505 qui
1418 4432 1447 4489 in
1470 4432 1591 4488 tenebris
1615 4433 1710 4504 sedeo,
1736 4435 1782 4506 qui

135 4528 227 4586 lumen
241 4527 313 4594 cmii,
327 4526 421 4584 lumen
434 4525 620 4581 Clara-Vallis
631 4540 686 4581 uon
700 4523 795 4582 videol
812 4523 835 4581 0
849 4523 940 4579 lumen
954 4522 1128 4578 descendens
1143 4521 1251 4578 aPatre
1264 4521 1396 4579 luminum
1408 4519 1415 4577 l
1432 4521 1479 4578 nbi
1496 4521 1588 4578 lucent
1602 4521 1742 4577 luminaria
1755 4521 1783 4576 in

137 4617 307 4674 firmamento
320 4614 392 4684 coeli,
409 4616 482 4671 unde
495 4623 663 4686 assumptum
678 4621 729 4679 est,
741 4611 866 4679 videlicet
878 4611 1019 4682 Eugenius
1032 4625 1113 4684 papa,
1132 4602 1265 4667 luntinare
1279 4611 1369 4682 majus
1393 4610 1466 4683 quod
1482 4609 1616 4666 illuminet
1640 4616 1751 4666 terram.
1767 4629 1782 4662 s

134 4708 230 4777 ltaque
245 4704 274 4760 id
288 4703 388 4762 lactum
400 4703 525 4778 Eugenio
552 4701 690 4774 pontifice,
711 4710 738 4759 et
766 4701 875 4774 quidem
891 4715 964 4756 anuo
991 4700 1051 4770 eius
1079 4697 1250 4770 pacificatus
1267 4697 1355 4769 primo
1372 4717 1380 4756 ι
1402 4715 1464 4754 curn
1481 4698 1620 4754 dualeuus
1635 4713 1669 4753 ex
1690 4696 1782 4768 priore

136 4793 365 4853 Clarae-vallensi
378 4793 407 4848 iu
420 4792 544 4866 regimen
562 4792 678 4850 Romani
696 4792 730 4847 ad
744 4790 960 4862 Aquas-Salvias
977 4787 1145 4853 monasterii,
1170 4786 1213 4843 cui
1236 4786 1378 4860 Eugenins
1396 4793 1462 4844 aute
1485 4785 1674 4860 pontificatum
1699 4787 1785 4842 abbas

137 4883 300 4956 prefuerat,
313 4881 411 4938 eodem
425 4898 497 4938 anno
507 4881 639 4939 suffectus
653 4881 698 4952 sit,
710 4879 820 4936 Nicolao
836 4881 893 4950 jam
905 4879 933 4933 in
950 4875 1178 4932 Claram-Vallem
1193 4874 1324 4944 admisso,
1341 4881 1371 4931 ut
1394 4875 1455 4946 ejus
1478 4873 1595 4946 epistola
1618 4877 1652 4931 i3
1677 4876 1785 4948 probat.

134 4973 295 5044 Quanquam
305 4971 364 5026 baec
380 4971 474 5038 verba,
491 4964 642 5028 «videlicet
655 4969 795 5041 Eugenius
813 4983 918 5040 papas
936 4982 952 5022 e
971 4965 1094 5038 margine
1108 4965 1137 5020 iu
1149 4971 1253 5022 textum
1261 4962 1388 5022 videntur
1398 4962 1553 5037 irrepsisse.

169 5061 323 5118 XXXlllll.
335 5058 437 5115 Praeter
449 5059 618 5130 superiorem
634 5060 669 5115 ad
684 5059 802 5130 priorem
816 5061 846 5114 ει
854 5055 978 5112 seniores
992 5052 1239 5110 Clarae-Vallenses
1263 5051 1414 5124 epistolam,
1436 5052 1513 5110 binas
1527 5050 1644 5109 subinde
1665 5050 1786 5107 addidit:

136 5167 218 5208 unam
232 5149 268 5206 ad
284 5148 398 5204 iratreur
412 5147 597 5205 Gaucberium
611 5147 878 5214 Clarae-Vallensem,
893 5143 972 5214 cujus
985 5141 1013 5198 iu
1027 5157 1150 5199 amorem
1165 5146 1327 5214 irrepserat;
1348 5140 1427 5198 aliern
1442 5140 1478 5198 ad
1492 5139 1679 5199 Fromuudum
1698 5139 1792 5212 bospi-

108 5279 110 5285 .
139 5239 221 5295 tulern
235 5236 433 5308 eiusdemloci,
448 5236 476 5293 id
491 5243 536 5292 est
544 5236 676 5308 epistolas
687 5239 722 5294 tt
741 5225 829 5293 et'tti.
845 5235 877 5289 ln
891 5231 974 5303 priori
989 5239 1051 5288 vota
1059 5245 1109 5288 sua
1117 5230 1203 5287 insius
1217 5239 1245 5286 et
1258 5231 1399 5287 ardentius
1413 5229 1540 5302 explicat,
1557 5229 1650 5299 aitque
1665 5234 1739 5283 uoto
1756 5243 1789 5286 sc

138 5326 263 5399 concepti
276 5325 407 5399 propositi
417 5324 556 5382 desiderio
570 5324 668 5390 teneri,
684 5334 713 5381 nt
734 5347 745 5376 r
762 5323 835 5380 diern
850 5336 900 5392 pro
914 5335 986 5376 auno
1001 5341 1013 5370 a
1030 5327 1168 5390 computet
1182 5319 1234 5374 sibi
1250 5337 1257 5372 ι
1273 5335 1303 5375 εε
1317 5318 1352 5375 ad
1370 5318 1517 5376 terminum
1542 5314 1720 5390 praestitutum
1733 5329 1789 5372 non

139 5415 272 5481 defuisse,
289 5415 338 5472 sed
352 5430 368 5470 a
381 5413 439 5471 suis
454 5413 698 5471 Arremarensibus
711 5414 796 5469 multa
815 5426 934 5483 passum,
955 5424 1009 5480 qun
1030 5407 1248 5481 importunitate,
1263 5423 1316 5479 qua
1334 5406 1484 5475 blanditiis,
1507 5421 1562 5478 qua
1582 5403 1673 5471 minis,
1694 5403 1739 5461 vix
1758 5410 1788 5460 ut

142 5505 250 5562 tandein
264 5519 294 5562 se
310 5519 343 5561 ex
353 5518 447 5561 eorum
463 5509 537 5561 coetu
550 5501 737 5576 proripuerit:
752 5509 781 5556 at
794 5488 905 5558 tandem
919 5499 955 5554 de
967 5496 1092 5553 manibus
1112 5511 1208 5553 corum
1224 5495 1362 5568 elapsum,
1381 5518 1391 5546 a
1413 5495 1473 5551 sine
1496 5494 1605 5567 pannis,
1624 5493 1683 5549 siue
1705 5507 1786 5548 uum-

141 5593 201 5662 nin,
216 5592 274 5649 sins
288 5591 405 5661 iamrdis,
420 5593 480 5651 sine
494 5593 584 5666 equis,
593 5590 638 5648 vix
653 5590 725 5664 apud
738 5587 931 5664 aripatorium,
947 5607 961 5642 s
978 5585 1051 5660 quod
1071 5583 1291 5662 Cisterqisnsium
1306 5583 1460 5644 coenobium
1484 5592 1526 5642 est
1544 5585 1572 5642 iu
1586 5597 1655 5656 agro
1678 5581 1791 5642 Tricas-
