4116 6348
199 407 266 498 aas,
689 408 717 466 S.
738 407 907 498 BRRNARDi
923 409 1061 500 deifl'iS
1079 409 1393 480 modulationes
1790 416 1849 476 bib

199 533 251 593 sihi
266 533 451 599 habitaculum
465 531 517 588 aas
531 541 557 590 et
574 533 704 604 operibus
717 536 894 607 praepararet
908 536 994 595 Nimi·
1050 537 1215 608 septentiam
1230 553 1312 597 carne
1329 521 1425 594 ¹tectum
1441 545 1560 608 pareret,
1575 551 1653 610 quant
1668 537 1744 610 prius
1757 549 1849 600 mente

201 640 260 680 rum
284 622 416 680 ternartm
437 636 567 676 numerus
590 621 625 678 ad
639 621 720 680 tidem
744 632 852 696 propter
874 632 993 683 sanctam
1049 643 1118 698 pura
1135 631 1309 698 conceperat.
1331 625 1387 684 Nos
1409 640 1518 700 quoqne
1539 626 1562 681 si
1585 625 1707 698 ejusdem
1729 627 1846 702 Sapien-

199 707 380 783 Tritonem
395 711 582 780 quaternarius
598 707 713 782 pertinet
726 711 760 766 ad
776 727 863 772 mores
885 723 996 784 propter
1050 715 1094 772 tiae
1109 715 1166 772 lieri
1181 715 1279 775 domus
1293 714 1429 782 nolumus,
1445 729 1556 770 necesse
1576 722 1618 772 est
1639 721 1670 772 ut
1683 715 1785 775 eisdem
1800 734 1847 776 se-

198 808 313 872 quatuor
334 797 497 872 principales
518 799 642 874 uirtutes.
656 799 735 872 Quod
758 807 849 858 autern
874 801 900 856 in
916 802 997 859 beata
1050 813 1121 876 ptem
1135 803 1268 862 columnis
1283 811 1465 870 exstruamur,
1481 801 1509 858 id
1526 811 1568 858 est
1581 809 1610 859 nt
1623 803 1676 862 fide
1690 807 1848 866 eruentus

199 889 285 946 llario
308 897 400 948 sancte
421 889 537 946 Trinitas
561 889 640 945 tuerit
662 889 753 964 (luent
775 891 838 948 dico
857 907 904 962 per
926 909 995 964 pree·
1049 893 1074 948 ci
1089 907 1284 964 preparemur.
1309 893 1344 950 Et
1358 892 1386 948 in
1409 889 1530 948 moribus
1557 890 1667 964 quidem
1681 893 1768 954 solam
1782 904 1848 970 puto

199 977 317 1050 seutiam
332 978 503 1051 majestatis),
520 977 569 1034 nbi
583 979 658 1036 sotus
674 980 758 1037 Filius
771 988 829 1036 eret
842 996 892 1053 per
906 997 996 1038 susce·
1049 979 1174 1040 sufficere
1185 981 1330 1052 iustitiam,
1345 980 1449 1038 ceteris
1466 989 1556 1038 temen
1568 981 1714 1040 uirtutibus
1728 983 1850 1044 circum·

200 1067 523 1141 ptionemliumaaitatis,
539 1076 652 1128 tesutur
672 1069 784 1126 nuntius
806 1072 934 1138 coelestis,
949 1071 996 1146 qui
1049 1070 1156 1128 tultam.
1171 1072 1262 1144 ltaque
1288 1086 1322 1128 ne
1350 1085 1442 1126 errore
1462 1067 1569 1128 fallatur
1591 1069 1762 1144 ignorantis,
1777 1075 1810 1130 sit
1824 1077 1849 1130 ei

199 1158 225 1216 ei
241 1171 342 1222 meana
356 1158 483 1230 mysteria
496 1172 629 1228 reserans,
640 1159 679 1214 eit
693 1175 701 1216 :
715 1161 780 1226 Ace,
791 1163 885 1234 pretio
897 1161 995 1234 pleno,
1048 1161 1147 1230 praevia
1162 1159 1321 1231 prudentio:
1338 1157 1392 1214 sint
1406 1159 1469 1216 hinc
1490 1157 1553 1216 indo
1578 1161 1756 1230 temperantia
1769 1173 1851 1236 etque

201 1245 337 1318 Dumium
350 1249 564 1318 tecum-etpost
574 1261 659 1318 pauca
670 1264 676 1301 :
689 1247 938 1320 sptnmsscnrtus
949 1265 995 1306 su·
1049 1247 1189 1316 tortitudo,
1203 1264 1238 1304 ne
1253 1247 1322 1304 lorte
1346 1245 1460 1316 labatur,
1475 1244 1519 1304 vel
1542 1246 1568 1302 in
1591 1247 1740 1318 dexteram,
1760 1250 1804 1310 ret
1822 1254 1849 1308 in

202 1336 348 1406 perveniet
357 1335 392 1406 tp
406 1338 444 1402 tc,
456 1339 485 1389 et
498 1336 590 1392 virtus
604 1334 742 1394 Atratini
755 1335 928 1396 obumbrabit
942 1338 997 1394 tibi
1050 1335 1186 1392 sinistram
1203 1346 1305 1408 partem
1321 1333 1492 1393 declinando.

203 1424 281 1487 ituro.
297 1438 317 1490 ι,
328 1425 374 1498 28,
384 1424 442 1496 ott).
454 1422 524 1480 Ecce
542 1423 797 1500 ltebes'llominum
808 1425 892 1484 hebes
910 1427 995 1484 rutu-

201 1521 256 1568 tem
270 1511 410 1592 ultissimi,
428 1513 511 1572 habes
524 1510 657 1584 Spiritum
679 1521 820 1580 sanctum
837 1514 920 1572 trebes
941 1516 995 1571 Pa·
1299 1483 1417 1542 Sfflo
1431 1483 1488 1541 ΗΠ
1503 1485 1601 1559 (1οη

202 1607 318 1680 tremet
330 1599 474 1676 Filiumet
485 1599 616 1672 Spiritum
630 1608 766 1663 sanctum
782 1603 877 1678 Neque
892 1602 996 1664 1186
1247 1571 1284 1632 ⁰⁶
1302 1573 1465 1630 ”mmm
1489 1573 1655 1632 summ·

201 1691 285 1766 enim
296 1693 487 1766 potestesse,
502 1699 548 1765 aut
572 1692 651 1748 Peter
675 1692 732 1751 sine
755 1691 842 1760 Filio,
868 1703 915 1750 aut
937 1696 996 1750 sine
1087 1693 1112 1762 ι.
1129 1692 1164 1746 ut
1178 1689 1502 1764 nocentnruomenejua
1512 1689 1701 1766 admirabilis,
1717 1695 1850 1752 consiliu

203 1781 277 1849 Patre
293 1757 389 1852 Filius,
398 1775 451 1854 put
463 1777 520 1856 sisae
534 1789 649 1854 utroque
668 1763 818 1852 procedens
833 1781 867 1836 alt
882 1789 997 1854 utroque
1013 1745 1034 1822 Β
1051 1773 1402 1850 rius,lleus‚sortu,potcr
1411 1779 1508 1850 [nturi
1517 1779 1851 1854 soecutt,priocepepncis

202 1865 320 1942 spiritns
334 1875 455 1942 sauctus,
471 1868 532 1941 ipso
548 1869 617 1926 Filio
635 1869 741 1930 dicente
757 1887 764 1927 :
781 1872 834 1948 Ego
853 1869 884 1926 im
899 1873 996 1942 Putre,
1051 1864 1115 1936 (lca,
1133 1865 1423 1940 inenumerabiles
1447 1865 1531 1924 estin
1548 1866 1694 1950 'nauvitate
1714 1871 1851 1928 mutilis·

202 1959 331 2031 elicito.
345 1957 379 2021 in,
389 1961 504 2036 mecstq
520 1957 683 2016 etiterum:
699 1961 786 2018 Pater
798 1963 895 2020 nutem
905 1960 938 2016 in
950 1976 996 2018 me
1051 1953 1111 2011 ritca
1126 1953 1154 2010 in
1171 1951 1374 2026 praediotttione,
1389 1955 1464 2012 Deus
1487 1955 1515 2011 tn
1536 1955 1706 2030 operatione,
1722 1959 1809 2030 sortia
1822 1959 1852 2015 in

202 2061 333 2120 munaus,
349 2048 407 2122 ι’,ιιι
428 2049 503 2120 fucit
516 2063 601 2120 opero
615 2047 708 2119 (loon.
724 2063 786 2118 arv,
799 2047 854 2120 tt).
870 2046 995 2109 llanites·
1051 2043 1188 2115 passione,
1201 2048 1286 2117 poter
1294 2047 1391 2118 sutum
1405 2044 1504 2102 saecmt'
1513 2043 1540 2100 in
1551 2048 1761 2120 resurrectione,
1771 2051 1853 2120 prin·

201 2144 262 2203 tuqt
274 2142 317 2214 est
333 2135 426 2201 ,inisse
448 2136 476 2192 in
490 2136 574 2196 corde
589 2135 707 2210 Virginis
721 2135 804 2192 ddrm
821 2145 921 2194 saumae
935 2137 996 2192 Tri·
1052 2149 1115 2206 cepa
1128 2127 1207 2204 pacis
1223 2131 1852 2204 inperpetuabestitndine.Henetumnontna

203 2223 310 2291 trituris,
1053 2217 1199 2291 possuntei
1211 2235 1331 2292 congrue
1345 2220 1478 2290 assignari
1494 2219 1615 2291 inopere
1629 2232 1729 2280 uostrae
1746 2223 1850 2280 sunus.

238 2316 266 2372 l.
284 2313 377 2379 Utrum
402 2319 492 2386 autem
516 2322 542 2368 et
557 2321 674 2384 quatuor
696 2296 861 2388 principales
885 2313 999 2370 uirtutes
1052 2307 1123 2362 Nam
1138 2303 1225 2380 primo
1240 2305 1339 2364 dicitnr
1352 2307 1530 2366 admirabilis
1553 2307 1582 2364 in
1607 2311 1786 2368 conversione
1799 2327 1851 2370 no·

204 2409 333 2473 tanquam
355 2409 472 2475 quatuor
487 2399 810 2474 coluumtspossederit,
825 2401 999 2475 inquisitione
1053 2405 1116 2453 strae
1144 2395 1299 2468 uoluntatis,
1326 2412 1387 2468 quae
1414 2396 1527 2454 montio
1554 2407 1597 2456 est
1623 2397 1708 2456 solius
1734 2399 1852 2456 deatum

202 2491 317 2564 dignum
332 2489 446 2554 videtur.
463 2490 585 2548 Primum
599 2504 664 2566 ergo
678 2489 820 2549 uideamus
834 2505 868 2547 an
890 2485 998 2549 fortitu·
1053 2481 1169 2542 Excelsi.
1186 2483 1359 2543 Postmodum
1383 2483 1480 2544 dicitur
1502 2488 1686 2546 consiliarius
1705 2487 1732 2543 in
1746 2487 1854 2545 revela-

206 2579 297 2648 dittotn
320 2578 455 2639 hebuerit.
469 2577 535 2650 ona
549 2579 676 2636 nimirum
694 2578 781 2636 tutus
802 2577 939 2650 quomodo
962 2579 1001 2634 illi
1055 2571 1127 2629 tione
1140 2587 1196 2629 suae
1211 2572 1671 2648 voluntatis,quandoreuelatquid
1686 2575 1853 2648 sequendum
1876 2649 1881 2652 -

205 2669 300 2735 mesas
321 2667 430 2742 potuit,
449 2682 512 2742 quae
538 2667 653 2740 abjectis
675 2666 849 2727 saeculmibus
873 2667 999 2740 pompis,
1054 2663 1089 2719 sit
1100 2663 1156 2733 jem
1173 2662 1323 2720 conversis.
1338 2662 1416 2722 Unde
1436 2663 1533 2720 Paulus
1557 2679 1709 2722 convorsus
1725 2665 1853 2722 dicebat·

205 2759 357 2830 spretisque
365 2755 548 2829 voluptatibus
562 2754 662 2822 corum,
673 2756 724 2814 soli
738 2758 796 2814 Deo
805 2755 834 2812 in
847 2753 1001 2831 uirginitate
1054 2751 1182 2839 Domine,
1198 2751 1267 2826 quid
1280 2768 1325 2811 me
1340 2755 1381 2812 uis
1396 2751 1512 2826 socero?
1527 2752 1602 2824 (rtet.
1618 2768 1656 2820 ιι,
1671 2751 1710 2824 o.)
1722 2751 1852 2830 Conversi

204 2847 294 2903 rivere
318 2844 483 2918 proposuit?
499 2845 557 2902 Nisi
582 2843 673 2917 tallor,
689 2847 748 2902 haec
772 2845 854 2920 Virgo
877 2853 919 2903 est
940 2862 1000 2918 qnae
1054 2846 1146 2896 auum
1161 2855 1271 2898 necesse
1286 2850 1328 2899 est
1338 2847 1553 2914 compungantur
1573 2855 1624 2912 pro
1637 2839 1787 2914 praeteritis
1800 2843 1851 2900 de-

204 2934 276 3006 sputl
288 2933 462 2999 salomonen
476 2933 591 3006 legitur:
607 2933 942 3010 socinianorumque
956 2935 1001 2992 in
1055 2926 1133 3000 lictis,
1148 2929 1176 2984 in
1202 2945 1318 3002 quorum
1345 2927 1505 2988 remissione
1531 2929 1633 2986 dicitur
1661 2933 1745 2998 Deua,
1772 2933 1852 3003 cnjus

204 3019 320 3094 veniet?
327 3021 436 3093 AErocul
450 3023 478 3078 ct
499 3019 533 3092 dc
547 3021 660 3078 ultimis
680 3019 784 3092 finitio
797 3023 924 3096 pretium
938 3025 999 3094 ejus
1054 3025 1159 3074 tentum
1173 3028 1226 3090 est,
1240 3029 1350 3090 peccata
1364 3020 1512 3076 remittere.
1528 3017 1599 3076 llinc
1613 3028 1656 3075 est
1670 3021 1741 3092 quod
1757 3021 1851 3080 Salta-

204 3113 297 3181 (Prou.
313 3125 396 3175 xm,
413 3110 468 3180 lo).
484 3108 551 3180 Qtae
565 3109 633 3167 odeo
648 3107 725 3165 tortis
740 3107 801 3174 luit,
815 3118 844 3164 ut
858 3109 930 3166 itlius
943 3125 997 3166 ser·
1055 3115 1111 3162 tore
1124 3116 1219 3164 nostro
1233 3107 1261 3164 in
1277 3118 1346 3165 terra
1360 3108 1511 3166 remittente
1524 3117 1645 3180 peccata,
1660 3109 1745 3167 ludaei
1758 3110 1855 3168 dicunt

204 3197 298 3268 pontis
309 3205 391 3268 ceput
404 3204 565 3268 contereret,
581 3195 624 3252 rui
643 3211 659 3254 a
677 3193 794 3250 ltominn
817 3195 915 3252 dictum
935 3210 996 3252 est:
1054 3211 1116 3252 cum
1132 3195 1320 3270 blasphemare
1334 3197 1446 3272 (tatto.
1466 3214 1492 3252 rr
1508 3198 1548 3270 3),
1573 3198 1650 3271 quasi
1672 3199 1718 3272 qui
1730 3215 1853 3258 manme-

204 3287 485 3358 lnc'micitt'erpooom
495 3285 574 3341 inter
585 3287 613 3342 te
627 3283 826 3354 etmulierem,
838 3287 866 3340 et
875 3284 1002 3344 interte-
1055 3293 1095 3340 ret
1109 3283 1160 3344 silti
1173 3287 1247 3362 quod
1264 3295 1322 3346 erat
1336 3285 1421 3348 solius
1434 3287 1495 3347 Dei.
1510 3286 1614 3358 Quarto
1630 3288 1727 3348 dieitur
1746 3292 1853 3362 [ortu.-

201 3391 268 3435 men
280 3381 398 3436 tuomet
410 3391 506 3434 acmen
515 3375 605 3434 illius:
617 3374 681 3448 ipso
690 3377 816 3432 conteret
825 3377 1002 3448 coputtuum
1051 3373 1129 3444 juxta
1144 3376 1306 3436 serendam
1318 3377 1392 3436 enirn
1407 3377 1706 3450 apostotneoessernt
1717 3385 1746 3434 ut
1754 3395 1854 3438 omues

201 3465 284 3537 (deo.
293 3481 335 3535 nr,
347 3465 402 3537 ts).
412 3465 497 3523 Porro
506 3463 579 3536 quod
591 3476 752 3534 temperans,
760 3463 879 3534 prudens
889 3471 915 3519 et
926 3464 1000 3533 iusta
1054 3457 1103 3536 qui
1111 3467 1158 3538 pt'e
1171 3466 1270 3526 colunt
1279 3469 1371 3526 uiuere
1381 3471 1413 3528 ιιι
1424 3466 1534 3526 Christo
1541 3467 1618 3536 lesu,
1626 3472 1853 3542 persecutionum

203 3553 292 3624 tuerit,
308 3571 341 3610 rs
359 3552 450 3625 angeli
462 3550 654 3618 collocutione,
670 3557 698 3608 et
717 3565 767 3606 sue
785 3550 869 3622 ipsius
884 3566 1000 3622 respon·
1054 3553 1255 3630 potiantur(ll
1269 3557 1337 3612 lim.
1353 3571 1395 3626 tn,
1411 3557 1467 3627 ta).

202 3642 278 3707 noae
302 3641 362 3700 luce
385 3641 485 3699 clarius
508 3641 728 3714 comprobamus.
751 3639 870 3696 Salutate
899 3641 999 3718 quippe
1054 3639 1162 3700 1181
1183 3647 1211 3702 2.
1235 3643 1288 3700 Sed
1311 3644 1371 3718 quis
1390 3645 1546 3716 sustineret,
1574 3646 1627 3704 nisi
1648 3645 1695 3702 ille
1713 3645 1851 3720 inruet?

202 3739 256 3798 tam
269 3729 461 3788 uenerabiliter
478 3729 513 3784 alt
526 3729 624 3805 angelo
637 3731 722 3798 adue,
737 3729 832 3810 grotta
843 3729 938 3802 pleno,
948 3731 999 3786 on
1053 3729 1129 3786 Unde
1148 3731 1254 3792 David:
1269 3733 1331 3790 nort
1345 3735 1411 3806 quio
1425 3735 1563 3790 Dmntnus
1577 3735 1688 3806 adjuvat
1696 3751 1753 3805 rte,
1767 3735 1853 3808 poulo

201 3819 297 3881 mnus
313 3822 415 3882 tecanr,
427 3829 482 3872 non
498 3830 527 3874 se
540 3813 644 3888 ontulit,
655 3813 732 3887 quasi
746 3829 807 3888 quae
821 3831 854 3870 ea
869 3814 998 3890 singulari
1052 3821 1148 3876 murts
1163 3819 1315 3878 babitasset
1325 3821 1358 3878 t'n
1368 3822 1482 3894 inferno
1491 3823 1593 3882 animo
1604 3838 1667 3882 mec
1677 3823 1853 3896 (Ptoltucnt,

201 3905 297 3980 gretie
312 3903 690 3980 priqilegp'obonedicoretnr,
705 3903 753 3962 sed
769 3902 998 3982 siluitqetqnslis
1052 3905 1109 3982 tt).
1137 3907 1203 3966 Cum
1228 3923 1295 3984 ergo
1317 3925 1369 3967 nos
1389 3911 1417 3966 in
1444 3909 1619 3970 tribulatione
1637 3910 1766 3986 protegit,
1788 3925 1851 3970 cum

201 4001 276 4064 esset
291 3991 401 4053 insolita
415 3993 474 4066 boc
487 3991 623 4058 sdutauo,
638 4008 729 4049 secum
745 3991 882 4066 cogitauit.
898 3991 997 4063 Quain
1050 3994 1126 4068 ipses
1152 3998 1240 4056 aerias
1268 4007 1417 4068 potestates
1443 4008 1554 4058 arcela
1576 4000 1660 4058 nobis
1680 4016 1713 4058 ac
1736 3998 1850 4072 repellit,

200 4083 377 4157 requenter
392 4090 550 4156 temperans
564 4079 635 4138 tuttt
648 4084 685 4140 tt
696 4096 773 4148 tero,
789 4097 851 4139 cum
865 4081 899 4138 de
916 4082 997 4162 coele·
1052 4084 1117 4158 quid
1132 4078 1205 4143 aliud
1218 4085 1247 4142 in
1260 4087 1313 4144 hoc
1325 4104 1408 4162 opere
1420 4088 1474 4148 dici
1485 4097 1587 4164 potest,
1597 4090 1743 4162 nisisortt's
1754 4088 1853 4145 torto

200 4175 289 4236 stibus
300 4171 436 4245 mysteriis
449 4171 591 4244 abeodem
605 4170 703 4246 angelo
717 4173 870 4240 doceretur,
880 4171 997 4244 diligen·
1049 4173 1152 4232 dictum
1167 4184 1225 4234 est:
1238 4163 1470 4251 onntnnc'rortn
1484 4184 1513 4236 et
1523 4185 1638 4252 potens,
1653 4179 1791 4238 Dmninue
1802 4193 1851 4250 po·

201 4271 241 4323 ter
263 4261 390 4335 quesivit
411 4260 549 4334 quomodo
573 4259 728 4332 conciperet
745 4275 776 4316 ac
799 4268 916 4336 pareret,
937 4275 998 4332 que
1052 4266 1114 4320 tens
1128 4263 1161 4320 in
1173 4264 1274 4338 prelio
1288 4264 1376 4339 (Paul.
1392 4283 1471 4338 xxnt,
1483 4269 1522 4340 8).
1532 4267 1566 4323 ttt
1580 4267 1708 4342 quonism
1720 4266 1851 4342 ipsocon

199 4345 396 4418 ruumuuqtto
410 4361 465 4418 pon
479 4356 675 4418 cognosceret:
691 4357 718 4400 et
733 4345 761 4402 tn
776 4347 827 4402 too
841 4340 997 4404 smedubio
1050 4351 1150 4416 versio.
1172 4353 1276 4412 etrite
1299 4365 1394 4414 nostra
1417 4356 1446 4412 in
1468 4355 1576 4416 christo
1600 4357 1705 4434 egeam
1731 4365 1850 4426 esuum

200 4439 321 4509 prudens
350 4436 461 4496 omitit.
487 4436 602 4492 Justitiae
626 4443 717 4492 entem
742 4433 851 4510 prefert
873 4434 995 4508 insigne,
1051 4439 1148 4498 intuitu
1163 4442 1354 4516 temporalium
1370 4460 1470 4514 rerum,
1496 4443 1546 4506 scd
1558 4461 1609 4520 spe
1631 4444 1786 4504 futurorum
1798 4445 1849 4502 bo-

199 4527 248 4584 niti
269 4543 300 4586 ec
325 4525 451 4594 weillom
474 4525 582 4584 Doofioi
595 4523 738 4600 confitetur
759 4524 837 4598 (icc.
853 4541 873 4594 ι,
889 4526 996 4598 28-38).
1011 4513 1034 4590 ὓ
1051 4529 1536 4608 ιιοιιιιιι,ἰάοο(ιιιίηιοιοωροιιίιιιι,
1546 4533 1850 4608 potcrsuturitoecuti.

198 4615 356 4688 Namquqd
373 4616 511 4686 justornm
526 4615 562 4672 ait
575 4613 719 4686 consessio,
735 4621 852 4673 testatur
864 4617 912 4687 qui
930 4614 968 4672 ait
988 4631 994 4670 :
1050 4617 1129 4674 Peter
1143 4617 1247 4676 scilicet
1261 4619 1289 4676 in
1304 4621 1511 4695 regeneratione
1524 4637 1671 4694 corporum
1685 4631 1847 4680 nostrorum.

204 4701 704 4779 Veramtqaptojtuticonfitcbuntnr
719 4704 831 4762 nomint·
845 4707 905 4770 tuo,
914 4707 941 4762 ct
951 4703 998 4760 lto·
1050 4703 1118 4774 Quia
1132 4721 1197 4764 vero
1206 4724 1303 4768 omncs
1312 4709 1423 4782 quedem
1432 4727 1619 4786 resurgemus,
1628 4712 1677 4771 ted
1686 4726 1849 4770 mnemon

199 4792 329 4865 mebant
342 4797 415 4864 recti
429 4812 496 4866 cum
509 4795 596 4856 uultu
608 4799 656 4854 tuo
666 4795 752 4868 (Paul.
764 4809 884 4860 cxnxrr,
899 4791 998 4865 tt).1tt
1050 4795 1268 4854 immutabimur
1282 4798 1306 4870 q'l
1315 4799 1378 4858 Cor.
1391 4815 1438 4868 xv,
1457 4799 1515 4872 bi),
1535 4807 1565 4858 ut
1583 4800 1850 4859 discernatimmute·

199 4883 349 4953 eliminatis
361 4883 459 4940 dicitur
471 4887 522 4942 adt
536 4883 637 4942 dicetis
651 4885 685 4940 in
697 4884 891 4954 consessione:
908 4882 997 4956 Opere
1052 4881 1153 4940 tionem
1165 4884 1304 4956 justorum
1319 4886 1354 4943 ab
1367 4884 1525 4962 iniquorum
1540 4889 1752 4958 resurrectione,
1770 4887 1850 4962 poni·

200 4973 315 5042 limini
328 4971 922 5043 umorembomcotdctttccli.xrtxrx,ut).
1022 5045 1023 5050 ἵ
1051 4979 1095 5029 tur
1110 4982 1185 5030 sexto
1204 4974 1274 5044 loco,
1298 4976 1432 5050 princeps
1454 4980 1543 5052 pacis.
1566 4975 1625 5052 Qua
1647 4979 1771 5046 obtentu,
1796 4985 1851 5034 tota

215 5119 218 5126 ,
236 5063 263 5120 t.
275 5060 337 5134 ipit
349 5059 432 5134 igiosr
445 5061 610 5134 betnnrgo
623 5059 829 5118 immolorusin
844 5059 994 5134 proposito,
1050 5061 1184 5134 perfectio
1198 5063 1337 5136 impletur,
1362 5079 1414 5124 nec
1433 5067 1491 5137 jam
1513 5067 1584 5124 ultra
1608 5067 1680 5124 aliud
1700 5065 1847 5142 quidquam

199 5161 352 5220 temperans
370 5149 397 5218 iq
425 5149 555 5219 silentio,
571 5150 689 5222 prudens
716 5150 744 5206 in
770 5147 992 5226 interrogatione,
1047 5151 1228 5222 appetendum
1253 5151 1424 5224 relinquitur.
1453 5155 1516 5226 lpsa
1544 5156 1692 5224 catenias,
1721 5156 1751 5214 in
1771 5155 1848 5224 caque

199 5241 318 5311 juslaip
345 5239 526 5298 confessione.
554 5237 603 5300 llis
629 5241 718 5313 itaquo
744 5247 861 5312 quatuor
889 5254 992 5296 morutn
1048 5240 1227 5298 exsultatione
1253 5241 1372 5298 concinit
1397 5242 1559 5312 psamista,
1586 5245 1679 5302 dicens
1705 5262 1713 5299 a
1742 5244 1846 5300 hudo.

198 5331 345 5398 emunah,
359 5339 388 5388 et
411 5329 500 5391 tribus
520 5328 582 5390 fidei
603 5327 738 5402 praedictis
761 5327 891 5386 exstruxit
913 5328 940 5384 in
961 5343 995 5384 ea
1048 5328 1486 5402 ierusalcm‚llorninum;lcudo
1494 5332 1849 5408 connumeremur-

198 5419 376 5481 stottona:
399 5420 536 5494 sopinum
557 5418 691 5490 coelestim
708 5433 769 5490 quae
787 5417 856 5476 adeo
877 5427 993 5500 mentem
1047 5417 1848 5494 niomconfortooitstresportorumtucrum,bcnediait

197 5509 257 5580 eiua
271 5510 397 5582 repleuit,
410 5519 440 5568 ut
462 5509 497 5568 do
509 5507 677 5581 plenitudine
692 5507 791 5564 mentm
804 5506 993 5564 fecundaretur
1047 5505 1115 5576 filiis
1130 5510 1188 5566 tuis
1200 5509 1233 5566 in
1248 5512 1286 5580 tc,
1302 5511 1354 5582 qui
1367 5511 1462 5586 posuit
1476 5511 1547 5582 fines
1563 5513 1626 5569 tuos
1647 5527 1745 5585 pacem
1759 5510 1845 5584 (Ptol.

197 5605 226 5656 et
251 5611 336 5669 cero,
355 5613 387 5656 to
407 5599 486 5673 uirgo
509 5597 640 5676 singulari
659 5595 746 5671 grstia
764 5595 887 5654 eamdem
901 5598 991 5670 ipsam
1046 5609 1152 5662 crocu,
1169 5597 1274 5671 loti).
1291 5597 1394 5654 llorum
1409 5613 1456 5654 sex
1469 5597 1611 5657 nominum
1624 5598 1845 5673 consequentiam

233 5685 421 5761 (lubntius,
437 5688 471 5743 lo
486 5702 519 5744 ex
538 5680 641 5742 Partis.
793 5755 799 5768 ὑ
1045 5688 1073 5738 ct
1095 5685 1222 5742 virtutem
1246 5685 1469 5770 tracturaeque
1491 5687 1629 5764 eleganter
1642 5685 1849 5768 compresserit
