4086 6344
280 451 333 511 823
742 450 782 538 S.
799 449 967 513 satutem
986 447 1122 514 testula
1135 451 1446 545 (iistAE-VALLSNSIS
1522 475 1528 488 ·
1874 456 1926 515 set

279 592 309 632 se
323 573 452 631 nimirum
471 575 545 648 tangi
560 585 641 648 caput
655 576 721 633 illud
730 578 903 654 tremendum
919 577 1075 652 priucipati-
1091 593 1115 673 g
1131 579 1264 655 liquorem
1277 563 1410 647 sanctum,
1420 593 1475 653 quo
1489 577 1594 636 imbuta
1608 577 1809 649 pleninserant,
1820 584 1928 654 mando

279 663 396 720 burnan
410 662 485 720 ducit
500 663 652 738 indignum,
668 665 722 721 imo
732 672 759 721 ct
773 664 885 726 honoris
909 666 1014 738 insigne
1026 669 1073 738 jn·
1129 669 1312 741 loquebantur
1323 667 1407 728 variis
1421 667 1522 740 linguis
1543 664 1680 740 magnalia
1693 667 1755 738 liei,
1771 676 1850 742 prout
1864 669 1926 741 Spi-

280 750 362 818 dicat,
378 752 491 810 dicens:
515 755 693 825 Sacrificium
708 754 1004 826 madabaacrificabit
1018 773 1073 814 mc.
1130 753 1196 810 ritus
1210 760 1318 812 sanctum
1331 753 1414 809 dabat
1434 751 1523 822 eloqui
1537 751 1591 807 illis
1615 750 1686 822 (Aci.
1699 768 1730 823 n,
1744 754 1789 821 tt,
1806 753 1846 826 ll.
1871 755 1929 812 Nec

290 837 294 846 '
318 845 345 897 9.
360 842 544 913 Quamobrem
560 860 614 900 non
643 851 684 900 est
703 844 831 915 pauperis
853 851 880 900 et
902 843 1002 916 inopia,
1027 862 1075 903 sen
1129 842 1242 899 dubium
1267 842 1332 913 quin
1355 838 1443 897 atilli
1464 839 1632 897 abundarent
1654 839 1751 896 iisdem
1770 842 1927 914 ungnentis,

283 929 471 1002 pusillicordis
483 931 590 1002 animae,
601 935 735 990 coarcere
745 931 895 990 istiusmodi
909 934 1074 1005 unctionem,
1130 931 1230 1005 quibus
1251 930 1398 1002 Apostolus
1419 927 1603 986 testimonium
1622 929 1789 999 perhibebat,
1805 929 1900 988 dicens
1919 947 1927 984 :

283 1034 381 1092 nempe
410 1021 487 1090 cujus
513 1027 633 1076 aromata
664 1028 693 1078 et
718 1021 822 1092 species
846 1021 903 1077 sola
917 1022 1077 1080 confidentia
1133 1021 1304 1092 Gratiasapo
1316 1009 1443 1077 beo'mec
1454 1033 1564 1091 semper
1577 1017 1712 1090 procebis
1723 1019 1858 1089 iapratia
1870 1019 1927 1084 lici,

283 1110 418 1184 possidat,
444 1127 504 1183 quae
519 1119 608 1168 umen
623 1113 657 1168 dc
675 1113 796 1170 libertate
817 1114 928 1187 spiritus
948 1124 974 1174 et
990 1119 1078 1176 cordis
1131 1125 1193 1184 Μ
1206 1108 1272 1166 <¹⁴¹²ss
1282 1098 1406 1166 θδῑυθῦἷδ
1417 1109 1448 1192 ia
1461 1107 1569 1164 Cdn'iw
1580 1108 1737 1179 lemtim
1750 1109 1782 1163 ia
1797 1109 1930 1166 miili

283 1201 399 1270 puritate
413 1199 570 1257 descendat.
589 1200 655 1273 Quae
681 1202 754 1258 enim
783 1204 960 1274 pusillanimis
979 1215 1020 1263 est
1052 1215 1080 1264 et
1132 1198 1312 1269 dicitcasacti
1325 1200 1392 1256 catis
1407 1197 1438 1252 ia
1451 1196 1513 1260 illo,
1524 1197 1556 1252 ia
1567 1197 1647 1253 amru·
1660 1195 1740 1253 verbo
1754 1200 1783 1252 et
1804 1199 1837 1254 ia
1849 1198 1932 1254 amni

286 1287 399 1344 modicae
429 1285 492 1344 fidei
527 1305 614 1356 meus,
630 1289 668 1346 rei
697 1307 754 1347 suae
781 1290 921 1348 familiaris
952 1294 1079 1350 tenuitate
1131 1288 1345 1354 scientiaeaut
1355 1285 1549 1342 testimouium
1561 1284 1880 1356 Cdtt'ilisstmfimflfflm
1890 1291 1931 1342 0⁸²

285 1375 486 1446 constringitur,
502 1392 553 1433 nec
566 1378 638 1434 valet
654 1392 711 1450 prae
725 1378 817 1450 inopia
832 1381 910 1436 otiari
925 1381 958 1436 ad
980 1396 1079 1440 vacan—
1133 1375 1256 1445 iacebis,
1268 1376 1312 1431 ita
1322 1373 1601 1432 ataibilccbisdesit
1614 1373 1858 1447 iacllaprctia(l
1867 1375 1929 1433 Car.

285 1465 351 1522 dum
365 1465 463 1521 divinis
479 1463 589 1523 1291
603 1466 740 1538 laudibus,
757 1483 805 1524 seu
830 1467 881 1535 bis,
911 1485 971 1543 qum
986 1470 1080 1526 landes
1133 1479 1153 1530 t,
1170 1464 1241 1534 l·'l).
1256 1463 1361 1520 Utinam
1385 1469 1413 1518 et
1436 1462 1575 1534 pronubis
1598 1478 1650 1536 ego
1674 1466 1722 1519 bas
1736 1465 1810 1536 ipses
1828 1463 1931 1537 gratias

286 1553 403 1625 pariunt,
431 1551 566 1610 intuendis
589 1553 737 1612 beneficiis.
765 1555 799 1612 Et
824 1555 847 1610 si
873 1557 982 1629 quando
1007 1566 1080 1614 certe
1134 1550 1233 1610 referre
1246 1552 1360 1623 possim,
1376 1561 1405 1608 ut
1419 1551 1524 1608 videam
1548 1565 1597 1608 ros
1612 1551 1708 1610 diuites
1732 1545 1929 1624 invirtutibus,

286 1648 399 1698 conatur
412 1641 566 1716 assurgere,
582 1643 723 1700 confestim
737 1643 944 1702 domesticarum
959 1646 1082 1702 necessi·
1134 1640 1236 1696 alacres
1260 1639 1288 1695 in
1326 1639 1451 1696 laudibus
1473 1637 1534 1711 Dei,
1553 1639 1685 1711 spirituali
1700 1641 1750 1698 hac
1765 1641 1932 1716 pinguedine
2027 1712 2028 1720 ἵ

287 1737 373 1785 utum
386 1730 458 1788 curis
470 1731 631 1804 urgentibus
646 1737 786 1789 revocatur
808 1733 843 1788 ad
870 1750 929 1800 sua,
944 1743 972 1790 ct
998 1734 1027 1791 in
1049 1750 1080 1792 se
1134 1727 1314 1785 abundantius
1334 1727 1517 1786 redundtnles
1544 1727 1572 1784 in
1592 1728 1697 1786 Christo
1723 1729 1789 1788 lesu
1810 1729 1931 1787 Domino

288 1818 430 1890 comprimi
440 1820 865 1895 propriaegeatatecompellitur.
875 1821 956 1893 Quod
966 1823 988 1879 si
999 1824 1081 1893 hujus
1138 1824 1240 1873 nostro·
1591 1845 1594 1851 ·

288 1905 403 1963 miserie
416 1906 546 1979 quaeritur
558 1923 574 1964 a
587 1924 631 1964 me
648 1924 738 1978 causa,
764 1909 849 1966 dicam
879 1909 952 1982 qnod
975 1911 1027 1985 ipsi
1054 1871 1120 1966 inn
1445 1904 1560 1963 saeuo
1587 1905 1634 1962 Xl.

288 1995 377 2063 robis,
392 1995 444 2052 nisi
459 1995 548 2067 tattor,
566 2005 611 2054 aut
625 2014 694 2066 esse,
710 2006 756 2055 aut
767 1999 850 2055 laima
867 2000 1078 2075 recognoscetis.
1136 1993 1295 2068 Dedacbas,
1308 1993 1358 2051 ltcc
1372 1997 1415 2051 cst
1425 1994 1661 2068 tractemundo,
1670 1995 1886 2068 pertinentibus
1896 1997 1933 2052 ad

288 2084 400 2140 Duabus
414 2084 448 2140 de
470 2086 560 2140 causis
573 2084 678 2142 ridetur
706 2087 771 2142 mihi
799 2086 987 2161 hujuscemodi
1002 2087 1084 2143 animi
1311 2099 1379 2157 opas
1395 2083 1528 2140 bumana
1543 2084 1754 2158 redemptionis.

289 2173 423 2248 egritudo
436 2171 722 2231 atdiilidentiasolere
737 2174 906 2248 contingere,
922 2183 967 2232 aut
982 2177 1014 2232 de
1028 2191 1083 2232 no·
1175 2175 1200 2227 l.
1220 2171 1280 2228 Diri
1304 2171 1330 2226 iu
1353 2171 1407 2229 linc
1427 2171 1570 2241 sermonis,
1592 2187 1643 2230 nes
1664 2189 1707 2230 me
1728 2173 1828 2230 iterare
1849 2172 1936 2248 piget,

290 2261 372 2317 ritate
391 2259 517 2318 videlicet
530 2261 725 2330 conversionis,
741 2270 788 2319 aut
799 2273 870 2320 certa
884 2263 919 2320 de
935 2278 1082 2323 conversa·
1137 2259 1209 2332 quod
1223 2259 1330 2330 cupiam
1345 2275 1393 2318 ros
1413 2275 1510 2317 omncs
1523 2258 1582 2317 fieri
1602 2276 1686 2318 sacrm
1699 2261 1836 2318 unctionis
1850 2262 1936 2333 parti-

290 2349 373 2406 tionis
389 2357 492 2422 tapcra,
504 2351 608 2408 etiamsi
619 2351 646 2406 in
657 2351 836 2408 conversione
850 2352 962 2424 longum
978 2361 1084 2425 tempus
1138 2348 1221 2420 cipes,
1236 2346 1308 2404 illius
1322 2348 1454 2417 videlicet,
1470 2348 1497 2405 in
1511 2364 1566 2421 qua
1578 2349 1628 2406 Dei
1643 2349 1773 2407 beneficia
1787 2365 1850 2408 cum
1865 2350 1934 2406 lati·

289 2437 423 2494 habucrit.
435 2439 582 2512 Utrumque
590 2439 712 2511 proiecto
724 2439 848 2496 humiliat
862 2449 889 2498 et
909 2441 1004 2512 dejicit
1018 2457 1084 2499 con·
1139 2437 1176 2494 tia
1189 2445 1216 2494 et
1227 2437 1374 2510 gratiarnm
1388 2438 1495 2495 actione
1518 2439 1612 2495 recolit
1634 2447 1731 2496 sancta
1744 2439 1861 2498 devotio.
1877 2439 1937 2496 lice

290 2527 442 2600 scientiam,
457 2537 486 2586 et
495 2527 642 2603 inquietam
657 2528 729 2601 lacit,
745 2529 808 2584 dnm
825 2533 882 2588 sire
897 2546 948 2602 pro
964 2539 1085 2601 tempore
1138 2525 1208 2582 enim
1222 2524 1324 2581 bonum
1339 2533 1390 2595 est,
1406 2534 1462 2581 tum
1486 2533 1596 2598 propter
1609 2527 1768 2584 relevandos
1784 2529 1848 2584 vite
1860 2543 1937 2599 pre-

290 2616 348 2672 sire
360 2630 408 2686 pro
423 2622 519 2687 tepore
537 2615 663 2689 antiquas
676 2617 760 2672 animi
773 2619 915 2689 passiones
928 2619 1044 2676 nemum
1058 2619 1085 2675 in
1139 2615 1225 2671 sentis
1238 2613 1356 2682 labores,
1372 2614 1418 2685 qui
1442 2615 1534 2686 utique
1555 2615 1750 2672 tolerabiliores
1773 2615 1850 2673 nobis
1868 2615 1937 2673 fiunt

291 2720 321 2760 se
336 2713 473 2760 emortuas
487 2705 568 2761 scutit
584 2721 591 2763 ε
608 2713 753 2763 abnecasse
763 2708 875 2778 proinde
889 2709 993 2764 hebens
1011 2724 1085 2764 rese·
1139 2701 1335 2760 exsultantibus
1349 2703 1376 2758 in
1398 2702 1480 2760 leuda
1493 2703 1560 2770 Dei;
1580 2712 1635 2759 tum
1660 2703 1722 2777 quia
1737 2705 1804 2759 nibil
1824 2705 1860 2759 ita
1875 2721 1940 2774 pro·

291 2791 896 2871 modainunderedecorrtisuomutosptnts
911 2797 1086 2869 iniquitatum
1140 2792 1199 2864 prte
1222 2792 1369 2864 quemdam
1390 2791 1469 2848 terris
1487 2799 1663 2862 representat
1691 2793 1807 2850 eoelestis
1835 2792 1940 2849 tantu-

292 2888 318 2936 et
338 2879 436 2936 urticis
460 2881 647 2952 cupiditatum,
663 2882 802 2955 longiusa
819 2885 965 2957 semetipsa
979 2886 1087 2958 evagari
1141 2879 1223 2936 lionis
1249 2887 1361 2948 sutura,
1389 2880 1459 2936 situl
1491 2879 1615 2936 alacritas
1646 2878 1813 2936 liudwidum
1834 2882 1938 2948 Deum.
2027 2910 2028 2918 ¹

292 2983 346 3024 noo
361 2967 468 3024 sinitur.
478 2967 548 3038 Quid
563 2970 636 3025 enim
649 2971 664 3024 ‘l
675 2970 723 3043 qui
745 2971 890 3028 laboratio
908 2973 1007 3047 gemitu
1025 2991 1087 3043 stro,
1140 2967 1276 3038 Scriptura
1295 2967 1399 3024 dicente
1415 2984 1422 3025 ι
1438 2969 1518 3025 Beati
1527 2969 1575 3042 qai
1586 2967 1717 3026 babitaret
1731 2972 1762 3027 ia
1777 2970 1857 3029 doura
1873 2975 1937 3038 tua,

292 3055 427 3128 poteritne
435 3055 515 3112 simul
523 3067 551 3114 et
561 3056 587 3112 in
596 3056 782 3116 Deilaudibus
792 3060 925 3117 exsultare
939 3061 1085 3132 lQuonam
1140 3058 1270 3124 Domina
1280 3057 1311 3112 ia
1330 3056 1437 3113 secula
1449 3058 1620 3115 saeculoram
1635 3057 1791 3115 madabunt
1806 3063 1835 3115 te
1848 3059 1937 3130 (rect.

291 3143 373 3202 modo
388 3143 416 3201 in
430 3159 478 3202 ore
496 3145 629 3217 gementis
645 3153 673 3202 et
685 3147 838 3222 plangentis
852 3149 959 3206 sanabit
987 3150 1090 3222 pariter
1104 3146 1126 3227 c
1140 3158 1252 3214 Lttxttt,
1268 3143 1307 3216 5).
1319 3145 1359 3201 De
1374 3146 1428 3201 boc
1443 3145 1577 3218 praecipue
1591 3151 1731 3216 unguento
1744 3142 1858 3203 tm
1873 3153 1940 3216 puto

292 3233 357 3290 illud
372 3233 458 3301 isaim,
472 3235 637 3309 gratiaram
665 3234 767 3292 scilicet
781 3237 868 3308 actio,
879 3241 907 3295 et
921 3255 975 3296 coa
991 3239 1087 3300 laudis
1140 3229 1243 3286 (filim
1256 3232 1419 3302 Pl0ll¹¹<³¹i¹m
1435 3248 1441 3285 ²
1455 3233 1523 3288 3⁶⁶⁰
1536 3249 1622 3304 paam
1633 3232 1738 3289 dmm
1750 3235 1779 3288 ⁶²
1789 3248 1877 3305 paam
1887 3234 1940 3305 ia·

292 3322 361 3391 (trae
387 3339 425 3392 n,
454 3323 482 3395 a)
497 3325 511 3378 a
525 3324 593 3379 Nam
626 3323 697 3380 sicut
718 3338 737 3379 a
757 3325 885 3396 Sapiens
917 3327 1083 3398 accipimus:
1141 3319 1266 3375 cundum
1277 3319 1940 3392 aarumfratrataaaam;seatanpaaaram

294 3412 437 3469 llasicaia
448 3412 1086 3486 tacta,importunaconcreartfflccttxxn,
1140 3408 1273 3481 incapite
1283 3407 1370 3480 (Psal.
1380 3423 1481 3474 cxxtlb
1493 3408 1531 3481 1)-
1546 3409 1639 3480 Neque
1653 3407 1816 3480 enimpriori
1832 3408 1940 3466 videtur

293 3501 333 3572 6).
350 3499 473 3572 Denique
491 3500 638 3572 gratiarum
676 3499 746 3557 actio
773 3499 932 3557 beneficium
956 3503 1087 3575 sequitur,
1142 3511 1223 3567 posse
1236 3511 1399 3568 congruere.
1414 3496 1485 3554 illud
1498 3501 1570 3554 enim
1583 3497 1634 3554 etsi
1652 3497 1754 3554 bonum
1768 3497 1812 3564 sit,
1827 3513 1883 3556 non
1899 3503 1941 3554 est

294 3601 349 3643 non
365 3587 505 3658 precedit.
516 3585 584 3656 Quae
595 3593 684 3643 eutem
698 3588 788 3644 adbuc
813 3589 838 3644 in
853 3588 961 3645 tristitia
975 3598 1018 3646 est
1028 3593 1087 3648 ani·
1143 3594 1232 3640 tamen
1243 3584 1406 3654 tuconiam
1422 3586 1484 3657 (luia
1503 3585 1653 3643 lflfflldllll'
1667 3593 1839 3656 ll0⁰⁰⁸¹0¹l²¹1¹
1857 3599 1941 3644 ⁸¹³⁸·
2027 3575 2028 3582 ἵ

293 3689 349 3746 ma,
364 3673 495 3730 beneficio
509 3688 564 3731 non
592 3674 702 3749 gaudet,
721 3675 769 3730 sed
782 3674 898 3749 indiget.
925 3678 1008 3736 liabet
1022 3694 1089 3752 ergo
1143 3673 1287 3731 ritudinem
1300 3672 1372 3740 lacit,
1382 3687 1437 3730 non
1451 3674 1658 3744 iucunditatem.
1671 3673 1726 3730 Sed
1740 3689 1792 3730 nce
1808 3673 1857 3747 qni
1871 3673 1939 3730 illud

294 3761 585 3836 unusprecssouarst,
599 3779 654 3820 non
668 3769 757 3820 summ
784 3764 856 3822 unde
874 3764 972 3823 referat
987 3775 1089 3840 grates.
1144 3761 1254 3832 iaciunt,
1284 3762 1312 3818 in
1340 3778 1426 3819 unum
1452 3763 1584 3828 habitant,
1602 3777 1664 3820 curn
1692 3763 1806 3836 quisque
1832 3771 1942 3834 peccata

296 3849 439 3919 Quomodo
457 3851 529 3908 enim
545 3852 648 3909 recolet
661 3850 833 3922 beneficium,
851 3854 923 3926 quod
948 3869 1002 3911 non
1017 3855 1093 3913 acce-
1146 3853 1253 3925 propria
1267 3851 1359 3926 lugeat
1373 3859 1453 3922 atque
1465 3850 1599 3922 deploret.
1611 3850 1664 3921 Qui
1672 3867 1738 3909 vero
1752 3851 1780 3907 in
1794 3851 1941 3924 gratiarnm

296 3939 359 4013 pit‘t
373 3937 468 3996 llerito
483 3939 596 4010 proinde
610 3941 676 4010 diri,
706 3956 761 3998 uon
780 3957 840 3998 csse
855 3935 952 3998 animae
966 3947 1092 4015 pauperis
1144 3940 1249 3998 actione
1271 3950 1425 4004 versantur,
1446 3940 1532 3996 Deum
1556 3939 1642 3998 solum
1661 3940 1801 3997 intuentur
1819 3949 1847 3998 et
1863 3942 1941 4014 cogi·

295 4027 491 4086 conficerebce
504 4035 684 4101 unguentum,
699 4028 774 4100 qnod
784 4028 818 4084 de
827 4029 982 4086 recolendis
995 4031 1093 4088 divinis
1145 4037 1217 4102 tant;
1238 4045 1269 4084 ac
1283 4044 1332 4100 per
1345 4030 1396 4084 hoc
1407 4029 1461 4100 ipsi
1469 4044 1534 4086 vere
1545 4027 1668 4085 habitant
1682 4028 1711 4084 in
1724 4045 1818 4086 unum.
1833 4030 1940 4087 Bonum

296 4114 436 4172 masuras
445 4115 679 4187 componidebet3
699 4115 1092 4190 quoniamncnpotestvidere
1145 4109 1190 4174 est
1206 4121 1297 4173 antem
1321 4117 1390 4188 quod
1416 4116 1528 4184 iaciunt,
1542 4119 1606 4191 quia
1625 4125 1735 4174 serrant
1748 4117 1774 4173 ei
1791 4117 1943 4188 justissime

296 4203 397 4270 lucem,
411 4203 499 4260 donec
510 4204 633 4260 tenebras
647 4202 776 4259 intuetur.
792 4204 896 4276 Nempe
922 4203 951 4260 in
964 4205 1093 4263 amaritu-
1146 4205 1260 4279 gloriam
1283 4206 1360 4277 cujus
1382 4216 1433 4275 est,
1451 4213 1479 4264 et
1498 4206 1672 4263 nibilominus
1689 4205 1853 4278 jucundum,
1875 4207 1942 4280 quia

297 4291 363 4347 dine
377 4298 428 4360 est,
453 4299 622 4364 occupatque
651 4289 810 4346 memoriam
838 4291 921 4348 tristis
943 4294 1094 4352 recordatio
1147 4294 1271 4351 delectat.

298 4385 481 4453 peccatorum,
497 4378 623 4436 neclibet
636 4378 727 4436 laetum
741 4379 882 4452 quidpiam
896 4380 976 4438 simul
995 4383 1094 4440 admit·
1183 4387 1210 4440 2.
1234 4381 1415 4451 Quamobrem
1434 4385 1535 4442 suadeo
1553 4384 1631 4442 robis
1656 4383 1750 4444 amicis
1773 4385 1842 4442 meis
1862 4385 1942 4442 relie-

299 4467 882 4538 tere.1dcircotalibusdenuntiatspiritns
907 4471 1091 4542 propheticus,
1149 4482 1220 4530 ctare
1239 4472 1372 4530 interdum
1393 4475 1491 4546 pedem
1509 4490 1526 4530 a
1546 4473 1660 4532 molesta
1678 4482 1705 4530 et
1723 4473 1800 4530 annia
1814 4476 1944 4532 recorda·

300 4555 391 4614 dicens
408 4571 415 4612 ι
435 4559 594 4616 Vaaumest
606 4557 680 4616 vobis
694 4557 863 4616 autelaccm
878 4575 993 4632 sarpere
1005 4562 1091 4630 (Paci.
1146 4561 1220 4618 tione
1232 4559 1337 4618 uiarum
1355 4571 1513 4629 vestrarum,
1529 4569 1556 4617 et
1578 4561 1695 4620 evadere
1714 4561 1741 4618 in
1762 4561 1861 4618 itinera
1881 4563 1943 4634 pla-

299 4658 400 4713 cuut,
414 4647 461 4715 'li
477 4643 551 4718 quod
564 4653 605 4700 est
620 4661 627 4700 :
643 4644 755 4702 Frustra
779 4645 890 4719 surgitis
917 4648 952 4704 ad
966 4638 1094 4707 intuenda
1145 4651 1222 4708 niora
1236 4650 1382 4709 serenioris
1404 4651 1542 4708 memoriae
1559 4650 1755 4710 beneficiorum
1769 4651 1837 4724 Dei;
1855 4659 1885 4709 ut
1897 4653 1944 4724 qui

301 4731 431 4790 beneficia
443 4749 505 4806 quar
523 4733 668 4802 delectant,
681 4734 736 4790 nisi
759 4735 837 4806 prins
864 4742 974 4807 recepto
993 4735 1094 4793 lumine
1146 4743 1174 4798 in
1187 4741 1265 4797 rolris
1280 4739 1483 4806 confundimini,
1497 4739 1584 4811 ipsius
1599 4741 1697 4798 intuitu
1711 4740 1863 4811 respiretis.
1875 4739 1946 4796 Volo

302 4820 538 4880 consolationisde
554 4821 674 4880 reatibus
697 4823 743 4894 qui
768 4822 941 4880 conturbant.
965 4823 1027 4881 Non
1054 4831 1096 4880 est
1148 4841 1199 4884 vos
1217 4827 1336 4896 experiri
1359 4827 1425 4883 illud
1443 4828 1516 4899 quad
1538 4835 1647 4884 sanctos
1668 4829 1803 4900 Propheta
1816 4829 1944 4894 mesatis,

303 4922 371 4981 ergo
390 4923 538 4982 pauperum
553 4911 606 4969 boc
620 4919 799 4984 numentum.
1148 4915 1258 4970 dicens:
1271 4915 1416 4974 delectare
1425 4917 1457 4972 ia
1466 4917 1592 4984 Domina
1604 4916 1719 4974 ctdabit
1730 4917 1783 4972 tabi
1793 4919 1946 4990 peritiam

339 4999 384 5053 1⁰.
400 4996 455 5054 Sed
469 4997 557 5055 ridete
569 4998 679 5070 quium
693 4998 728 5054 de
741 5000 804 5071 ejus
818 5001 899 5070 cepis
925 5015 978 5057 non
998 4999 1095 5056 imme·
1149 5004 1239 5062 cardis
1264 5004 1309 5061 tui
1327 5005 1413 5074 (Paul.
1435 5021 1530 5077 xrxvt,
1545 5004 1584 5078 t).
1603 5006 1637 5063 lit
1649 5004 1758 5077 quidem
1777 5007 1949 5063 necessamus

303 5085 521 5160 ritoglcrientnr.
534 5087 907 5160 lbaatpaaticatesapcstoli
921 5093 1097 5163 accaspccta
1150 5092 1228 5149 dolor
1250 5107 1300 5163 pro
1323 5095 1451 5166 peccatis,
1467 5094 1514 5150 sed
1536 5094 1560 5150 si
1580 5109 1635 5150 non
1649 5094 1684 5151 sit
1705 5093 1863 5152 continuus.
1878 5095 1949 5150 Sane

303 5177 427 5246 concilii,
440 5179 574 5250 queniam
583 5177 661 5250 digai
673 5177 762 5236 babiti
772 5181 897 5251 scalpro
907 5179 1097 5236 nominatae
1150 5181 1328 5256 interpoletur
1342 5181 1437 5239 laetiori
1451 5182 1633 5240 recordatione
1647 5183 1746 5240 dirisae
1760 5182 1950 5255 benignitatis,

302 5269 507 5326 contumeliam
519 5265 701 5340 pati(Act.v,
717 5268 774 5340 tt),
785 5266 896 5322 linitum
911 5267 962 5324 sibi
976 5265 1098 5340 proiecte
1151 5287 1185 5326 ne
1201 5269 1268 5326 iorta
1287 5286 1342 5342 prae
1361 5271 1469 5328 tristitia
1483 5271 1622 5329 induretur
1639 5288 1695 5342 cor,
1710 5279 1738 5328 et
1757 5271 1951 5342 desperatione

303 5354 495 5413 instillat-erant
509 5355 543 5413 de
556 5355 721 5430 pinguedine
736 5354 862 5426 spiritus,
877 5371 990 5430 qrtornm
1005 5355 1099 5412 lenitas
1151 5360 1212 5430 plus
1235 5366 1333 5430 pereat.
1358 5360 1519 5416 blisceamus
1538 5360 1673 5418 absinthio
1696 5361 1761 5428 mel,
1777 5369 1809 5416 ut
1832 5359 1954 5416 salubria

305 5459 359 5500 non
374 5445 546 5513 dicarerbis,
561 5445 610 5501 sed
629 5460 681 5504 nec
711 5445 872 5502 verberibus
898 5443 988 5502 cessit.
1015 5445 1099 5501 Erant
1151 5447 1299 5505 amaritudo
1326 5448 1439 5504 salntem
1463 5449 1528 5506 dare
1549 5461 1614 5508 tnnc
1637 5449 1732 5522 possit,
1749 5465 1812 5508 cum
1830 5449 1954 5506 immuta

304 5530 376 5586 enirn
391 5531 489 5590 diuites
503 5531 530 5588 in
544 5533 685 5604 charitate,
700 5547 760 5604 quae
785 5531 866 5588 nullis
881 5533 1039 5590 exhauritur
1048 5547 1098 5590 ex·
1153 5542 1304 5607 temperata
1315 5537 1426 5595 dulcore
1437 5537 1494 5596 bibi
1508 5538 1618 5612 poterit.
1631 5538 1701 5596 dudi
1718 5537 1835 5612 denique
1849 5537 1953 5608 Deum,

302 5619 488 5692 pansia‚etde
502 5623 559 5693 ipsa
574 5620 820 5679 lacilebalocausta
834 5620 979 5678 medullata
997 5619 1095 5680 olierre
1148 5625 1285 5696 quomodo
1304 5625 1365 5696 ipse
1386 5626 1493 5686 contriti
1514 5627 1605 5686 cordis
1631 5634 1763 5697 amparet
1785 5627 1954 5684 ammitadi·

303 5707 482 5767 sulliciebant.
510 5709 670 5768 Fundebant
700 5707 799 5783 passim
826 5707 951 5767 maanus
984 5717 1095 5782 pectora
1148 5728 1223 5780 nem,
1236 5715 1372 5786 quormdo
1394 5715 1594 5788 pusillanimem
1613 5731 1630 5774 a
1647 5715 1849 5788 desperationis
1871 5715 1957 5774 bara·
