4116 6348
127 395 181 454 iti

125 522 269 588 masticant
283 522 372 581 cibum
387 523 500 590 deutes;
524 521 585 592 qnia
601 519 652 590 ipsi
666 535 715 590 pro
730 529 786 577 toto
799 520 927 578 Ecclesiae

127 626 251 684 corpore,
280 610 405 688 videlieet
428 617 484 664 tam
511 608 578 664 vitis
602 625 680 680 quam
708 608 832 680 mortuis,
848 625 926 666 orare

128 707 191 755 sunt
203 695 354 756 constituit.
364 698 474 753 Nullum
485 697 547 751 inde
562 712 687 768 saporem
697 697 797 752 habere
812 698 927 776 debent3

129 787 312 860 quianullum
332 786 384 843 sibi
409 785 522 860 gloriam
541 787 640 841 debent
658 785 805 862 assignare,
822 785 870 840 sed
885 779 929 840 di-

129 892 192 932 cere
206 891 267 932 curn
282 877 430 948 propbeta:
446 875 508 930 Non
519 873 607 940 nobis,
623 875 750 946 flemina,
767 891 824 930 nori
838 873 927 939 mobis,

130 954 308 1022 sed'uumtai
332 968 381 1020 tao
405 963 583 1035 depleriam
613 964 700 1033 (Prot.
725 977 782 1022 curt,
807 961 845 1034 1).
868 962 928 1017 Non

129 1053 208 1110 facile
230 1061 441 1118 consutnuntur;
462 1051 525 1123 quia
545 1059 646 1125 quanto
670 1051 840 1120 annosiores,
856 1058 929 1105 tanto

130 1141 323 1210 ferventiores3
351 1148 379 1196 et
399 1155 430 1195 eo
455 1139 576 1210 rapidius
599 1150 722 1206 currunt,
743 1154 797 1211 quo
816 1139 929 1195 uicinius

130 1229 348 1302 appropinquant
371 1229 404 1284 ad
420 1229 538 1300 palmari.
555 1231 605 1286 Per
620 1230 744 1284 ordinem
760 1229 841 1300 positi
856 1238 928 1283 sunt.

132 1319 184 1374 Ubi
198 1317 269 1373 enirn
289 1317 391 1388 aliquid
413 1317 568 1373 ordinatum
582 1324 632 1383 cst,
649 1317 671 1370 si
691 1317 733 1373 bie
747 1332 800 1372 non
817 1323 869 1380 est,
886 1315 930 1370 ubi

131 1406 207 1462 cibus
234 1413 261 1460 et
284 1415 375 1476 potus,
403 1403 515 1476 uigilare
542 1415 568 1460 et
596 1405 724 1469 dormire,
755 1405 880 1459 laborare
905 1415 931 1457 et

130 1497 285 1566 quiescere,
300 1494 440 1549 ambulare
455 1502 481 1549 et
496 1493 604 1559 sedere,
622 1505 648 1548 et
673 1503 771 1548 castora
785 1492 887 1561 omnia,
904 1492 929 1546 iu

131 1575 246 1642 numero
266 1593 293 1638 et
315 1598 441 1638 mensura
455 1592 482 1637 et
500 1581 622 1652 pondere
637 1580 860 1637 constituuntur?
880 1567 932 1635 'Su-

129 1676 252 1744 periores
266 1680 292 1728 et
305 1671 447 1728 inferiores
462 1677 539 1740 sunt3
555 1669 620 1741 quia
635 1669 706 1723 inter
720 1684 771 1722 nos
786 1667 892 1723 Praelati
907 1675 933 1722 et

749 394 920 478 mnuouus
940 397 1163 482 aauusnsts,
1212 409 1215 418 ¹

1720 399 1773 472 nt

943 547 966 624 Α
985 495 1024 580 nd
1040 492 1160 594 ejusdem
1170 525 1414 584 considerationem
1429 533 1575 601 Apostolus
1584 551 1777 609 expavescens.

981 621 1009 669 et
1032 611 1202 684 pavescendo
1239 612 1378 685 deficiens,
1403 617 1523 702 clamare
1538 610 1731 696 compellitur:
1759 629 1779 685 O

983 702 1104 758 altitudo
1119 702 1284 778 dinitiarum
1298 707 1448 776 sapientie
1463 711 1491 764 et
1503 712 1631 770 scientiae
1642 715 1711 772 Dei!
1723 723 1777 772 ete.

983 789 1188 863 (1101111133).
1249 863 1252 868 Ι

1022 876 1129 934 ΙΏΙῚ
1151 883 1179 936 2.
1204 880 1243 935 De
1268 881 1318 936 hac
1347 881 1471 937 satietate
1494 885 1562 956 legis
1589 887 1616 941 in
1641 892 1770 958 psalmo:
1800 885 1804 888 ’

983 969 1073 1038 Super
1083 983 1186 1039 aquam
1194 971 1356 1040 resectionis
1367 970 1498 1027 educauit
1506 988 1552 1029 me
1562 975 1724 1044 (Psutmxu,
1735 981 1777 1051 2),

983 1067 1009 1110 et
1023 1055 1101 1113 itenr:
1115 1057 1775 1138 inebriabunturabatertetedomustaretl'scl.

984 1159 1070 1210 uxnv,
1084 1143 1121 1216 9).
1138 1146 1298 1215 Hujusmodi
1314 1147 1431 1202 ebrietas
1444 1163 1498 1204 non
1512 1149 1617 1206 inducit
1631 1152 1778 1219 fastidium,

985 1235 1031 1287 sed
1059 1232 1257 1290 indeficientem
1283 1236 1443 1307 quibusdum
1478 1237 1620 1296 desideriis
1653 1252 1781 1312 provocat

984 1321 1142 1392 appetitum.
1165 1323 1194 1378 ln
1215 1324 1266 1380 boc
1304 1339 1390 1378 sacrae
1416 1324 1537 1382 lectionis
1571 1328 1668 1402 pelago
1693 1347 1781 1404 agnus

986 1410 1114 1475 ambulat,
1143 1419 1170 1465 ot
1197 1412 1305 1482 elephas
1328 1421 1411 1469 natat.
1436 1415 1466 1468 In
1489 1415 1629 1472 catholicas
1653 1419 1782 1476 doctrinas

987 1499 1165 1565 mensajuxta
1181 1501 1323 1556 modulum
1341 1500 1526 1572 intelligentiae
1541 1504 1707 1563 sufficientes
1724 1510 1783 1564 sin-

987 1586 1057 1656 gulis
1076 1587 1162 1656 epulae
1177 1597 1359 1656 apponuntur.
1375 1589 1439 1646 llaec
1454 1600 1497 1646 est
1511 1592 1655 1664 paradisus
1673 1597 1783 1653 delicia·

988 1688 1057 1740 rum,
1083 1673 1126 1728 bic
1149 1681 1192 1728 est
1215 1675 1309 1730 hortus
1332 1679 1456 1733 omnium
1479 1696 1637 1751 pomorum.
1665 1685 1784 1742 Veniens

133 1759 235 1817 subditi
252 1769 323 1825 sunt,
348 1760 427 1814 etsie
451 1757 605 1828 superiores
619 1755 932 1829 inferioribusjungun-
986 1761 1079 1832 itaquo
1094 1761 1121 1815 ln
1145 1761 1332 1830 bersabeam
1356 1774 1476 1822 sanctam
1499 1769 1660 1838 Ecclesiam,
1685 1783 1715 1831 ut
1738 1776 1784 1830 di-

134 1855 188 1920 tur,
215 1857 243 1904 ut
271 1847 414 1904 inferiores
433 1864 448 1902 a
471 1847 659 1918 superioribus
688 1863 743 1901 non
766 1844 932 1899 discordent.
951 1821 1061 1903 fletum
1081 1856 1132 1916 est,
1157 1849 1243 1904 currit
1266 1851 1299 1905 ad
1317 1853 1528 1924 confessionem,
1546 1873 1608 1929 quae
1627 1876 1675 1930 per
1688 1863 1784 1919 iudam

133 1937 200 1992 Cutu
217 1945 305 1992 autem
330 1935 476 1992 inferiores
495 1941 665 2006 moveantur,
689 1932 846 2012 superiores
861 1947 935 1986 nun·
990 1945 1097 1992 notatur
1114 1956 1120 1992 :
1136 1949 1161 1992 et
1176 1937 1334 1993 dimittitibi
1353 1956 1470 2010 puerum
1489 1960 1578 2011 suum,
1594 1946 1679 2004 idest
1697 1951 1786 2019 pueri.

133 2042 215 2100 quam
241 2023 340 2080 moveri
363 2023 481 2090 debent;
499 2024 562 2095 qnia
582 2021 634 2078 omi
657 2019 755 2076 subdiu
771 2019 936 2094 quandoque
989 2021 1042 2079 lem
1058 2040 1180 2090 sensum,
1195 2025 1239 2080 vei
1252 2026 1426 2096 pristinorum
1440 2027 1550 2086 actuum
1566 2033 1739 2104 debilitatem,
1760 2047 1787 2093 et

134 2116 286 2183 turbentur,
304 2112 478 2182 prelatorum
493 2114 535 2167 est
551 2113 578 2167 itt
593 2119 685 2166 mente
709 2109 861 2178 composita
875 2119 936 2178 pcr-
990 2111 1080 2184 pergit
1095 2113 1122 2168 in
1133 2113 1280 2185 desertum,
1291 2115 1318 2170 id
1332 2125 1373 2171 est
1385 2117 1464 2172 istius
1481 2120 1575 2176 mundi
1590 2131 1787 2193 contemptum,

134 2205 241 2258 durare·
265 2202 345 2260 sieut
368 2217 437 2274 pree
457 2204 619 2264 tamarum,
643 2197 740 2268 inquit.
757 2197 843 2266 Quam
865 2194 936 2250 bene
991 2201 1052 2268 Quo
1067 2209 1211 2272 postquam
1235 2203 1316 2271 venti,
1337 2205 1425 2274 senet,
1440 2206 1467 2260 nt
1492 2218 1564 2264 nsua
1584 2211 1707 2266 serutari
1741 2223 1786 2267 ur-

133 2293 261 2366 mopacbi
287 2287 372 2348 tonsis
400 2289 496 2346 ovibus
520 2285 725 2358 eonrpsranturl
751 2285 816 2357 quia
843 2299 937 2340 reuera
992 2290 1078 2344 rnultu
1092 2289 1217 2362 quiescit,
1234 2299 1345 2348 cantans
1358 2309 1420 2349 curn
1435 2296 1568 2368 propbeta
1586 2301 1667 2357 :licea
1680 2301 1790 2372 requies

95 2403 101 2416 ·
141 2379 210 2437 tensi
224 2388 297 2449 sunt,
307 2379 408 2450 quibus
417 2392 468 2432 nco
479 2376 573 2446 corda,
583 2390 633 2432 nec
640 2388 767 2446 corpora,
779 2387 827 2428 nee
836 2370 937 2443 aliquid
992 2395 1057 2436 mea
1070 2380 1102 2432 ia
1119 2379 1259 2436 ementium
1277 2383 1374 2438 soecuti
1389 2384 1476 2451 (Psat.
1491 2399 1591 2456 cxxxi,
1605 2386 1661 2458 tt).
1679 2388 1790 2458 Projicif

137 2468 307 2524 mundanum
318 2467 343 2521 in
355 2465 519 2537 proprietate
530 2463 653 2520 relictum
663 2471 714 2540 est.
730 2463 795 2531 Quae
809 2459 939 2517 escende-
994 2483 1034 2536 se,
1051 2467 1078 2521 id
1104 2474 1146 2522 est
1159 2465 1240 2524 rilem
1262 2485 1291 2523 se
1310 2477 1426 2541 reputat,
1456 2474 1513 2528 suis
1532 2475 1725 2532 abrenuntians
1740 2477 1788 2532 de.

134 2550 941 2630 rantdebvocrodavacrumBeptismusest,dequoascen·
995 2554 1113 2620 sideriis,
1130 2556 1206 2624 juxta
1219 2556 1284 2612 illud
1306 2557 1506 2630 evangelicum.
1533 2561 1584 2630 Qui
1606 2565 1671 2620 uait
1695 2566 1793 2624 venire

135 2645 176 2700 dit
188 2648 236 2716 qui
250 2643 284 2701 ad
295 2642 485 2699 celsitudinem
496 2641 560 2696 vitae
569 2638 738 2712 perfectioris
752 2637 881 2704 intendit3
896 2635 941 2690 de·
995 2643 1032 2700 ad
1044 2660 1100 2710 me,
1117 2639 1234 2717 abaeqet
1248 2648 1429 2718 semetipsam
1439 2649 1514 2719 (Lae.
1526 2665 1564 2718 tx,
1577 2653 1634 2722 13).
1652 2650 1794 2709 Obdormi·

137 2732 244 2791 scendit
260 2743 352 2787 autern
367 2729 457 2802 quise
472 2729 533 2785 titae
548 2729 683 2802 mancipat
704 2727 865 2782 inhonestae.
883 2729 942 2782 om·
996 2733 1035 2787 uit
1049 2732 1078 2787 in
1101 2734 1200 2789 umbra
1225 2734 1356 2805 juniperi,
1380 2735 1442 2806 quis
1465 2736 1492 2791 in
1520 2737 1597 2792 atriis
1620 2740 1719 2796 domus
1743 2743 1790 2798 pei

137 2839 188 2878 '¹⁶⁸
197 2819 325 2894 timenti
338 2819 457 2891 fetum,-
472 2817 536 2889 ‘llfla
546 2815 667 2873 etverbo
682 2814 798 2886 palium,
811 2820 838 2869 θῑ
848 2827 941 2868 estm-
995 2821 1142 2877 seeundum
1157 2835 1252 2876 sensus
1262 2821 1386 2893 eorporis
1401 2830 1479 2878 uacat
1493 2828 1603 2881 omnino
1618 2828 1652 2882 ab
1668 2830 1794 2887 omuibus

140 2909 359 2982 plodtstcrilis
369 2900 940 2976 nonesteis,·qnianulluscstinfeeundns.
996 2907 1182 2979 pravitatibus,
1217 2907 1310 2965 dicens
1334 2925 1395 2964 eum
1415 2909 1577 2968 Psalmista:
1602 2915 1637 2970 la
1664 2933 1734 2990 paee
1761 2919 1794 2973 in

374 3019 493 3078 SERMO
515 3019 601 3076 XCIV
621 3021 706 3091 (4453⁸
999 2993 1124 3066 idipsam
1138 2993 1276 3052 dormiam
1290 2999 1319 3052 et
1328 2997 1502 3067 requiescam
1513 2999 1601 3067 (Psat.
1614 3015 1653 3067 tv,
1665 3004 1704 3072 9).
1716 3003 1791 3062 Tunc

994 3082 1116 3154 angelica
1142 3083 1209 3138 visio
1229 3082 1314 3155 tangit
1328 3099 1401 3152 eum,
1421 3085 1541 3141 excitans
1555 3088 1704 3145 adbonum
1719 3105 1790 3162 ope·

993 3172 1120 3234 randum,
1136 3172 1165 3225 ei
1185 3171 1217 3226 ad
1242 3171 1336 3226 altiora
1359 3175 1592 3245 consurgendum.
1616 3177 1737 3248 Respicit
1759 3181 1792 3236 ad

994 3267 1074 3332 caput
1092 3275 1181 3328 suurn,
1198 3259 1225 3313 id
1244 3262 1328 3316 estad
1348 3261 1484 3317 Christum
1504 3265 1550 3334 qui
1574 3275 1655 3338 caput
1678 3280 1719 3325 est
1737 3269 1793 3326 Ec·

994 3347 1102 3404 clesiae:
1119 3357 1147 3404 et
1170 3363 1234 3404 cccc
1259 3349 1452 3407 subcinericius
1480 3353 1566 3421 panis,
1591 3353 1617 3408 id
1638 3361 1679 3410 est
1703 3365 1794 3426 pastus

995 3437 1079 3493 divini
1093 3436 1239 3509 dogmatis,
1257 3435 1410 3494 forinsecus
1434 3439 1542 3511 quidem
1564 3442 1649 3512 rudis,
1669 3445 1718 3501 sed
1734 3461 1789 3500 me·

994 3525 1106 3582 dullitus
1134 3523 1306 3580 ineffabiliter
1324 3525 1519 3586 confortativus
1532 3537 1559 3584 et
1579 3529 1678 3597 dulcis;
1704 3539 1731 3588 et
1748 3550 1794 3588 tas

995 3629 1085 3685 aquae,
1101 3615 1153 3669 boc
1167 3623 1216 3680 est,
1233 3612 1293 3670 fons
1317 3614 1499 3688 lacrymarum
1523 3632 1583 3674 cum
1603 3619 1693 3674 cordis
1717 3635 1792 3678 oom-

995 3702 1150 3771 punctione.
1170 3701 1291 3759 Comedit
1313 3712 1340 3758 et
1367 3703 1444 3760 bibit.
1470 3705 1558 3764 idest
1582 3705 1711 3778 adimplet
1732 3725 1793 3781 quae

995 3791 1087 3845 audit:
1114 3800 1141 3847 et
1158 3790 1246 3863 pergit
1262 3791 1291 3845 in
1310 3791 1465 3851 fortitudine
1489 3797 1523 3850 ad
1547 3804 1667 3852 montem
1681 3799 1741 3864 Dei,
1757 3800 1791 3854 sd

995 3878 1186 3936 celsitudinem
1201 3879 1322 3936 uidelicet
1336 3880 1522 3940 beatitudinis.

1233 4003 1351 4061 SEleO
1370 4005 1443 4061 XCV
1466 4005 1549 4078 (111).

998 4097 1035 4150 lte
1048 4092 1189 4151 doctrine
1203 4094 1400 4152 amaritudine
1410 4095 1672 4168 perpraedieatores
1682 4101 1789 4169 tempe·

1343 4183 1444 4242 rande.

136 3129 177 3184 lte
190 3141 323 3200 praeessu
341 3124 408 3180 uite
423 3120 589 3180 christianus
603 3137 652 3177 sea
668 3119 840 3191 spiritualis,
852 3122 940 3190 juata
958 3104 980 3182 B

273 3213 433 3287 cpoiepiam
448 3211 530 3280 litiae,
546 3207 656 3266 Iezabel
669 3208 816 3280 sapientis.

177 3325 203 3375 1.
215 3321 319 3378 Timuit
326 3319 401 3376 Elias
410 3315 528 3383 lezabel,
537 3319 565 3371 et
572 3331 689 3388 stirpem
695 3314 766 3370 abiit
774 3327 939 3386 quoeunque

140 3413 214 3470 tatitt
227 3427 292 3468 eam
305 3410 458 3474 rotantus;
473 3407 605 3478 caruitque
619 3405 651 3459 ia
666 3403 799 3461 Bersabee
814 3401 898 3470 Iade,
913 3405 941 3458 et

137 3499 251 3556 dimisit
266 3498 305 3554 iii
317 3511 444 3570 puerum
457 3509 556 3560 suum,
565 3497 592 3550 et
601 3492 731 3565 perrexit
740 3491 773 3544 ia
786 3489 938 3546 desertum.

137 3579 779 3661 Gumqeevenissetsubterambramjaniperi,
788 3575 939 3637 creatorae,

135 3677 262 3749 projecit
279 3689 318 3739 se,
332 3677 361 3730 et
376 3671 521 3729 dormivit.
538 3671 573 3724 fit
589 3667 706 3739 anpeltts
721 3665 834 3723 Domini
849 3665 941 3736 tetipit

138 3781 214 3830 eum,
231 3768 261 3823 et
269 3763 347 3820 dicit
356 3763 404 3818 itti
416 3761 533 3831 :Serpa
544 3755 702 3814 itcomede.
717 3758 752 3812 fit
765 3755 903 3826 respexit,
915 3759 941 3810 et

138 3845 640 3924 ecceadcaputststtmsabciaertetes
650 3844 745 3916 partis,
754 3845 839 3900 etuas
848 3856 940 3914 aquae.

142 3941 268 4002 Consedit
282 3955 354 4012 erpo,
370 3943 399 3995 et
413 3937 492 4005 bibit,
512 3933 707 3992 etanttatavit
722 3933 755 3988 ta
769 3929 942 4002 fortitudine

64 4018 67 4026 ¹
140 4029 277 4088 ciiiilius
285 4023 576 4100 quadrapintadietcs
584 4018 943 4094 etqaadrapiataaoetibus

137 4136 230 4194 usqae
247 4113 285 4174 ud
299 4117 424 4172 montem
438 4113 489 4194 Dei
507 4112 574 4169 Oret
584 4109 635 4182 (tlt
649 4111 713 4180 ftep.
729 4122 785 4173 utu,
799 4106 874 4178 3-8).
892 4106 941 4162 Per

138 4208 225 4266 Elism
245 4206 356 4278 quippe,
380 4200 428 4275 qni
450 4200 645 4271 interpretatur
668 4198 804 4254 bmnium
827 4195 869 4252 uel
884 4196 941 4250 Do·

135 4300 238 4354 micas
256 4296 350 4367 fortt's,
371 4289 528 4365 intelligitur
552 4287 666 4361 quilibet
678 4287 768 4355 y'ustus
786 4283 834 4357 qui
846 4287 979 4364 perse-fl
1032 4275 1057 4330 ¹·
1073 4273 1242 4343 Erdfsamet
1256 4273 1289 4328 ia
1300 4277 1387 4338 terra,
1399 4276 1427 4328 et
1437 4273 1493 4342 filii
1501 4273 1704 4346 propietatem
1714 4273 1789 4331 bebi·
1837 4277 1842 4292 ‘

140 4386 280 4446 cntionem
303 4381 403 4455 patitur
430 4386 542 4451 propter
568 4375 709 4448 justitiam.
738 4373 813 4432 Unde
835 4373 902 4430 illud
931 4389 938 4426 2
999 4361 1096 4418 tabant
1109 4377 1204 4419 eorem
1218 4361 1450 4436 alaeaquilae
1463 4363 1533 4433 fecit
1546 4364 1790 4436 apponipttimen·

145 4461 941 4547 Beatiquipersecutionempatianturpropterjastitt'am
999 4455 1070 4506 tum·
1091 4450 1215 4523 Cumque
1227 4453 1388 4522 ausititem
1403 4449 1436 4506 df
1459 4452 1595 4520 eoetwne,
1620 4452 1792 4510 exclamave-

145 4563 259 4637 ilfattb·
270 4577 298 4618 v.
315 4559 370 4632 to).
386 4557 439 4627 Qui
450 4563 573 4613 metuens
587 4553 703 4620 lezabel,
719 4550 799 4608 idest
812 4551 940 4606 malitiam

145 4651 249 4718 saeculi,
269 4650 312 4708 tel
331 4647 502 4721 tyrannidem
515 4643 626 4712 diaboli,
643 4642 731 4716 surgit
743 4643 778 4698 de
793 4640 942 4698 tentatione

146 4741 346 4814 peccaminum,
361 4746 388 4793 et
401 4735 457 4794 abit
479 4749 640 4810 quocunque
659 4747 722 4788 eum
739 4729 828 4787 tulerit
841 4731 941 4787 totun-

147 4841 189 4888 tas
219 4845 235 4886 a
262 4829 377 4885 Domino
395 4825 447 4882 sibi
475 4823 581 4882 collata.
610 4821 743 4892 venitque
762 4819 789 4876 in
812 4818 943 4876 Bersabee

145 4921 227 4988 tuda,
248 4919 276 4974 in
293 4925 412 4974 sanctam
427 4914 589 4982 Ecclesiam,
605 4927 666 4984 quae
685 4909 782 4966 dicitur
797 4909 941 4976 Bersabee,

146 5009 229 5064 idest
250 5010 357 5065 Putatis
376 5007 522 5082 septimas,
539 5010 649 5075 propter
660 5001 841 5056 abundantem
857 4997 941 5068 septi-

146 5098 241 5154 formis
256 5096 373 5169 Spiritus
397 5094 522 5168 gratiam,
538 5107 598 5164 quae
622 5088 689 5146 inibi
705 5087 830 5145 fidelibus
844 5084 942 5143 dividi-

147 5194 204 5254 tur3
227 5187 269 5246 rol
289 5188 393 5245 Pateat
407 5184 559 5253 satietatis,
571 5186 683 5253 propter
696 5177 884 5250 mysteriorum
896 5173 943 5230 Dei

145 5274 368 5351 profunditatem,
389 5286 415 5330 ct
430 5283 580 5330 sanctarum
601 5267 800 5340 scripturarum
816 5263 944 5320 refectio-

146 5383 222 5422 nem.
246 5366 285 5424 De
299 5365 350 5420 bac
363 5361 546 5436 profunditate
567 5359 696 5417 habemus
720 5358 747 5410 in
763 5354 877 5427 psalmo,
899 5355 944 5410 Te-

146 5456 267 5515 nebrosc
286 5471 360 5528 aque
373 5456 406 5510 ia
420 5452 540 5509 nubibas
559 5450 634 5506 aeris
649 5447 735 5519 (Psct.
758 5460 823 5515 uvir,
838 5444 882 5513 11)
897 5459 903 5496 :
920 5451 947 5497 et

146 5561 253 5630 rursus,
278 5544 391 5602 tudtcaa
408 5547 460 5600 tua
474 5540 589 5614 abyssus
604 5537 697 5595 multa
711 5533 795 5604 (Psoi.
810 5547 891 5598 xxxv,
907 5532 946 5600 7).

186 5681 577 5760 ssfflfflmffimffim

996 4543 1067 4595 ruat
1078 4557 1087 4596 .·
1100 4539 1290 4609 destinatio,
1301 4540 1346 4595 uir
1360 4540 1420 4606 Dei,
1431 4543 1460 4596 et
1469 4556 1527 4599 eoa
1534 4544 1694 4615 potuerunt
1703 4556 1793 4600 conw-

997 4629 1074 4685 dere.
1088 4628 1124 4683 Aa
1133 4627 1184 4684 ille
1197 4647 1206 4684 :
1218 4629 1336 4699 diserte,
1347 4629 1455 4700 inquit,
1469 4629 1608 4699 farinam.
1621 4631 1656 4685 Et
1666 4631 1747 4686 misit
1760 4631 1792 4685 itt

998 4717 1096 4786 ultam,
1107 4718 1136 4772 et
1149 4717 1212 4773 cit:
1228 4716 1352 4788 infunde
1368 4717 1468 4774 turbe.
1492 4719 1528 4773 ltt
1540 4716 1678 4786 eomedit;
1698 4723 1793 4776 etam

997 4805 1791 4879 fuitquidqttamampliasamarttudinisinoila(ll'flep.

997 4913 1037 4962 tv,
1053 4896 1166 4964 ‘ea-tt).
1189 4894 1286 4951 Fames
1301 4893 1329 4949 in
1354 4903 1432 4962 terra,
1459 4893 1571 4966 penuria
1593 4893 1669 4952 uerbi
1692 4894 1742 4950 Dei
1766 4895 1792 4949 in

998 4993 1088 5042 mente
1103 4983 1219 5039 humana
1235 5003 1241 5038 ε
1260 4983 1308 5038 filii
1329 4985 1536 5055 prophetarum,
1562 4981 1608 5038 filii
1634 4983 1795 5054 praedicato-

1000 5091 1072 5131 runt.
1087 5075 1221 5146 Propheta
1246 5073 1438 5146 interpretatur
1461 5073 1566 5130 uideris.
1583 5074 1617 5128 Et
1631 5073 1795 5144 sanetiprae·

1000 5167 1134 5226 dictatores
1152 5180 1206 5222 nott
1221 5163 1256 5218 ab
1273 5179 1302 5218 rc
1323 5163 1464 5236 propbeta
1489 5163 1682 5235 appellantur:
1704 5161 1750 5232 qui
1770 5167 1796 5214 et

1001 5273 1103 5316 arcana
1130 5252 1321 5327 mysteriorum
1350 5253 1397 5308 Dei
1421 5251 1648 5324 contemplantur,
1668 5257 1694 5305 et
1716 5256 1798 5321 prout

1001 5347 1094 5404 vident
1119 5360 1210 5401 mores
1233 5341 1384 5407 bominum,
1402 5339 1531 5398 adhibent
1558 5340 1654 5395 modos
1676 5337 1796 5394 curatio-

1002 5453 1079 5495 num.
1109 5434 1224 5490 Eliaaeus
1248 5433 1330 5490 Salus
1361 5431 1473 5490 Domini
1497 5429 1714 5501 interpretatur:
1743 5441 1799 5498 qno

995 5526 1110 5584 ¹nomine
1128 5523 1216 5596 quitis
1231 5521 1361 5593 praelatus
1374 5530 1399 5575 et
1417 5520 1514 5576 doctor
1530 5516 1658 5575 Ecclesia
1673 5517 1800 5569 decenter

1039 5671 1104 5738 itti
1135 5666 1219 5734 Alias,
1242 5667 1276 5719 bb
1305 5681 1336 5718 ex
1361 5661 1461 5718 Parsia.
