3950 6350
80 415 139 482 utu
620 423 656 480 [N
669 421 766 480 esui.
784 423 842 492 etti
857 420 1006 480 dieitur
1028 421 1143 482 suedo
1156 426 1207 484 lx.
1679 429 1732 496 itta

76 566 141 608 non
161 551 243 608 modo
256 550 411 620 subsistitis,
430 550 480 607 sed
502 548 584 608 etiam
602 547 737 620 superatis
769 553 883 619 propter
898 556 922 639 Α
938 545 1102 604 condidonis
1124 548 1244 622 gustavit
1256 557 1382 616 mortem,
1406 549 1456 607 sed
1479 564 1535 606 suae
1558 547 1731 624 beneplacito
1776 536 1778 542 ’

78 653 150 697 eum
167 640 214 714 qui
229 641 324 699 dilexit
336 656 394 699 vos.
405 642 525 698 durero
539 654 593 697 nou
607 653 658 710 per
676 637 758 694 euml
774 637 808 693 lit
822 650 881 690 ma·
937 635 1092 710 voluntatis,
1108 654 1175 696 sane
1189 653 1244 694 nou
1259 637 1294 694 ad
1306 638 1445 710 propriam
1468 639 1622 708 utilitatem,
1647 639 1733 708 bono·

78 729 196 790 miseeto.
209 733 372 791 sicutenim
380 729 529 789 abundasti
537 747 589 803 pro
600 729 710 788 Christo
721 727 882 786 tutelarios
938 739 996 781 rum
1016 725 1088 782 euim
1111 735 1264 784 nostrorum
1280 743 1337 784 non
1355 734 1437 802 eget:
1460 727 1510 783 sed
1532 739 1730 803 uectauquant

77 837 136 880 rtet
146 825 262 890 nostrae,
273 821 310 876 ait
319 820 473 892 Apostolus,
483 821 527 876 ita
536 819 683 876 abundant
691 820 779 875 etium
788 832 883 874 coese-
937 814 1091 872 retribuens
1104 816 1183 873 nobis
1197 814 1312 888 gratiam
1325 831 1376 887 pro
1389 813 1486 886 gratia,
1512 816 1557 888 qui
1575 832 1630 873 non
1649 819 1731 876 aliter

78 910 209 969 lotiones
219 915 323 969 nostroe
333 911 486 984 peripsum
503 909 544 982 (tt
557 910 618 968 Gor.
631 925 651 979 1,
663 907 700 979 d).
935 919 985 975 pro
1009 904 1102 961 amieis
1116 913 1239 962 mortuus
1252 913 1303 976 est,
1318 903 1370 960 nisi
1390 919 1440 976 pro
1453 903 1634 976 acquirendis,
1649 907 1730 964 ride.

120 1004 148 1058 2.
177 999 294 1054 Usitutus
329 1014 430 1065 sermo,
454 997 605 1054 eommunis
631 1011 733 1064 sermo,
769 1002 882 1068 propter
936 992 1041 1049 lieetut
1056 995 1156 1051 amicos
1171 995 1319 1051 laceretex
1334 993 1459 1048 inimicis.
1474 991 1542 1049 Cum
1556 991 1628 1048 euim
1643 994 1731 1052 adhue

78 1090 192 1145 Deum:
208 1088 258 1144 sed
270 1086 362 1159 plane,
373 1087 419 1143 ubi
428 1102 484 1143 non
498 1103 583 1144 vacue
596 1085 703 1151 dieitur,
728 1083 884 1157 profundis·
935 1080 1035 1139 inimici
1050 1099 1183 1152 essemus,
1200 1083 1365 1140 reconciliati
1379 1097 1471 1138 sumus
1483 1081 1542 1138 Deo
1557 1096 1607 1153 per
1620 1084 1732 1153 sangui·

75 1178 171 1233 simus
183 1193 284 1234 sermo.
301 1177 405 1233 Crebro
415 1182 494 1231 senet
508 1176 535 1232 in
554 1190 602 1231 ere
627 1174 775 1244 hominurn,
801 1173 881 1228 etiam
936 1184 998 1226 nem
1014 1171 1082 1240 Filii,
1094 1172 1203 1229 suidut
1213 1171 1302 1244 potius
1312 1187 1362 1244 pro
1370 1169 1539 1242 jamamiois,
1551 1169 1731 1228 etsinondum

73 1283 95 1322 a
112 1281 231 1340 quorum
244 1267 328 1323 corde
344 1265 425 1338 louge
447 1280 509 1321 esse
532 1264 674 1337 probetur.
699 1263 803 1320 Omnes
830 1262 880 1319 sibi
936 1259 1046 1332 quidem
1070 1261 1230 1327 amantibus,
1247 1260 1295 1316 sed
1321 1267 1411 1315 tamen
1423 1258 1479 1329 jam
1502 1257 1609 1318 ematis.
1627 1258 1658 1314 ln
1681 1258 1732 1316 hoo

73 1363 200 1427 propter
217 1355 305 1412 Deum
332 1351 457 1426 praestari
484 1353 631 1423 postulant,
659 1360 773 1425 propter
796 1351 882 1409 Deum
937 1357 979 1404 est
994 1348 1064 1405 enim
1077 1350 1174 1420 gratia,
1190 1365 1245 1406 non
1259 1348 1336 1421 quasi
1359 1363 1410 1404 nos
1436 1347 1609 1404 dilexerimus
1631 1346 1729 1415 Deum,

74 1443 209 1516 flagitant
221 1443 275 1501 sibi
289 1441 445 1500 subveneri.
460 1440 550 1497 Foede
564 1457 673 1514 quoque
683 1440 743 1512 ipsa
753 1448 882 1512 petuntur
936 1438 984 1493 sed
999 1438 1062 1510 quia
1074 1439 1147 1510 prior
1161 1439 1219 1510 ipse
1230 1437 1390 1496 dilexitnos.
1401 1436 1449 1493 Vis
1459 1452 1538 1493 nosse
1548 1453 1630 1509 quam
1649 1436 1732 1509 longe

70 1539 198 1603 propter
228 1533 326 1597 Deum,
355 1545 417 1601 quse
444 1537 535 1585 tamen
563 1545 619 1586 nou
646 1537 710 1585 sunt
732 1529 882 1585 seeundum
936 1526 1546 1600 prioriBenedictusDeeseiPoierllomiei
1559 1529 1652 1585 uestri
1666 1529 1733 1586 lesu

72 1620 191 1675 Deum:
208 1626 236 1675 et
249 1617 277 1672 id
299 1617 352 1690 ipsi
366 1616 427 1674 iieri
441 1617 502 1690 quis
517 1618 643 1673 obsecret
656 1624 771 1689 proptor
782 1618 880 1684 Deum,
938 1615 1052 1680 Gltrisii,
1063 1615 1521 1690 aittpostolus,qetbenediettnes
1531 1617 1563 1672 iu
1573 1615 1733 1674 emetieee·
1751 1633 1753 1645 ’

73 1708 158 1780 quud
176 1721 233 1763 non
255 1704 395 1764 desiderat
429 1711 542 1777 prepter
565 1705 662 1771 Deum,
678 1706 765 1778 magis
789 1716 881 1763 autem
935 1703 1572 1776 dictionespiriiueliieeeclesiiiusieChristo,
1588 1704 1731 1761 ciceide-

73 1797 156 1854 iorte
176 1802 271 1852 eontra
284 1796 382 1853 Deum.
397 1795 532 1852 Caeterum
546 1793 623 1852 virus
637 1794 717 1865 plane
731 1801 760 1850 et
783 1793 880 1852 efficax
934 1793 975 1864 pit
984 1809 1035 1852 nos
1046 1795 1078 1848 in
1092 1795 1152 1866 ipso
1163 1799 1230 1851 artie
1245 1795 1347 1852 moedi
1359 1795 1610 1852 constitutionem:
1627 1800 1655 1850 et
1669 1802 1733 1866 post

72 1899 183 1954 sermo,
195 1883 242 1939 ulti
255 1897 310 1941 non
324 1883 518 1957 perfunctorie,
543 1899 598 1940 nou
622 1882 802 1954 usurpatorie,
825 1899 881 1938 non
895 1860 921 1940 Ι
935 1896 1037 1952 pauca:
1053 1881 1240 1956 Groiificueii,
1255 1882 1350 1956 iuquit,
1369 1900 1419 1942 tter
1434 1883 1465 1938 in
1477 1883 1580 1941 dilecte
1592 1883 1668 1942 Filio
1682 1897 1732 1941 tuo

71 1975 157 2031 velut
178 1973 295 2047 quodam
310 1989 361 2030 usu
374 1971 516 2045 loquendi,
539 1972 584 2030 rel
605 1979 663 2028 arte
681 1970 877 2045 persuadendi;
935 1967 1073 2052 (Ephesi,
1089 1973 1115 2037 ³,
1131 1973 1159 2044 l,
1175 1973 1213 2043 6).
1230 1970 1372 2041 Quomodo
1381 1986 1436 2026 nou
1451 1969 1543 2028 dilecti
1551 1973 1609 2042 jem
1623 1979 1688 2027 tune
1700 1968 1730 2026 in

72 2064 132 2119 sed
148 2079 182 2119 ex
195 2063 373 2136 pinguedine,
394 2069 426 2118 ut
451 2061 563 2134 dignum
592 2067 644 2127 est,
668 2057 829 2130 devotionis,
853 2067 881 2116 et
934 2057 990 2129 illo,
1002 2060 1112 2132 quando
1128 2059 1208 2116 electi
1221 2060 1249 2116 in
1264 2059 1332 2116 illei
1346 2059 1482 2132 quomodo
1497 2076 1553 2117 nun
1566 2061 1591 2116 ei
1605 2061 1685 2134 grati,
1700 2058 1729 2116 in

72 2167 152 2223 pura
164 2152 248 2208 animi
258 2150 410 2208 intentione
428 2150 561 2223 procedit.
586 2151 691 2221 Nempe
716 2158 744 2206 et
765 2147 881 2204 muudus
934 2164 988 2220 quo
1002 2146 1145 2222 gratificati
1159 2147 1274 2205 sumus?
1290 2148 1335 2205 Sic
1353 2164 1420 2220 ergo
1439 2149 1562 2205 Christus
1579 2148 1730 2206 seeundum

74 2239 190 2307 transit,
207 2244 236 2296 et
249 2239 469 2310 eoncupiscentia
486 2239 563 2309 ejus;
580 2253 631 2295 nee
641 2237 706 2294 satis
716 2237 819 2294 utiliter
833 2252 882 2309 po·
936 2243 1042 2308 tempus
1054 2237 1165 2310 quidem
1184 2253 1235 2310 pro
1247 2237 1335 2310 impiis
1354 2243 1476 2294 mortuns
1496 2243 1555 2297 est:
1578 2237 1729 2294 seeundum

72 2329 144 2399 sita,
160 2334 206 2385 aut
220 2328 340 2386 stabilita
353 2327 477 2400 firmiter,
490 2327 535 2384 rel
549 2327 665 2384 cedente
679 2341 723 2400 eo,
747 2343 809 2400 quae
827 2341 877 2397 pro
934 2325 1200 2399 praedestiuauonem
1215 2337 1305 2382 autem
1320 2341 1369 2398 pro
1383 2324 1513 2382 iratribus
1528 2331 1556 2383 et
1568 2325 1672 2382 amicis.
1711 2357 1716 2366 ·

73 2414 289 2488 enituissent,
312 2414 487 2474 videbuntur.
518 2413 599 2472 85!
630 2414 680 2470 Ubi
709 2413 781 2470 enim
800 2429 882 2470 eausa
971 2418 999 2470 i.
1013 2416 1044 2470 ln
1068 2415 1110 2470 his
1124 2430 1191 2487 ergo
1206 2415 1332 2472 omnibus
1345 2431 1450 2472 mamm
1464 2419 1507 2472 est
1528 2413 1621 2472 vinum
1646 2414 1731 2487 ipsitts

72 2504 141 2574 ipsa
157 2504 275 2578 deliciet,
291 2505 428 2578 quomodo
451 2520 507 2560 non
520 2503 611 2560 omnia
635 2517 744 2577 quoque
772 2518 832 2576 quae
856 2501 882 2558 ei
935 2503 1063 2578 equidem
1077 2514 1104 2562 et
1118 2504 1209 2572 solius,
1225 2503 1265 2560 uti
1283 2521 1319 2562 ue
1333 2504 1466 2576 quispiam
1480 2508 1640 2560 ceterorum
1659 2519 1732 2576 prse-

72 2595 247 2652 videbautur
259 2594 352 2650 innixa
366 2594 468 2664 pariter
486 2592 711 2650 evacuabuntur?
734 2592 883 2663 Propterea
935 2609 1042 2650 sumere
1055 2594 1153 2650 audeat
1167 2609 1222 2650 nou
1237 2610 1298 2650 esse
1313 2593 1386 2666 quod
1400 2593 1451 2649 sibi
1466 2592 1652 2665 prophetioum
1665 2591 1732 2648 illud

73 2699 194 2757 quoque
209 2683 305 2758 [etim
319 2682 449 2756 denique]
474 2689 501 2740 et
513 2682 565 2755 'qui
588 2682 617 2736 in
642 2695 724 2736 carne
738 2679 881 2745 seminant,
934 2690 1061 2755 aptetur:
1084 2680 1730 2756 tenumsuammetumestuquu(nae1,ea).

72 2773 114 2829 de
140 2789 224 2830 carne
238 2773 339 2828 habent
351 2778 455 2827 meiere
468 2768 691 2840 corruptionem:
709 2767 782 2840 quod
805 2767 883 2825 vitle-
934 2772 1064 2840 Primam,
1075 2771 1148 2842 quod
1163 2787 1244 2828 nemo
1258 2772 1368 2827 interim
1377 2771 1520 2826 mundusa
1534 2771 1626 2842 sorde,
1647 2785 1729 2826 nemo
1800 2807 1804 2818 .

73 2860 146 2918 lieet
160 2860 249 2918 omnis
262 2875 325 2915 earo
340 2859 443 2925 lenum,
465 2865 492 2914 et
504 2857 593 2931 gloria
607 2858 666 2927 ejus
687 2863 816 2927 tanquam
832 2857 882 2912 ilos
934 2857 1044 2932 gloriari
1059 2859 1145 2931 possit
1155 2857 1264 2914 omnino
1279 2864 1427 2914 secusium
1442 2858 1610 2914 habereoor.
1623 2856 1731 2914 Deinde

72 2947 137 3004 leni
152 2955 181 3005 et
194 2947 240 3003 ubi
262 2945 354 3004 ionum
370 2945 483 3012 aruerit,
499 2946 597 3001 liorem
611 2959 721 3020 quoque
744 2943 882 3000 nihilomi-
935 2949 1007 3021 quod
1022 2947 1116 3004 mortis
1131 2945 1252 3002 debitum
1267 2945 1423 3018 persolvunt
1433 2945 1597 3017 quandoque
1615 2959 1731 3002 neeesse

72 3053 130 3093 uus
156 3037 256 3092 cudere
279 3034 311 3090 sit
321 3049 444 3090 necesse.
460 3032 540 3090 Solus
554 3033 601 3107 qui
616 3041 667 3102 est,
684 3047 765 3088 eausa
779 3038 821 3088 est
834 3033 880 3087 in·
934 3045 986 3094 est.
1000 3035 1102 3103 Tertio,
1113 3035 1187 3108 quod
1201 3042 1335 3106 ponentes
1350 3049 1399 3106 pro
1412 3032 1518 3091 Christo
1542 3032 1656 3100 animas,
1678 3033 1731 3090 lrou

72 3124 231 3183 deficiens:
248 3140 298 3180 neu
312 3123 362 3179 ilos
375 3121 441 3195 leni,
457 3122 506 3178 sed
526 3122 638 3178 verbum
657 3119 765 3177 Domini
788 3127 880 3177 manet
933 3125 984 3182 sibi
998 3125 1159 3196 compendio
1174 3123 1256 3182 vitam
1270 3129 1427 3180 mereantur
1441 3129 1571 3180 aternam
1589 3125 1665 3194 (31);
1681 3121 1731 3178 sed

71 3211 103 3266 in
124 3217 261 3268 eternum
275 3210 488 3284 (tiermes).
504 3209 629 3282 usuique
643 3211 755 3277 aetem,
780 3209 878 3281 inquit,
896 3161 918 3245 Β
934 3221 962 3272 et
1001 3231 1042 3272 va
1064 3215 1115 3282 ets,
1148 3213 1171 3270 st
1198 3213 1284 3286 ipsius
1311 3213 1506 3270 erubescerent
1533 3210 1729 3269 testimouium.

72 3305 105 3358 et
121 3305 202 3358 terre
217 3301 388 3366 transibunt,
403 3297 486 3356 verbe
499 3303 596 3356 autem
618 3313 682 3355 uua
705 3315 763 3356 nort
777 3301 881 3357 trausi-
933 3305 1046 3376 Quarto,
1066 3301 1138 3376 quod
1152 3307 1311 3374 praerogatae
1326 3299 1375 3356 sibi
1390 3299 1474 3376 gratis
1491 3298 1619 3356 exhibitae
1647 3304 1731 3356 tauta

73 3391 151 3447 beet
166 3387 276 3461 (detto.
291 3403 372 3459 xxtv,
389 3387 445 3458 35).
933 3391 1071 3448 dilectioni
1092 3391 1223 3464 imparem
1251 3389 1330 3446 nimis
1367 3389 1546 3460 exiguamque
1582 3387 1727 3459 repedant.

113 3482 142 3534 3.
169 3477 324 3533 Prudenter
337 3477 439 3548 itaque,
455 3473 630 3564 dilectissimi,
647 3483 674 3530 et
702 3475 803 3532 utiliter
823 3475 880 3533 ele·
932 3479 1062 3537 Attamen
1075 3494 1127 3534 nee
1141 3479 1192 3534 bue
1211 3477 1327 3543 mistum,
1344 3477 1391 3550 qui
1405 3477 1465 3533 sine
1479 3475 1591 3533 mistura
1605 3482 1657 3543 est,
1681 3475 1743 3534 des'

74 3567 161 3643 gistis
175 3574 288 3639 propter
313 3567 396 3622 verba
418 3565 551 3621 lubiomm
573 3567 634 3634 ejus
658 3565 794 3621 custodire
823 3566 879 3622 vius
933 3568 1071 3642 dignatur,
1086 3569 1154 3625 adeo
1169 3577 1199 3624 ut
1212 3566 1373 3624 fiducialiter
1400 3566 1546 3639 Apostolus
1568 3564 1651 3634 dicat,
1678 3565 1730 3622 im·

73 3659 179 3726 duras3
195 3656 248 3711 illic
271 3655 446 3722 seminantes,
462 3653 559 3709 ubine
574 3653 684 3710 minima
698 3653 879 3727 quidempor-
933 3657 1010 3730 plere
1022 3674 1052 3714 se
1069 3673 1129 3730 qute
1143 3657 1241 3713 desunt
1265 3657 1420 3728 passionum
1433 3655 1532 3712 Christi
1560 3654 1589 3710 iu
1610 3669 1726 3726 corpore

74 3746 114 3803 tio
135 3745 223 3804 vestri
236 3743 347 3801 seminis
371 3741 460 3798 valeat
478 3741 613 3812 deperire.
634 3743 705 3799 Saue
730 3743 776 3814 qui
798 3759 878 3814 pareo
933 3761 984 3803 suo
997 3749 1110 3818 (coloss.
1127 3752 1152 3818 l,
1168 3748 1226 3818 il).
1241 3745 1282 3802 sit
1300 3745 1438 3818 ergolieet
1453 3745 1546 3801 clectis
1556 3743 1729 3815 pariterom-

73 3834 208 3900 seminat,
227 3847 283 3890 non
305 3831 415 3905 quidem
439 3847 494 3887 nou
516 3837 612 3897 metet,
641 3830 690 3887 sed
716 3847 797 3903 parce
821 3848 879 3888 me·
933 3837 1013 3893 nibus
1027 3853 1098 3893 uuus
1115 3835 1244 3908 idemque
1257 3834 1386 3890 denarius
1399 3833 1461 3890 vitae
1476 3833 1632 3889 reddendus
1647 3839 1727 3889 mter·

73 3929 116 3980 tet
132 3922 174 3994 (ll
186 3921 249 3981 Ger.
278 3935 320 3987 tx,
335 3920 375 3991 6).
403 3919 508 3990 Nempe
536 3920 582 3990 qui
611 3920 698 3986 metit,
714 3921 878 3978 mercedem
933 3940 976 3980 nte
989 3933 1017 3980 et
1030 3924 1058 3980 in
1084 3923 1143 3994 ipse
1167 3930 1258 3977 tamen
1278 3920 1349 3977 sieut
1374 3920 1571 3978 stellaastella
1585 3919 1677 3976 diiiert
1698 3921 1726 3975 itt

74 4011 198 4084 accipit:
215 4009 351 4066 eiecimus
369 4007 431 4081 quis
445 4006 570 4080 promisit
582 4025 616 4064 ne
631 4024 694 4065 eum
709 4009 819 4080 quidem
834 4011 880 4083 qui
934 4014 1064 4080 elantate,
1079 4018 1108 4068 et
1122 4011 1173 4067 alia
1199 4010 1307 4067 claritas
1330 4010 1404 4080 solis,
1429 4009 1480 4064 alia
1508 4008 1615 4066 claritas
1644 4010 1724 4078 lunae,

74 4117 129 4176 pro
142 4099 254 4157 nomine
268 4114 319 4154 suo
346 4098 457 4156 calicem
478 4113 556 4170 aquae
579 4096 685 4170 frigidae
709 4099 817 4156 dederit
840 4101 878 4155 si·
933 4103 984 4160 alia
1007 4101 1159 4169 stellarum;
1175 4099 1215 4156 sic
1241 4099 1292 4155 erit
1307 4109 1335 4156 et
1358 4097 1521 4155 resurrectio
1534 4104 1726 4170 mortuorum,

75 4189 168 4256 tienti,
193 4189 320 4245 mercede
343 4187 455 4260 propria
477 4186 623 4243 cariturum
647 4188 756 4260 (Nettb.
772 4205 803 4258 x,
820 4190 876 4260 li).
933 4201 960 4250 et
982 4190 1105 4266 quemuis
1126 4191 1225 4247 domus
1250 4205 1314 4256 una,
1331 4188 1444 4244 diversae
1465 4194 1557 4244 tamen
1570 4187 1644 4243 inea
1664 4199 1728 4244 sunt

75 4275 210 4351 Numquid
221 4275 405 4332 tamennonin
416 4291 470 4348 que
479 4291 606 4332 mensura
615 4291 726 4332 mensus
735 4276 818 4336 fuerit
827 4277 876 4334 sibi
932 4282 1087 4339 mansiones
1097 4301 1104 4337 ε
1116 4286 1147 4336 ut
1160 4278 1296 4347 videlicet,
1307 4285 1437 4352 quantum
1451 4277 1561 4350 quidem
1575 4278 1613 4333 ad.
1622 4277 1729 4334 eterui-

76 4381 192 4440 quoque
206 4365 374 4437 remetietur,
390 4373 437 4420 eut
450 4364 478 4419 in
494 4365 673 4422 retributione
687 4366 837 4438 equabitur
852 4368 876 4424 ei
933 4380 1015 4429 tutent
1029 4379 1056 4429 et
1072 4369 1273 4436 sufficientiam,
1287 4376 1314 4424 et
1335 4367 1380 4440 qui
1404 4382 1507 4438 parum,
1529 4381 1585 4422 nou
1604 4366 1726 4424 minore-

76 4453 478 4528 qui110ssttlu³mtl⁰trissessss
494 4453 544 4510 sed
562 4455 724 4527 sanguinem
748 4454 874 4527 lundens,
893 4471 917 4551 ῃ
933 4469 985 4528 tur,
1001 4462 1086 4535 etqui
1104 4461 1225 4529 multum,
1242 4475 1297 4516 nou
1310 4457 1447 4514 abundet:
1465 4464 1595 4531 quantum
1613 4473 1679 4514 vero
1693 4456 1727 4512 ad

76 4543 255 4618 propinatum
269 4541 320 4598 sibi
339 4542 438 4600 biberit
451 4542 563 4600 calicem
578 4543 813 4603 SalvatorislNou
835 4554 877 4603 est
932 4551 1144 4609 eminentiamet
1159 4549 1351 4606 discretionem
1360 4547 1529 4613 meritorum,
1546 4543 1633 4603 859
1645 4561 1728 4602 unus·

76 4633 122 4692 hic
135 4633 207 4690 culix
234 4649 311 4706 aquae
330 4632 446 4707 frigidm,
470 4635 519 4691 sed
544 4633 613 4690 calix
633 4633 773 4692 inebrians
796 4653 877 4709 quam
935 4642 1050 4716 quisque
1064 4641 1179 4713 neeipiat
1192 4638 1342 4696 seeundum
1356 4651 1435 4692 suum
1453 4635 1586 4704 laborem,
1602 4651 1638 4692 ne
1659 4635 1724 4708 quid

76 4723 227 4796 praeclurus
245 4723 332 4792 (Psoi.
351 4739 423 4792 xxti,
433 4724 473 4796 5),
489 4722 557 4780 calix
572 4722 626 4779 vini
641 4723 718 4796 meri,
730 4733 758 4779 et
768 4724 878 4797 quidem
931 4729 1042 4786 omnine
1056 4735 1151 4800 pereat
1165 4727 1238 4800 quod
1253 4727 1281 4782 in
1296 4725 1404 4781 Christo
1418 4724 1452 4779 sit
1465 4722 1636 4780 seminatum.

76 4812 178 4884 plenus
193 4809 278 4866 mixtu
293 4813 379 4882 [Ptol.
403 4826 503 4880 numu,
516 4813 554 4882 9).
580 4811 660 4868 Solus
684 4812 756 4869 enim
771 4829 877 4870 merum
967 4821 994 4874 ὃ.
1014 4817 1079 4872 llaee
1105 4822 1195 4871 autem
1222 4813 1377 4878 dictasunt,
1393 4811 1502 4880 iratres,
1523 4819 1552 4866 ut
1576 4810 1648 4868 illius
1671 4818 1727 4868 tam

75 4899 175 4960 habuit
189 4899 282 4956 riuum
305 4899 436 4956 Dominus
459 4902 638 4967 meus-iesus,
652 4901 697 4976 qui
721 4903 794 4959 solus
817 4919 878 4975 per·
931 4904 1077 4978 spiritualis
1090 4902 1224 4975 responsi,
1235 4899 1309 4973 quod
1319 4899 1400 4957 hodie
1410 4898 1488 4956 nobis
1497 4899 1726 4957 considerandum

76 4989 148 5046 ieete
162 4987 291 5056 muudus,
308 4995 336 5044 et
346 5003 457 5059 semper
470 4991 549 5044 etiam
574 4997 665 5063 potest
687 4992 778 5049 iacere
802 5011 878 5050 mun·
931 5004 982 5065 est,
998 4993 1088 5068 gratia
1101 4991 1319 5050 commendetur:
1335 4991 1473 5059 Quoniam
1493 4994 1525 5048 iu
1543 5007 1581 5058 cs,
1596 4993 1724 5058 Domine,

6 5119 7 5146 ,
78 5079 142 5136 dunt
159 5077 195 5134 de
224 5076 362 5133 immundo
382 5085 543 5151 conceptum
566 5080 681 5136 semiue.
694 5081 773 5139 Solus
795 5083 877 5155 plane
929 5101 991 5161 apes
1003 5103 1077 5143 meo.
1093 5080 1230 5155 Quidquid
1245 5079 1327 5153 igitur
1340 5079 1476 5151 agendum
1484 5079 1527 5146 sit,
1537 5079 1668 5152 quidquid
1678 5080 1726 5135 de-

77 5183 185 5225 merum
198 5168 293 5225 habuit
306 5167 411 5235 vinum,
426 5167 473 5239 qui
487 5167 613 5224 nimirum
628 5177 656 5225 et
671 5172 821 5229 seeundum
836 5175 877 5228 di·
930 5175 1095 5240 elinandum,
1120 5170 1252 5246 quidquid
1276 5168 1456 5237 tolerandum,
1471 5168 1602 5242 quidquid
1625 5174 1725 5239 optan-

77 5257 218 5314 tinitatem
241 5256 373 5330 sapientia
408 5263 450 5312 est
479 5257 580 5330 ubique
602 5259 740 5335 attingens
762 5271 876 5334 propter
930 5265 1004 5331 dum,
1021 5273 1050 5320 tu
1064 5279 1103 5332 es,
1119 5261 1243 5328 Domine,
1273 5275 1336 5330 spes
1349 5275 1421 5315 mea.
1436 5260 1500 5316 Haec
1518 5257 1583 5312 nihi
1604 5255 1725 5312 omnium

6 5379 7 5406 t
79 5346 238 5404 munditiam
253 5361 339 5419 suam,
356 5353 384 5403 et
398 5345 464 5401 nihil
478 5345 658 5420 iniquinatum
671 5349 744 5406 eadit
758 5351 786 5406 in
796 5366 873 5408 eum:
930 5354 1137 5428 promissionum
1151 5367 1242 5420 eausa,
1257 5351 1315 5406 haee
1335 5355 1391 5406 tote
1409 5347 1477 5404 ratio
1492 5362 1560 5402 meae
1583 5355 1724 5418 exspecta·

6 5475 8 5506 ,
80 5443 107 5492 et
121 5436 271 5492 secundum
286 5435 480 5492 humanitatem
495 5445 635 5508 peceatum
649 5450 704 5493 uon
729 5437 803 5506 iecit,
824 5457 876 5498 nec
930 5444 1019 5501 tionis.
1039 5441 1194 5499 Praetendat
1207 5439 1276 5497 alter
1290 5438 1426 5505 meritum,
1444 5435 1582 5493 sustinere
1597 5451 1628 5492 se
1639 5437 1726 5507 jactet

6 5557 8 5594 ,
79 5523 206 5581 inventus
226 5531 268 5580 est
291 5524 369 5581 dolus
392 5524 420 5581 in
443 5540 490 5581 cre
505 5525 575 5596 ejus.
593 5523 679 5582 dolus
700 5541 756 5584 nou
783 5527 875 5587 debito
930 5533 1036 5616 pondus
1049 5531 1103 5590 diei
1116 5537 1145 5588 et
1157 5535 1250 5598 estus,
1264 5529 1390 5600 jejunare
1403 5524 1446 5582 bis
1462 5523 1492 5580 in
1505 5525 1626 5584 sabbam
1638 5524 1722 5596 dicat,

6 5647 7 5680 l

6 5735 8 5770 l

114 5691 173 5760 qil]
187 5671 278 5762 Ti‘raq.
295 5696 321 5744 et
335 5689 425 5747 liorst.
440 5693 607 5748 uersentur
623 5695 773 5750 eternum.
