3996 6350
22 485 27 497 ι
117 400 167 460 ιιι
651 393 686 455 ιιι
703 390 899 454 hsttvtltttt
918 389 1035 454 boethi
1052 389 1161 452 sunto
1177 390 1223 452 111.
1714 395 1765 455 ιιι

23 516 28 524 “
114 521 281 596 persuaserit
293 519 415 578 versutia
427 516 569 575 diabolicas
583 514 697 572 fraudis.
715 514 814 572 Fracto
827 529 909 571 nam·
928 526 952 606 Α
968 512 1028 584 eiua
1040 509 1134 585 (lpoc.
1151 527 1181 578 v,
1204 509 1232 582 l)
1247 528 1254 568 ι
1276 510 1341 566 dum
1355 510 1427 568 euim
1446 511 1553 572 clausus
1571 517 1666 585 steret,
1683 529 1764 572 nemo

21 603 26 612 ’
113 628 169 686 que
183 610 282 685 sigillo,
294 608 418 683 sequitur
431 620 554 662 amarum
567 603 721 672 discidium,
730 601 807 659 triste
821 601 912 660 divor·
968 618 1002 658 ιι
1016 599 1095 656 nobis
1114 597 1236 656 divinam
1250 597 1323 654 illam
1338 599 1474 671 attingere
1488 603 1649 675 sapientiam
1662 617 1765 676 praevs-

14 687 25 764 Ῐ
114 701 193 757 num.
216 698 270 756 Ubi
290 705 332 754 est
352 697 426 770 quod
450 694 560 764 dixiaiti,
576 709 707 766 nequam,
730 693 912 767 Nequaquam
967 688 1048 746 leret.
1063 687 1146 760 Aperi
1158 695 1185 742 tu
1200 685 1310 753 iibmm,
1325 687 1474 758 Agnellei,
1490 706 1555 746 vera
1573 693 1762 751 mansuetudo.

113 787 299 849 moriemini?
313 786 384 842 Ecce
405 783 479 840 enim
493 782 626 840 morimur
641 797 747 852 omues,
763 788 790 837 et
805 787 915 838 nonest
967 777 1121 834 Fodiendas
1131 791 1238 848 erpone
1248 775 1341 831 ludaeo
1353 773 1433 832 181
1447 791 1543 834 manns
1554 784 1613 836 tuas
1627 789 1655 838 ιι
1669 783 1765 854 pedes,

13 877 19 934 ζ
114 880 197 936 homo
212 877 259 951 qui
273 876 353 945 vivat,
369 880 397 932 et
409 889 464 930 uon
480 873 572 930 rideat
587 878 716 929 mortem.
965 872 999 921 ut
1013 864 1060 938 qui
1073 865 1152 921 ineis
1165 863 1233 920 latet
1247 863 1379 936 procedat
1399 865 1540 920 thesaurus
1554 866 1659 936 salutis,
1674 879 1701 927 et
1714 886 1765 928 co·

13 1024 26 1042 ,
152 969 178 1022 ι.
196 965 250 1022 Sed
266 965 330 1038 quid
345 963 407 1034 erit,
425 962 542 1019 Domine
562 961 659 1018 beust
674 975 851 1033 nunquamne
867 975 914 1018 re-
969 955 1045 1026 piosa
1065 953 1229 1024 redemptio.
1247 952 1352 1024 Frnage
1371 952 1490 1025 denique
1510 954 1691 1012 esurientibus
1713 975 1764 1031 ps-

13 1050 26 1066 *
115 1053 255 1127 parabitur
276 1067 345 1126 opus
365 1058 453 1122 tuum,
469 1057 496 1107 et
519 1050 566 1122 qui
584 1048 714 1106 ceciderit
735 1065 789 1106 nou
807 1047 917 1120 adjiciet
970 1058 1033 1100 nem
1051 1048 1137 1100 tuum.
1152 1040 1312 1099 Solusenim
1329 1041 1457 1112 irnagere
1472 1049 1561 1113 potes,
1580 1043 1626 1115 qui
1640 1043 1722 1112 solus,
1737 1055 1767 1103 ut

115 1150 146 1200 ut
160 1143 305 1214 resurgat?
318 1140 379 1196 Nou
395 1139 499 1212 estqui
513 1137 627 1209 reficiat,
643 1137 696 1194 nisi
712 1137 760 1210 qui
773 1136 848 1194 lecit.
864 1137 917 1192 lta·
970 1131 1108 1189 eontracta
1121 1130 1233 1202 solides,
1248 1137 1320 1186 stare
1335 1137 1415 1201 potes
1430 1147 1436 1184 :
1450 1137 1476 1186 et
1487 1129 1515 1186 in
1525 1130 1585 1202 ipsa
1603 1131 1766 1190 confractio·

116 1229 918 1305 queproplcrmisert'uminopumctgcmt'tumpcupcrom
971 1235 1006 1277 ue
1030 1220 1103 1276 solus
1118 1225 1296 1293 postestatem
1319 1220 1403 1275 habos
1421 1219 1542 1290 ponendi
1561 1218 1691 1290 animam,
1706 1235 1767 1277 cum

13 1301 24 1345 '³
116 1337 194 1378 nunc
208 1335 372 1392 excerpam,
381 1318 451 1375 dicit
464 1319 602 1376 Dominus
612 1333 621 1370 .·
631 1317 775 1390 ponamin
784 1316 916 1389 satutari,
970 1309 1098 1377 volueris,
1114 1307 1314 1364 resumendam.
1330 1308 1388 1363 Tua
1401 1306 1484 1380 igitur
1498 1307 1673 1365 miseratione
1682 1307 1770 1366 solva·

117 1409 290 1480 fiducialiter
304 1424 386 1478 ιιιιι
396 1408 427 1462 in
438 1423 469 1463 eo
480 1405 566 1476 (Psoi.
578 1420 619 1475 xr,
630 1405 669 1477 6).
686 1404 765 1462 Nihil
782 1403 918 1478 siquidem
973 1405 1015 1453 tur
1023 1395 1195 1468 aliquatenus
1208 1397 1261 1452 hoc
1271 1396 1411 1466 templum,
1424 1397 1540 1454 sednon
1553 1396 1663 1469 penitus
1673 1397 1768 1454 dissol-

117 1497 245 1570 proficiet
264 1496 400 1551 inimicus
419 1493 452 1549 in
469 1507 510 1558 co,
530 1498 560 1549 ct
578 1494 657 1564 filins
676 1495 842 1566 iniquitatis
860 1509 918 1552 nctt
972 1493 1059 1542 ratur.
1076 1485 1225 1556 separetur
1238 1485 1272 1542 ab
1282 1485 1372 1540 anima
1381 1499 1455 1553 caro,
1472 1486 1521 1542 sed
1531 1484 1650 1543 Verbum
1664 1494 1770 1544 sancet

118 1584 241 1654 apponet
254 1595 355 1638 nocere
368 1580 396 1638 ei
410 1581 500 1651 (Ptol.
514 1595 655 1651 cxxxvrtt,
667 1581 724 1652 23).
740 1581 857 1649 Novam,
877 1579 918 1636 in-
970 1573 1060 1629 cnrnis
1069 1581 1160 1628 servet
1170 1571 1452 1647 incorruptionem,2et
1466 1574 1565 1632 anirnae
1579 1575 1689 1648 plenam
1701 1591 1770 1634 con-

117 1669 186 1744 quit,
203 1684 256 1741 cgc
277 1667 346 1725 sacic
366 1667 580 1739 commisturam,
597 1668 643 1725 ubi
662 1675 690 1725 ct
709 1668 875 1740 cxprcmics,
891 1675 919 1724 ct
972 1659 1042 1716 ierat
1059 1660 1215 1718 libertatem
1231 1668 1279 1717 :ut
1294 1661 1352 1718 sola
1366 1661 1437 1718 inter
1454 1672 1576 1720 mortuos
1596 1663 1680 1720 libere
1694 1671 1767 1738 agat,

119 1757 259 1814 robustius
272 1771 348 1830 pono
367 1756 495 1830 sigillum,
511 1773 576 1814 eum
589 1756 636 1830 qui
651 1773 707 1813 non
721 1757 756 1812 ad
771 1757 919 1829 imaginem
972 1749 1093 1806 educens
1106 1748 1211 1806 vinctos
1225 1749 1260 1804 de
1275 1749 1356 1806 domo
1370 1751 1499 1824 carceris,
1511 1751 1640 1808 sedentes
1650 1751 1678 1808 in
1692 1761 1770 1809 teue-

118 1861 210 1903 mearn
222 1844 311 1902 iactus
326 1853 376 1915 est,
392 1845 442 1902 sed
462 1853 504 1902 est
524 1845 585 1919 ipsa
600 1845 701 1918 imago,
717 1843 846 1918 splendor
859 1845 920 1918 glo·
973 1837 1030 1893 bris
1051 1847 1080 1894 et
1093 1837 1188 1894 umbra
1208 1838 1314 1895 mortis.
1331 1839 1415 1896 Ponat
1435 1839 1525 1896 anima
1546 1847 1640 1897 sancta
1659 1856 1769 1896 carnem

119 1933 176 2004 rim,
186 1941 214 1990 ιι
224 1933 312 2006 figura
323 1934 490 2005 substantie,
501 1949 554 1990 non
566 1934 662 2004 lactus,
673 1933 722 1991 sed
733 1932 842 2006 genitus
856 1940 919 1988 ante
974 1925 1184 1996 immaculatam,
1208 1927 1258 1985 sed
1277 1929 1468 1986 resumendam
1488 1929 1568 1987 tertia
1581 1929 1626 1986 die
1642 1948 1648 1988 :
1664 1937 1694 1986 ut
1707 1945 1769 1987 mo·

12 2095 15 2108 Ι
119 2024 229 2081 meula.
249 2024 285 2079 Et
303 2040 338 2081 ne
358 2023 429 2080 iorte
448 2024 545 2080 umens
564 2040 625 2081 esse
645 2023 838 2098 frangendum,
857 2021 921 2081 audi
974 2017 1049 2073 rieus
1062 2023 1178 2074 mortem
1192 2015 1318 2088 perimat,
1334 2026 1362 2074 et
1376 2018 1431 2076 vita
1449 2019 1587 2075 hominum
1602 2034 1663 2078 cunt
1677 2035 1769 2076 resur·

119 2112 284 2186 Prophetam
309 2130 316 2168 :
338 2113 435 2182 aruit,
456 2112 554 2186 inquit,
578 2118 715 2187 tanquam
738 2113 921 2172 unicurtis
974 2113 1057 2177 gente
1080 2113 1216 2181 resurgat.
1238 2106 1278 2162 lta
1301 2105 1474 2172 factumest,
1499 2106 1678 2176 dilectissimi,
1692 2113 1720 2164 et
1733 2108 1770 2164 its

12 2229 13 2236 ι
119 2218 183 2260 meo
202 2202 290 2273 (Psoi.
314 2217 376 2272 ιιι,
395 2203 456 2272 ιιι);
472 2203 522 2258 sed
546 2200 606 2257 telis
630 2207 709 2270 testa,
724 2200 841 2266 cuincc
862 2200 921 2272 ipsc
974 2193 1075 2250 iactum
1088 2209 1150 2251 esse
1165 2195 1324 2270 gaudemus.
1339 2196 1426 2252 llorte
1440 2194 1484 2250 illa
1505 2211 1579 2253 mors
1597 2202 1770 2265 mortuaest,

120 2287 236 2344 malleus
258 2287 395 2345 universae
423 2295 504 2345 terrm
532 2305 633 2346 nocere
661 2290 716 2346 ullo
745 2289 828 2346 ruodo
855 2305 921 2361 pos·
976 2289 1003 2338 et
1014 2283 1170 2357 regenerati
1180 2299 1273 2339 sumus
1287 2284 1314 2338 in
1324 2299 1401 2356 spem
1411 2284 1473 2342 vitae
1483 2299 1534 2356 per
1543 2283 1771 2342 resurrectionem

11 2383 13 2418 1
120 2375 165 2434 sit.
189 2377 261 2433 Sane
286 2394 350 2433 cum
371 2377 458 2451 prima
474 2393 507 2434 ex
522 2378 629 2434 duobus
652 2377 723 2433 iacta
740 2377 785 2448 sit,
801 2377 922 2434 secunda
974 2372 1040 2427 lesu
1054 2371 1153 2428 Christi
1166 2388 1200 2428 cx
1214 2373 1337 2428 mortuis.

11 2475 30 2496 ’·
118 2465 177 2536 jam
200 2465 359 2538 cunjunctio
380 2465 457 2524 fitex
472 2466 569 2536 trihus,
586 2475 615 2522 ut
636 2465 774 2523 discasex
789 2467 841 2524 hcc
862 2466 922 2538 ipsc
1011 2463 1038 2515 o.
1053 2460 1114 2516 lam
1128 2460 1191 2532 quid
1206 2459 1325 2519 tutorum
1335 2461 1369 2516 sit
1384 2461 1412 2516 in
1430 2461 1529 2518 unione
1545 2461 1636 2528 tertia,
1648 2461 1710 2535 quis
1728 2459 1772 2520 lo-

121 2553 156 2610 cd
174 2563 375 2612 sacramentum
389 2556 521 2613 accedere
535 2555 684 2612 Trinitatis.
700 2555 831 2627 verbum,
847 2556 923 2629 quod
975 2547 1093 2622 queturi
1107 2547 1164 2605 Nec
1177 2549 1272 2606 oculus
1286 2549 1365 2616 vidit,
1385 2565 1436 2606 nec
1458 2549 1532 2606 auris
1551 2551 1663 2616 audivit,
1679 2565 1730 2608 nec
1745 2550 1773 2605 in

11 2663 12 2674 ι
121 2643 223 2698 eratin
238 2643 373 2716 principio
392 2644 466 2716 apud
481 2645 580 2714 Deum,
596 2651 624 2701 et
638 2646 714 2701 Deus
731 2653 804 2716 erat;
821 2645 923 2718 anima,
975 2651 1023 2694 001
1050 2635 1168 2693 hominis
1194 2637 1328 2708 attendit,
1353 2654 1415 2710 quae
1437 2639 1598 2711 ptaeparavii
1616 2639 1690 2696 Deus
1713 2638 1774 2694 dili·

122 2749 185 2805 quae
199 2731 235 2789 de
249 2731 334 2790 nihilo
352 2741 444 2790 creata
458 2741 511 2804 est,
528 2741 556 2790 ιι
570 2740 632 2790 ante
651 2739 706 2789 uod
726 2739 794 2803 erat,
809 2748 873 2790 caro
888 2733 923 2790 de
975 2723 1102 2798 gentibus
1117 2741 1148 2780 se
1173 2726 1201 2796 (l
1214 2726 1288 2783 Cor..
1313 2739 1343 2794 ιι,
1361 2728 1399 2797 9).
1422 2727 1624 2784 consummatio
1647 2728 1699 2784 erit
1717 2727 1772 2796 illa,

122 2834 214 2876 massa
235 2820 419 2892 corruptionis
439 2820 498 2877 siue
521 2821 696 2892 corruptione
720 2819 811 2894 aliqua
832 2819 923 2878 divino
976 2830 1037 2870 cum
1067 2812 1207 2869 tradiderit
1229 2812 1353 2871 Christus
1376 2830 1492 2886 regnum
1514 2817 1614 2872 Decet
1637 2815 1731 2875 Patri:
1747 2823 1776 2874 et

122 2916 270 2983 segregata
284 2908 414 2977 artificio;
429 2909 519 2982 qualis
532 2908 606 2965 uuila
618 2909 676 2980 jam
690 2924 754 2966 caro
773 2916 846 2979 erat;
861 2909 922 2966 vin·
977 2905 1055 2959 eruut
1070 2901 1124 2958 duo
1139 2901 1261 2974 uoniam
1281 2902 1399 2960 incarne
1416 2918 1481 2974 uua,
1497 2905 1546 2960 sed
1560 2903 1588 2960 in
1598 2903 1695 2977 spiritu
1708 2921 1774 2964 uno.

123 2997 187 3054 culo
201 2996 383 3054 indissolubili
393 2995 421 3052 in
431 3011 557 3069 persona
567 3004 666 3054 coeunt
676 2997 820 3055 unitatem.
831 2998 923 3054 liabes
975 2991 1083 3048 Etenim
1097 2990 1121 3044 si
1135 2990 1278 3046 udhaerens
1292 2993 1368 3047 carni
1384 2992 1515 3060 Verbum,
1526 2991 1628 3050 iactum
1643 2999 1773 3060 estcar03

122 3085 151 3142 in
166 3084 209 3141 his
222 3085 320 3159 triplex
335 3100 423 3159 genus
436 3082 566 3157 potentiae
581 3102 588 3140 ε
603 3086 676 3159 quod
692 3102 747 3143 non
762 3093 831 3156 erat,
846 3101 924 3143 crea-
976 3077 1061 3135 111111ῑο
1075 3076 1162 3149 magis
1178 3077 1225 3151 qui
1248 3079 1394 3135 tdhaetetit
1415 3080 1485 3150 Deo,
1500 3096 1571 3136 unus
1590 3081 1703 3154 spiritus
1725 3081 1777 3138 erit

122 3181 196 3245 tum;
210 3173 285 3246 quod
307 3172 437 3246 perierat,
454 3179 630 3245 reparatum
646 3173 720 3246 quod
735 3191 819 3246 super
833 3173 960 3285 omnmo
977 3179 1038 3220 cum
1052 3180 1098 3222 eo.
1113 3167 1145 3222 Et
1163 3165 1192 3222 in
1206 3169 1257 3224 hac
1276 3168 1386 3242 quidem
1401 3169 1513 3240 unione,
1529 3170 1619 3228 medin
1639 3171 1775 3229 humilitas

120 3269 190 3332 erat,
205 3260 288 3336 paulo
304 3261 401 3317 miuus
415 3260 451 3318 ab
464 3261 570 3336 angehs
588 3260 764 3318 minoratum.
783 3262 847 3318 ilaec
861 3268 924 3316 aunt
977 3254 1133 3324 exhibetur,
1158 3264 1185 3314 ιι
1198 3257 1334 3314 humilitas
1352 3274 1452 3334 magna
1476 3259 1556 3315 nimis
1580 3277 1588 3315 ε
1611 3261 1638 3317 iu
1659 3277 1777 3319 asuero

121 3351 284 3424 evangelica
303 3349 349 3406 illa
360 3357 420 3407 sata
434 3349 538 3420 iarinae,
553 3367 615 3425 quae
633 3350 738 3423 pariter
757 3349 923 3407 fermentan-
977 3359 1060 3416 quam
1074 3352 1274 3417 exspectamus,
1295 3348 1432 3420 adquam
1456 3346 1635 3420 suspiramus,
1655 3350 1778 3422 perlecta

122 3449 169 3497 tur
184 3440 297 3512 (hatti.
320 3455 383 3508 xrrr,
400 3440 457 3512 ³3),
471 3446 501 3495 ut
515 3439 550 3495 sit
563 3439 644 3512 panis
667 3438 827 3515 angelorum
842 3454 924 3512 quem
978 3432 1058 3488 uobis
1072 3433 1106 3506 (si
1117 3441 1208 3492 tamen
1218 3435 1308 3504 nobis)
1325 3437 1445 3508 reposita
1458 3436 1617 3510 glorificatio
1631 3447 1683 3495 est.
1698 3438 1778 3510 Quod

122 3528 272 3586 manducet
284 3531 376 3599 homo,
392 3528 472 3601 panis
485 3544 534 3585 cor
548 3527 666 3584 hominis
680 3526 856 3585 confirmans.
872 3528 924 3585 Fe·
978 3521 1002 3577 Si
1017 3521 1190 3579 meminimus
1204 3523 1230 3578 1¹¹
1244 3524 1330 3595 prima
1349 3526 1551 3596 0⁰¹¹l¹1¹¹⁰ii01102
1567 3543 1621 3601 (111³
1640 3542 1673 3583 0¹
1688 3528 1779 3584 anima

121 3616 163 3673 lix
186 3615 297 3686 mulier,
312 3615 458 3672 benedicta
472 3615 501 3671 in
515 3615 687 3685 mulieribus,
704 3616 733 3670 in
746 3617 825 3686 cujus
844 3616 926 3672 castis
979 3616 1008 3664 ιι
1021 3625 1104 3666 carue
1117 3620 1277 3684 compactus
1291 3621 1333 3669 est
1351 3615 1444 3685 homo,
1459 3613 1620 3671 cttariutem
1639 3630 1779 3672 commen·

124 3703 511 3777 visceribus,superaeniente
522 3702 587 3776 igue
597 3703 683 3760 sancti
698 3703 824 3776 Spiritus,
835 3711 927 3760 coctus
980 3697 1058 3766 dari,
1073 3699 1171 3756 merito
1187 3700 1436 3773 humitiasjeminet
1450 3702 1477 3758 in
1497 3704 1629 3772 secunda,
1644 3704 1707 3778 quis
1721 3706 1778 3763 sola

125 3801 170 3851 est
188 3791 267 3866 panis
281 3792 332 3848 ista
347 3791 397 3866 (ol.
412 3791 495 3864 ritae).
516 3791 600 3860 Felix,
616 3791 738 3864 inquam,
754 3791 852 3848 mulier
866 3809 927 3865 quae
981 3785 1066 3840 tutus
1076 3785 1234 3844 humilitatis
1247 3797 1288 3845 est
1302 3790 1373 3846 laesae
1388 3791 1524 3863 reparatio
1536 3791 1683 3852 charitatis.
1695 3793 1779 3851 Porro

123 3881 155 3939 in
183 3883 244 3938 haec
270 3879 322 3936 tria
350 3887 409 3936 sats
435 3879 547 3936 immisit
574 3879 638 3938 fidei
667 3896 724 3936 suae
751 3879 925 3938 fermentum.
982 3875 1055 3946 quod
1070 3875 1162 3932 unitur
1177 3877 1315 3934 rationalis
1329 3880 1428 3936 animae
1442 3888 1567 3938 creatura
1590 3889 1700 3939 terreno
1714 3897 1778 3940 cor·

126 3971 270 4045 Siquidem
284 3969 339 4024 fide
353 3968 489 4039 concepit,
500 3967 553 4026 lide
568 3968 684 4040 peperit,
697 3976 734 4038 ct,
746 3976 775 4026 ut
790 3969 828 4024 ait
841 3968 928 4026 Elisa*
981 3962 1054 4036 pori,
1074 3965 1187 4023 omuino
1206 3981 1261 4024 non
1280 3975 1322 4023 est
1339 3968 1483 4025 humilitati
1497 3969 1653 4027 adscribere
1673 3989 1680 4026 ι
1696 3971 1781 4043 siqui·

102 4075 107 4084 ·
124 4060 203 4130 beth,
219 4060 301 4116 beata
316 4075 376 4131 quae
390 4057 515 4127 credidit,
531 4057 661 4131 quoniam
679 4057 802 4130 perfecta
821 4059 927 4115 suntin
982 4053 1047 4109 dem
1061 4068 1118 4110 non
1138 4070 1171 4110 ιι
1194 4054 1391 4113 deliberatione
1413 4056 1525 4130 propria
1545 4057 1620 4114 carni
1637 4056 1779 4130 miscetur,

125 4164 161 4206 ee
183 4164 245 4222 quac
267 4147 340 4205 dicta
361 4153 423 4203 sunt
439 4146 464 4203 ιι
480 4162 496 4202 ι
518 4145 635 4203 Domino
654 4149 732 4220 (buc.
755 4163 775 4217 1,
792 4147 848 4218 lb).
871 4147 929 4204 Nec
982 4143 1031 4198 sed
1047 4143 1166 4200 creando
1175 4143 1336 4213 immittitur,
1352 4146 1524 4203 immittendo
1534 4154 1655 4204 creatur.
1668 4147 1730 4205 Non
1741 4149 1781 4207 sic

126 4237 236 4294 mireris
259 4236 333 4310 quod
356 4235 410 4294 lide
434 4237 495 4307 ejus
522 4235 661 4292 mediante
689 4235 794 4292 unitum
813 4235 928 4292 dixerim
982 4247 1049 4288 sane
1064 4248 1187 4290 summus
1201 4233 1246 4290 ille
1263 4233 1390 4305 Spiritus,
1405 4235 1452 4309 qui
1468 4251 1530 4293 cum
1545 4237 1717 4310 essetmagis
1730 4238 1780 4296 bo-

126 4324 251 4382 verbum
274 4324 360 4395 carni,
376 4324 597 4398 quandoquidem
617 4331 645 4382 et
658 4340 770 4381 carnem
792 4324 880 4396 ipsam
893 4325 928 4382 de
983 4337 1045 4393 nus,
1067 4322 1127 4395 ipso
1141 4323 1304 4396 beneplaciti
1317 4324 1358 4380 sui
1377 4323 1489 4382 arbitrio
1504 4326 1619 4384 accessit
1632 4327 1667 4383 ad
1681 4342 1781 4401 corpus

127 4413 189 4485 ejus
204 4427 288 4470 carne
309 4411 438 4485 suscepit.
460 4413 531 4471 Sane
544 4429 580 4470 ne
593 4414 646 4471 hoc
665 4412 776 4487 quidern
798 4411 928 4485 praescnti
982 4411 1223 4486 incoinquinatum.
1238 4413 1334 4470 llerito
1349 4414 1467 4489 danique
1481 4415 1640 4473 chantatem
1651 4424 1679 4474 et
1690 4417 1781 4474 humi-

127 4501 294 4575 expositioni
313 4502 423 4558 obviare
444 4509 544 4575 potest,
561 4502 634 4576 quod
654 4503 689 4559 de
707 4502 826 4560 ooelestis
849 4500 928 4576 regui
944 4535 967 4614 υ
983 4501 1087 4560 litatem
1101 4501 1224 4576 sequitur
1235 4502 1407 4578 glorificatio,
1422 4503 1488 4577 quia
1500 4504 1560 4561 siue
1569 4505 1701 4562 charitate
1715 4505 1781 4564 nihil

127 4590 227 4648 dicitur
241 4589 426 4648 similitudine.
446 4593 543 4664 Neque
557 4591 631 4648 enim
649 4591 792 4667 indignum
808 4591 926 4665 videtur,
983 4591 1115 4664 prodesse
1129 4593 1233 4664 potest;
1245 4599 1273 4648 et
1283 4607 1374 4663 nemo,
1389 4592 1442 4648 nisi
1457 4593 1503 4666 qui
1514 4608 1544 4650 se
1559 4592 1692 4665 humiliat,
1708 4595 1783 4652 exal-

127 4679 151 4737 si
175 4680 307 4738 coelomm
329 4697 445 4757 reguum
468 4681 531 4738 lidei
555 4681 646 4738 hane
670 4687 852 4755 comparatur,
874 4696 929 4756 qua
984 4679 1086 4737 tabitur
1104 4681 1182 4754 (loc.
1198 4694 1258 4750 ιιι,
1276 4682 1332 4752 ιι).

127 4777 158 4827 ιι
171 4777 324 4842 reparatur.
1294 4769 1412 4828 sunno
1431 4771 1479 4826 lll.

166 4860 194 4913 5.
209 4856 297 4928 liujus
316 4857 408 4930 itaque
431 4856 569 4916 vinculum
592 4858 701 4915 unionis
723 4859 796 4916 nulla
816 4859 929 4918 omniuo
985 4859 1022 4915 Dc
1033 4857 1101 4922 loeo,
1114 4861 1238 4932 tempore
1250 4861 1277 4916 ιι
1287 4860 1354 4918 olias
1368 4860 1596 4919 circumstantiis
1607 4863 1784 4924 Natiuitatis.

128 4946 238 5004 solvere
261 4945 361 5018 poterit
384 4954 507 5004 creatura
532 4968 539 5004 :
564 4948 701 5023 siquidem
724 4964 776 5007 uec
799 4949 929 5024 princeps
1020 4951 1044 5004 ι.
1067 4947 1127 5002 Duo
1141 4946 1200 5019 (ιι)
1223 4948 1350 5021 quaedam
1374 4963 1466 5006 rerum
1485 4966 1599 5025 genera,
1621 4951 1729 5025 iratres,
1755 4955 1783 5010 in

128 5036 322 5109 hujusmundi
336 5036 418 5093 habet
429 5037 455 5092 in
466 5038 668 5112 nequidquam,
680 5039 929 5113 uecipsoloanues
984 5037 1035 5093 hac
1047 5035 1195 5095 Nativitate
1212 5036 1321 5094 Domini
1332 5039 1486 5109 considero,
1503 5056 1557 5098 non
1566 5042 1655 5098 solum
1666 5043 1783 5114 diversa,

130 5127 239 5185 solvere
253 5124 353 5202 dignus
367 5131 410 5182 est
426 5126 571 5200 corrigiam
589 5128 776 5184 calceamenti.
800 5128 871 5199 Quid
886 5136 929 5186 ta-
984 5123 1033 5180 sed
1044 5131 1072 5181 et
1082 5123 1223 5182 dissimilia
1233 5123 1322 5185 valde.
1332 5125 1473 5199 Siquidem
1482 5136 1509 5184 et
1517 5145 1585 5200 pucr
1596 5131 1642 5202 qui
1653 5131 1783 5202 ιιιιιιιιι,

130 5215 215 5274 meni
230 5215 356 5274 Solantur
370 5223 443 5274 certe
465 5215 636 5290 aliquatenus
651 5233 766 5275 necesse
780 5226 821 5275 est
838 5236 846 5274 z
861 5219 929 5276 alio·
984 5215 1058 5273 Deus
1081 5222 1138 5284 est;
1154 5223 1181 5271 ιι
1203 5223 1289 5272 mater
1312 5215 1347 5272 de
1362 5233 1414 5290 qua
1435 5217 1565 5290 nascitur,
1580 5220 1658 5290 virgo
1673 5225 1732 5288 est;
1756 5230 1784 5278 et

131 5305 199 5379 quin
212 5307 284 5378 quod
300 5305 461 5364 dissolutum
475 5311 527 5375 est,
543 5321 596 5364 non
611 5306 782 5364 resolidatur.
794 5308 874 5365 Panis
887 5309 930 5364 in-
984 5310 1079 5377 partus
1095 5305 1154 5378 ipse
1168 5305 1226 5361 sine
1250 5305 1345 5362 dolore
1367 5313 1419 5363 est.
1439 5307 1536 5380 Fulget
1550 5308 1576 5362 in
1602 5308 1724 5366 tenebris
1738 5311 1783 5368 lux

131 5401 221 5468 teger,
237 5395 382 5452 thesaurus
397 5396 584 5464 absconditus,
595 5397 727 5469 sapientia
742 5397 857 5468 occulta,
869 5415 930 5471 quae
985 5410 1054 5451 nova
1069 5394 1105 5450 do
1124 5392 1214 5464 coelo,·
1227 5392 1358 5469 gaudium
1372 5411 1502 5470 maguum
1516 5396 1631 5470 angelus
1646 5401 1783 5476 evangeli·

131 5482 234 5540 utilitas
246 5483 274 5540 in
289 5483 332 5540 his
345 5485 493 5544 omnibus?
508 5485 603 5542 llerito
627 5485 711 5543 tiebat
731 5488 851 5546 loannes
875 5505 930 5547 non
985 5492 1041 5554 est;
1057 5483 1148 5541 laudat
1168 5482 1313 5540 multitudo
1326 5483 1447 5540 coelestis
1460 5483 1579 5554 militiae3
1597 5486 1676 5543 datur
1696 5487 1784 5562 gloria

131 5572 249 5630 inveniri
269 5573 315 5646 qui
338 5573 458 5646 aperiret
481 5575 590 5647 iibmm,
606 5582 634 5632 et
652 5577 769 5634 solveret
790 5577 929 5652 signacula
984 5579 1053 5646 Deo,
1073 5591 1125 5647 pax
1140 5573 1296 5630 hominibus
1310 5574 1390 5631 bonae
1407 5573 1570 5645 voluntatis;
1591 5585 1704 5634 currunt
1718 5594 1784 5651 pss-

167 5661 226 5736 (lt)
241 5661 273 5720 ln
287 5663 473 5739 nmuscnpto
484 5663 589 5722 Gallico
602 5664 766 5724 Fuliensium
780 5667 891 5746 legitur,
909 5676 976 5742 trto,
993 5676 1020 5726 et
1035 5664 1144 5725 rectius.
