4064 6344
253 387 324 450 1⁰39
732 382 762 444 S.
781 377 951 441 chullabi
973 366 1111 439 aculus
1127 375 1443 440 thffiihbbsslissls
1830 374 1903 438 tatu

252 527 346 570 eorum
369 523 512 583 personam
537 507 597 580 ejus
619 507 761 580 gerebant,
785 505 826 562 ita
847 506 1088 600 utloquereturq
1136 505 1164 560 1.
1173 503 1276 562 Verum
1290 518 1344 561 uon
1363 501 1452 560 solum
1476 499 1596 560 visitedt
1616 509 1726 568 terram,
1750 497 1797 570 qui
1810 513 1901 556 aerem

252 601 369 676 quisque
382 599 502 665 illorum,
517 605 709 668 nonunquam
724 595 848 669 angelos,
863 594 1048 666 sedtanquam
1103 591 1264 660 transilivit,
1289 591 1338 648 sed
1361 591 1441 648 etiam
1467 589 1575 656 omium,
1603 587 1707 645 dicente
1736 585 1901 660 Scriptura:

251 687 395 746 Dominus.
412 687 493 743 Verbi
509 685 606 760 gratia,
624 685 670 742 ille
684 686 799 758 augelus
813 684 861 757 qui
882 699 942 741 curu
957 685 1049 754 hloyec
1102 683 1229 748 Domine,
1240 683 1272 737 ia
1285 681 1353 739 coeia
1366 678 1563 739 misericordia
1577 682 1627 734 tata
1637 679 1667 735 et
1681 678 1789 736 ueritas
1800 681 1905 733 tuaac

252 777 424 848 loquebatur,
448 775 572 842 dicebat,¹
592 787 657 844 nan,
685 775 746 845 Ego
769 771 886 840 Domini,
911 771 969 838 sed,
995 773 1049 844 ligo
1104 787 1156 844 qae
1170 769 1205 826 ad
1217 768 1305 825 acha
1317 768 1403 840 (Peai.
1413 783 1507 836 xxxv,
1517 767 1556 839 6).
1568 767 1661 840 Usque
1675 767 1710 823 ad
1725 765 1816 822 nubes
1830 766 1904 820 enim

252 867 398 935 Dominae,
412 872 491 937 atque
503 864 530 919 id
540 861 707 936 frequentius
717 861 841 918 iterabat.
854 859 972 916 Saliehat
986 872 1052 932 ergo
1104 855 1204 915 ccelum
1218 865 1259 915 est
1273 857 1347 930 quod
1365 856 1514 912 inhabitant
1527 854 1612 913 sancti
1634 854 1738 930 angeli,
1762 869 1836 927 qnos
1850 868 1907 909 noa

252 960 284 1012 a'a
294 953 447 1021 meatibus,
459 953 488 1008 id
502 959 548 1008 est
558 951 587 1008 in
601 949 713 1024 angelis,
729 950 757 1005 in
771 947 869 1022 quibus
881 946 1050 1021 etloqueba·
1105 945 1231 1003 transiliit
1252 945 1385 1018 Sponsus,
1408 945 1456 1003 sed
1471 945 1533 1002 salit
1548 945 1576 1001 in
1592 943 1644 1014 eia,
1657 943 1694 1000 ita
1713 951 1743 1000 ut
1763 941 1907 1016 imprimat

251 1051 306 1110 tur,
325 1053 352 1099 et
372 1057 449 1098 suam
470 1039 626 1096 hominibus
646 1037 789 1096 exhibebat
811 1037 987 1108 presentiam.
1008 1034 1051 1090 Ad
1104 1034 1171 1107 ipsis
1179 1034 1233 1092 duo
1246 1035 1370 1108 quedem
1380 1034 1495 1108 vestigia
1503 1033 1602 1105 pedum
1612 1047 1734 1104 suorum,
1748 1031 1908 1090 misericor·

252 1129 378 1186 homines
399 1127 471 1184 enim
485 1127 610 1193 saliebat,
625 1127 673 1182 sed
694 1125 722 1180 in
743 1123 857 1198 augelis,
876 1139 930 1180 non
950 1125 978 1196 in
1001 1137 1049 1190 ee3
1104 1123 1176 1180 diam
1190 1133 1218 1180 et
1229 1122 1368 1181 ueritatem
1387 1140 1394 1182 :
1414 1121 1561 1195 dequibus
1576 1119 1825 1194 Dominiveetigiis
1842 1136 1908 1176 me-

253 1233 307 1275 non
331 1217 359 1273 in
383 1233 431 1274 sua
454 1222 561 1282 natura,
585 1216 634 1272 sed
654 1213 682 1269 in
699 1215 820 1286 subjecta
841 1219 973 1270 ereatura.
998 1209 1051 1280 Qui
1104 1211 1171 1268 mini
1184 1227 1229 1268 me
1242 1211 1269 1267 in
1289 1209 1474 1284 superioribus
1492 1209 1664 1267 sermonibus
1678 1208 1786 1282 plenius
1805 1208 1906 1281 dispu-

252 1306 323 1363 eoim
338 1303 409 1371 salit,
430 1304 466 1360 de
486 1302 545 1360 loeo
559 1303 595 1358 ad
610 1302 700 1358 locum
713 1301 801 1360 radit:
822 1301 894 1374 quod
910 1315 963 1358 nan
979 1298 1051 1357 cadit
1105 1310 1177 1356 tasse
1191 1299 1288 1368 (terrra
1303 1299 1344 1370 6).
1359 1300 1382 1355 Α
1396 1298 1515 1356 nubibus
1537 1313 1602 1355 rere
1622 1307 1649 1356 et
1661 1297 1730 1354 inira
1746 1297 1905 1354 daemonum

254 1395 281 1450 in
296 1393 390 1449 boum.
406 1391 479 1465 Ergo
493 1393 519 1447 ln
533 1390 680 1456 montibus,
697 1389 723 1446 id
738 1397 780 1447 est
794 1390 821 1445 in
835 1390 948 1462 augelis,
971 1389 1051 1445 salie-
1105 1387 1235 1445 habitatio
1255 1394 1296 1444 eat
1318 1387 1348 1442 in
1367 1402 1430 1443 aere
1453 1386 1505 1444 isto
1534 1386 1627 1444 inllma
1641 1393 1667 1443 et
1680 1385 1852 1459 caliginoeo;
1878 1387 1905 1442 iu

253 1482 307 1555 hat,
332 1482 378 1552 qui
402 1481 430 1536 iu
459 1496 489 1537 se
513 1493 566 1536 non
588 1485 708 1551 poterat;
729 1486 757 1534 et
779 1477 892 1536 saliebat
913 1493 1000 1548 usque
1018 1476 1052 1532 ud
1106 1475 1205 1544 quihus
1220 1490 1274 1532 non
1290 1475 1349 1531 salit
1364 1489 1492 1548 sponsus,
1508 1475 1556 1532 scd
1569 1474 1684 1531 transilit
1695 1473 1757 1531 illos
1770 1481 1906 1545 etpracte-

256 1570 351 1642 colles,
374 1569 461 1626 idest
481 1567 646 1642 patriarchas
663 1575 689 1622 et
709 1567 864 1638 prophetas,
889 1573 1054 1636 ceterasque
1107 1564 1141 1620 rit
1152 1581 1202 1622 uec
1210 1563 1295 1620 ullum
1305 1564 1333 1618 in
1344 1580 1375 1620 se
1385 1563 1500 1621 retinent
1509 1563 1559 1618 Dei
1568 1561 1734 1619 transeuntis
1743 1562 1904 1636 vestigium.

169 1647 174 1655 ’
255 1659 407 1732 spirituales
426 1658 502 1714 viros
516 1656 551 1712 de
566 1661 646 1712 terra.
668 1654 721 1711 Sed
736 1653 899 1711 transiliebat
917 1664 943 1711 et
956 1653 1052 1720 colles,
1106 1655 1174 1710 Nam
1201 1654 1337 1726 quomado
1361 1653 1389 1709 in
1413 1651 1522 1710 diabolo
1536 1651 1634 1709 ueritas
1657 1657 1708 1718 est,
1733 1650 1770 1708 de
1793 1665 1850 1724 qno
1878 1651 1907 1706 in

254 1765 315 1807 eum
332 1761 387 1802 non
401 1744 487 1802 solum
504 1744 609 1818 msgms
626 1755 653 1800 et
669 1742 853 1814 spiritualibus
871 1741 946 1808 viris,
963 1742 1054 1802 sedet
1107 1741 1263 1816 Evangeliis
1272 1740 1401 1799 Veritatis
1414 1740 1546 1798 sententia
1555 1745 1652 1809 exstat,
1663 1739 1736 1814 quod
1747 1741 1777 1794 in
1789 1738 1906 1796 ueritate

254 1833 389 1908 aliquibus
407 1832 442 1887 de
464 1827 576 1905 popula,
593 1830 674 1887 etiam
695 1836 722 1887 et
741 1829 877 1886 nonnullis
895 1829 1053 1886 mulieribus
1072 1833 1165 1910 flnon
1179 1831 1261 1891 stetit.
1276 1830 1325 1886 sed
1343 1831 1463 1885 mendax
1477 1828 1581 1886 exstitit
1604 1828 1638 1908 ab
1666 1827 1770 1886 initiat
1783 1825 1840 1884 Sed
1854 1843 1906 1884 nee

254 1923 371 1994 sequela
389 1922 492 1996 augelis
511 1920 584 1994 loqui
603 1926 775 1992 etapperere
793 1919 985 1991 dignatusest.
1003 1917 1053 1974 Vel
1110 1919 1311 1976 misericordam
1326 1919 1388 1991 quis
1398 1917 1495 1975 dixerit
1512 1934 1587 1988 eum,
1606 1917 1654 1991 qui
1677 1917 1857 1976 nihilominus
1871 1919 1905 1974 ab

254 2011 338 2069 colles
352 2009 417 2068 dicit
432 2008 520 2066 aerias
531 2013 689 2081 potestates,
705 2021 767 2080 quae
780 2007 849 2063 inter
859 2015 973 2076 ,orontes
988 2005 1052 2079 qui·
1106 2007 1183 2064 initio
1198 2005 1332 2064 homicida
1345 2005 1431 2064 luisse
1444 2006 1541 2063 eadem
1563 2006 1622 2079 ipsa
1635 2005 1777 2080 Evangelii
1792 2005 1907 2065 veritate

253 2101 317 2156 dem
332 2097 442 2154 minime
461 2098 518 2167 iam
533 2103 716 2163 numerantur,
732 2111 782 2167 pro
795 2111 828 2152 eo
847 2094 949 2169 quoda
965 2094 1051 2152 virtu·
1105 2097 1275 2152 convincitur
1288 2095 1381 2168 (loca.
1394 2109 1456 2164 utu,
1477 2095 1535 2166 11).
1551 2096 1634 2152 Porro
1648 2103 1737 2151 autem
1753 2094 1846 2168 qualis
1858 2109 1906 2166 pe-

256 2197 312 2244 tnm
323 2185 483 2243 celsitudine
492 2185 661 2242 defluxerunt
671 2201 720 2256 per
729 2184 881 2256 superbiam
891 2193 1051 2256 ;neotamen
1106 2182 1271 2249 teriumilias,
1291 2182 1361 2240 tales
1376 2191 1403 2240 et
1416 2183 1560 2240 domestici
1573 2185 1642 2254 ejus.
1658 2182 1774 2240 Pulchre
1788 2181 1907 2256 proinde

255 2289 343 2348 usque
368 2276 401 2331 ad
420 2273 531 2330 humilia
545 2274 665 2340 vallium,
685 2273 742 2330 sive
756 2273 791 2328 ad
807 2272 894 2329 valles
909 2272 1050 2328 humilium
1104 2271 1138 2327 de
1151 2269 1257 2344 Sponte
1278 2271 1396 2328 Ecclesia
1409 2271 1539 2343 psallens,
1554 2271 1629 2345 quad
1651 2271 1681 2327 in
1706 2271 1770 2327 altis
1786 2270 1904 2336 habitet,

255 2354 310 2435 per'
318 2363 506 2437 paenitentiam
521 2361 721 2419 detumescunt.
737 2361 777 2416 De
792 2361 834 2416 his
855 2362 972 2418 arbitror
985 2359 1050 2416 illud
1103 2367 1130 2416 et
1145 2359 1257 2417 bomilia
1272 2359 1400 2432 respiciat
1418 2359 1447 2414 in
1467 2361 1537 2416 eoelo
1551 2367 1580 2416 et
1603 2359 1630 2414 in
1645 2367 1717 2416 terra
1730 2361 1819 2430 (Paul.
1835 2373 1907 2425 extr,

254 2452 357 2508 dictum
368 2451 397 2507 in
411 2451 536 2524 psalmis:
553 2451 668 2517 dania,
682 2451 759 2506 sicat
778 2465 852 2516 cero,
867 2450 1051 2521 [inserueris
1104 2451 1132 2517 o,
1147 2447 1186 2522 6),
1207 2449 1310 2506 nullam
1325 2447 1435 2505 omnino
1451 2449 1615 2506 mentionem
1633 2447 1698 2506 iacit
1711 2450 1745 2507 de
1756 2449 1801 2507 his
1814 2450 1863 2522 qui
1878 2449 1907 2504 iu

254 2542 329 2612 sacia
342 2539 551 2610 Domiaiffeai.
562 2553 638 2605 aaut,
655 2539 695 2610 bi.
709 2539 765 2596 llas
778 2538 869 2610 itaque
881 2543 1051 2594 tumentesao
1104 2551 1167 2594 aere
1189 2545 1335 2594 versantur
1354 2536 1492 2610 spiritibus
1513 2537 1650 2610 superbis,
1675 2538 1804 2610 quoniam
1832 2539 1907 2594 neus

254 2628 360 2685 steriles
374 2627 469 2698 colles,
484 2635 611 2700 tauquam
623 2625 726 2682 medios
740 2626 844 2698 positos
857 2626 929 2683 inter
944 2634 1051 2682 montes
1104 2626 1230 2697 superbis
1240 2626 1352 2698 resistit,
1363 2625 1599 2683 ethumilibusdat
1609 2625 1725 2700 gratiam
1735 2629 1855 2698 (laem,
1864 2629 1906 2697 e).

255 2717 437 2789 perlectorum
460 2722 487 2771 et
510 2717 594 2771 ratres
618 2715 820 2786 poeniteutium,
846 2714 941 2786 procul
968 2714 1051 2771 dubio
1139 2717 1167 2781 o,
1183 2714 1264 2772 Videt
1273 2729 1339 2790 ergo
1352 2714 1429 2771 illum
1440 2713 1581 2772 salientem
1595 2713 1623 2770 in
1632 2714 1908 2772 montihuaettraua·

255 2805 393 2875 transiliit,
413 2803 459 2876 qui
482 2805 508 2859 in
532 2804 670 2861 montibus
689 2804 765 2875 salit;
788 2804 885 2877 hisque
908 2803 1051 2874 preteritis
1104 2802 1222 2860 ilieutem
1236 2803 1328 2870 calles,
1348 2803 1427 2874 juata
1440 2802 1650 2873 imprecationem
1666 2802 1750 2860 ilarid
1763 2801 1906 2860 dicmur:

256 2900 283 2949 et
297 2893 432 2965 despectis
445 2892 582 2949 deseendit
600 2892 633 2949 ad
654 2893 746 2959 valles,
767 2898 797 2948 ut
810 2892 895 2949 valles
914 2892 1051 2948 abundent
1107 2891 1207 2949 Omaea
1229 2895 1339 2950 mantes
1353 2893 1403 2964 atti
1420 2891 1453 2947 ia
1467 2893 1594 2950 circuita
1606 2895 1669 2964 eiras
1683 2897 1763 2960 caat,
1779 2891 1863 2950 idest
1877 2893 1907 2947 in

255 2979 400 3038 frumento.
428 2981 512 3036 Porro
530 2980 570 3036 illi
590 2995 606 3036 e
624 2981 739 3054 regione
759 2988 860 3038 oeterna
878 2979 999 3036 ariditate
1019 2993 1051 3036 ae
1105 2978 1221 3036 circuitu
1240 2979 1356 3047 Gelbes,
1371 2981 1469 3038 visitet
1483 2982 1639 3049 flamiam
1657 2980 1788 3039 aGclboe
1805 2983 1907 3038 autem

256 3068 396 3127 sterilitate
418 3067 590 3136 damnantur,
605 3069 677 3125 sicut
697 3071 780 3125 habes
803 3069 942 3143 propheta
968 3083 1051 3140 super
1107 3070 1236 3127 maaeeat
1253 3068 1295 3142 (11
1309 3072 1374 3142 lica.
1398 3083 1418 3136 r,
1440 3071 1496 3141 tl).
1520 3069 1636 3127 Diabolo
1660 3084 1769 3142 nempe,
1783 3069 1833 3142 qui
1855 3083 1909 3142 per

256 3157 319 3214 illos
341 3157 576 3229 imprecationem:
599 3159 654 3216 Nea
680 3173 736 3228 ras,
756 3157 852 3231 inquit,
877 3173 929 3216 aea
949 3158 1052 3232 plavia
1067 3131 1089 3211 c
1103 3151 1205 3211 Gelboe
1218 3155 1387 3230 designatur,
1408 3156 1470 3214 hine
1485 3156 1620 3214 indesuut
1636 3168 1742 3215 montes
1755 3173 1827 3230 quos
1843 3157 1908 3213 risi-

257 3246 427 3305 deaccadaat
449 3261 535 3320 aaper
554 3259 612 3303 aaa.
634 3247 725 3318 Atque
747 3254 776 3301 ut
801 3246 908 3302 noteris
928 3245 1001 3318 quod
1018 3245 1052 3300 ad
1107 3243 1301 3317 tatDominus3
1314 3259 1399 3316 supra
1412 3246 1513 3319 angeli,
1524 3245 1594 3302 inira
1605 3245 1739 3302 homines.
1750 3247 1780 3301 ln
1795 3261 1906 3317 mum

256 3333 369 3408 angeles
388 3334 433 3405 qui
465 3333 633 3405 prevaricati
654 3335 788 3390 sumsuh
809 3331 897 3408 ligura
919 3333 1054 3391 montium
1106 3331 1241 3403 siquidem
1253 3349 1331 3391 suam
1343 3335 1433 3391 locum
1447 3335 1474 3390 in
1488 3349 1550 3392 aare
1563 3334 1625 3402 istc,
1638 3335 1755 3391 medium
1768 3335 1841 3391 inter
1854 3349 1909 3392 oua·

257 3421 361 3480 Galbae
373 3421 425 3478 ista
438 3421 575 3494 loquatur,
599 3421 656 3491 libi,
671 3421 766 3493 inquit,
779 3421 942 3479 ceciderant
955 3421 1054 3480 aulac-
1107 3418 1163 3475 lum
1178 3431 1205 3478 et
1215 3432 1325 3490 terram,
1335 3423 1369 3479 de
1382 3423 1452 3480 coelo
1465 3424 1564 3482 cadens
1579 3425 1690 3480 sortitus
1703 3430 1756 3492 est,
1772 3433 1804 3480 ut
1813 3424 1908 3479 rideat

257 3513 317 3568 rati
325 3512 415 3568 malti
423 3510 532 3582 (illisa.
543 3509 716 3581 r,tt).Quam
725 3510 838 3565 multiin
847 3510 888 3566 his
905 3509 1056 3566 maledictis
1107 3515 1136 3565 et
1149 3509 1278 3582 inuideat,
1293 3511 1515 3584 ipsaqueinridis
1530 3519 1695 3585 torqueatur,
1709 3511 1851 3582 Scriptura
1865 3511 1909 3566 di-

258 3601 395 3654 montihus
412 3599 446 3654 de
460 3598 582 3654 exercitu
601 3598 682 3654 lsrael
702 3597 858 3654 ceciderunt
880 3614 896 3652 a
911 3598 1054 3669 principio,
1107 3595 1184 3655 cente
1199 3617 1206 3655 :
1222 3600 1357 3658 Peccator
1377 3601 1481 3659 uidebit
1499 3604 1529 3658 et
1546 3602 1688 3658 irascetur
1700 3599 1834 3659 dentibus
1847 3601 1908 3658 autb

260 3696 288 3744 et
304 3686 424 3758 quotidie
441 3688 556 3743 oaduntl
573 3686 880 3758 Dequihusethabesin
890 3687 987 3743 eodem
996 3702 1057 3757 pro-
1108 3687 1214 3757 fremet
1225 3688 1486 3760 ettabeecetffaat.
1497 3703 1556 3758 car,
1573 3689 1629 3760 itt).
1641 3687 1731 3758 Quam
1738 3687 1833 3758 miser,
1845 3703 1908 3742 curn

147 3810 149 3814 ι
260 3779 350 3849 pheta,
368 3789 431 3831 cum
445 3773 510 3830 dicit
520 3773 901 3847 nonnae:,staataataeratt
909 3775 1056 3832 damian-
1108 3774 1221 3848 suspicit
1234 3777 1328 3846 cetos,
1343 3777 1371 3834 in
1385 3777 1650 3850 quihusiuuumercs
1664 3785 1772 3834 montes
1786 3778 1908 3833 intuetur

260 3867 303 3920 tea
333 3863 366 3917 ia
379 3863 527 3934 sepulcris,
540 3877 663 3934 qaorum
677 3879 736 3922 aaa
750 3877 780 3920 aa
794 3879 902 3922 memor
920 3865 1055 3937 amplias,
1110 3865 1202 3924 diuina
1215 3865 1339 3922 claritate
1349 3865 1496 3939 fulgentes,
1511 3866 1614 3924 diuinis
1627 3865 1754 3924 laudibus
1767 3865 1909 3922 resultan-

260 3951 356 4025 stipsi
368 3951 402 4007 de
411 3967 501 4008 amau
513 3957 564 4009 tua
577 3953 686 4025 repulsi
695 3958 762 4009 auat
771 3952 860 4025 (Psoi.
876 3965 1006 4023 taxaru,
1016 3953 1055 4025 t):
1111 3961 1160 4018 tes,
1174 3952 1305 4010 sublimes
1318 3955 1346 4009 in
1363 3953 1461 4028 gloria,
1476 3954 1645 4012 abundantes
1659 3955 1688 4010 in
1700 3951 1803 4029 gratial
1819 3953 1910 4024 Quam

297 4044 324 4096 3.
338 4041 400 4096 Νοιι
420 4047 462 4095 est
474 4055 541 4114 ergo
556 4039 668 4112 mirum,
684 4041 707 4097 si
726 4041 835 4100 steriles
853 4048 880 4099 et
893 4042 1058 4100 infructuosi
1111 4041 1247 4109 miserior,
1261 4057 1322 4098 eum
1342 4043 1451 4115 respicit
1473 4052 1583 4112 terram,
1606 4049 1714 4100 montes
1727 4041 1909 4100 nihilominus

261 4127 677 4201 permanentisti‚uanmcntes
694 4129 855 4200 cuticiaci
875 4129 939 4187 aerii
963 4131 1056 4198 calles,
1110 4145 1192 4201 quam
1205 4129 1338 4202 plurimos
1364 4132 1399 4189 de
1422 4133 1525 4206 populo
1546 4130 1735 4206 acquisitionis
1749 4131 1910 4203 haheutmu,

261 4231 345 4288 super
363 4232 431 4289 quos
449 4233 499 4274 nec
522 4233 578 4285 roe,
604 4233 654 4275 nec
671 4219 763 4288 pluria
781 4218 933 4277 descendit:
959 4219 1058 4292 quippe
1110 4217 1164 4274 lide
1178 4217 1291 4286 solidos,
1307 4234 1355 4290 spe
1368 4221 1500 4291 excelsos,
1515 4221 1647 4279 charitate
1660 4219 1808 4293 spatiosos,
1822 4219 1912 4276 cultae

262 4316 370 4362 auctore
383 4305 475 4376 gratiae
489 4317 516 4362 et
528 4306 744 4363 benedictionum
753 4306 882 4380 largitore
891 4307 1058 4365 transiliente
1110 4305 1265 4379 virtutihus,
1285 4308 1419 4364 honorum
1438 4324 1552 4382 operum
1570 4307 1703 4366 iructihna
1723 4307 1855 4372 reiectos,
1877 4307 1913 4362 de

261 4409 317 4461 eos,
337 4399 366 4449 et
388 4391 499 4451 latta
517 4394 698 4452 descendente
717 4395 751 4452 ad
777 4394 870 4463 ualles,
898 4404 928 4452 ut
956 4396 1058 4452 ooelesti
1074 4411 1174 4507 urere
1186 4397 1249 4453 coeli
1266 4406 1396 4470 tauquam
1407 4398 1441 4454 de
1453 4399 1524 4454 saltu
1544 4397 1639 4471 sponsi
1660 4397 1850 4471 quotidianam
1865 4411 1914 4452 ca·

262 4480 350 4538 imbre
371 4481 514 4553 perfundat
536 4482 655 4538 humiles
668 4483 714 4554 qui
727 4490 790 4539 suut
812 4492 1015 4556 superterram,
1030 4492 1059 4542 et
1111 4485 1218 4556 pientes
1230 4486 1464 4544 benedictioneml
1480 4488 1548 4544 Cum
1562 4493 1805 4562 quantoputamua
1817 4487 1916 4543 dolore

262 4569 379 4627 iructum
398 4570 512 4628 ailerant
529 4571 557 4626 in
576 4571 713 4642 patientia,
733 4562 852 4629 iruetum
878 4573 1056 4643 tricesimum,
1112 4585 1140 4630 et
1154 4590 1267 4632 rancore
1279 4576 1392 4648 aspiciat
1408 4576 1456 4632 ille
1478 4577 1669 4650 cupidissimus
1681 4575 1776 4650 glorie
1799 4575 1871 4632 istos
1887 4577 1914 4630 in

263 4659 472 4733 sexagesimum,
491 4668 520 4715 et
542 4661 719 4717 centesimam
742 4661 853 4734 (batth.
876 4677 940 4731 xru,
956 4667 983 4730 8,
1003 4666 1056 4734 2³3
1112 4664 1226 4721 circuitu
1239 4665 1496 4737 suotamgloriosos
1509 4673 1698 4734 mammaeam
1713 4680 1743 4721 se
1756 4671 1784 4721 et
1799 4679 1870 4721 suos
1882 4678 1915 4720 se

264 4747 330 4806 Lac.
346 4763 408 4817 rur,
421 4747 737 4822 re).1teniquevisitavit
749 4759 858 4820 terram,
876 4760 904 4808 et
919 4751 1059 4809 inebriavit
1111 4754 1227 4825 regione
1249 4755 1376 4820 incultos,
1400 4753 1569 4820 tenebrosos,
1592 4753 1672 4810 bonit
1691 4752 1822 4810 omnibus
1842 4751 1915 4808 iule-

263 4849 339 4891 cam:
355 4836 541 4910 multiplicarit
554 4835 718 4910 locupletare
734 4853 794 4894 eam
807 4837 895 4910 (Paat.
910 4831 988 4906 inv,
1003 4841 1058 4912 10).
1112 4841 1216 4899 cundoa
1228 4841 1367 4913 despiciet,
1382 4842 1418 4900 ita
1440 4853 1471 4898 ut
1495 4859 1525 4900 se
1543 4841 1644 4900 sentiat
1655 4857 1716 4899 esse
1729 4841 1915 4914 opprobrium

264 4923 376 4980 Terram
389 4925 514 4994 visitavit,
534 4941 589 4983 non
608 4941 699 4982 aerem
714 4926 776 4998 quia
789 4929 984 4987 misericordia
1002 4931 1059 4989 Dc·
1112 4933 1251 4988 homiuum
1265 4939 1291 4988 et
1303 4932 1475 5004 augelorum,
1493 4933 1540 5005 qui
1559 4933 1687 4989 omnibus
1710 4933 1915 5006 exprobrabat,

264 5013 431 5086 miaipieaa
440 5018 483 5071 est
493 5019 571 5072 terra
579 5015 667 5087 (Psoi.
683 5030 773 5083 axau,
785 5016 824 5088 5).
838 5017 970 5090 Denique,
988 5019 1059 5092 Ope-
1112 5020 1259 5077 secundum
1282 5021 1349 5077 illud
1363 5021 1393 5076 in
1406 5021 1521 5077 Psalmis
1536 5041 1544 5080 ε
1560 5023 1650 5080 Draco
1673 5024 1727 5078 r'atc
1742 5037 1830 5096 quem
1849 5025 1914 5092 [or-

265 5103 349 5157 ratraa
363 5101 405 5158 cet
418 5101 578 5160 mlatemia
586 5102 677 5160 medio
688 5107 775 5162 terrae
784 5103 872 5174 (Paci.
881 5119 981 5174 namra,
995 5107 1058 5177 tt);
1113 5109 1200 5166 macti
1213 5108 1250 5165 ad
1263 5109 1443 5168 illudendam
1466 5113 1512 5168 ci?
1528 5111 1617 5181 (Paci.
1631 5124 1691 5182 out,
1706 5111 1764 5183 26).

265 5187 388 5261 nunquid
402 5189 566 5247 etinmedio
580 5191 670 5248 aeris?
684 5193 740 5248 lloc
752 5192 895 5250 aduersum
903 5191 1060 5268 origenem,
1150 5201 1178 5253 6.
1189 5198 1277 5270 Atque
1291 5198 1351 5265 hoc,
1367 5199 1432 5272 quia
1444 5199 1481 5255 ob
1494 5199 1619 5270 ipsorum
1641 5199 1801 5272 superbiam
1821 5206 1916 5256 trans·

264 5277 312 5349 qui
329 5277 359 5335 in
373 5293 436 5337 aere
449 5277 591 5335 Dominum
610 5279 706 5350 glorie
719 5281 810 5337 denuo
825 5296 875 5355 pro
893 5282 1061 5341 demonibus
1112 5285 1156 5343 ilit
1175 5301 1223 5343 eas
1238 5288 1371 5360 Sponsus,
1395 5287 1542 5345 salientia
1560 5295 1670 5345 mentm
1687 5288 1733 5360 qui
1747 5287 1776 5343 iu
1795 5287 1915 5344 circuitu

265 5367 416 5438 impudenti
433 5367 565 5438 crucifigit
587 5369 817 5439 mecumtecum
839 5370 921 5441 hujus
934 5371 1061 5429 conscius
1114 5376 1174 5446 ejus
1188 5384 1261 5446 aunt,
1282 5387 1409 5450 tanquam
1428 5377 1491 5435 lona
1513 5377 1664 5434 ascendens
1677 5378 1712 5435 de
1734 5375 1818 5433 melio
1832 5392 1916 5447 pura-

264 5458 387 5531 mysterii
400 5451 499 5515 Paulus
512 5455 639 5528 affirmet,
654 5460 729 5532 quod
742 5475 889 5536 resurgens
899 5477 932 5520 ex
945 5462 1061 5522 mortuis
1114 5463 1176 5534 disi,
1192 5464 1309 5537 irrigans
1323 5465 1459 5537 universa,
1479 5475 1508 5524 et
1520 5466 1639 5540 implens
1651 5480 1732 5522 omne
1744 5464 1846 5521 animal
1860 5466 1914 5522 be·

261 5545 319 5616 jam
343 5562 398 5603 non
415 5545 541 5618 moritur,
561 5561 635 5606 mars
657 5547 697 5603 illi
717 5549 787 5608 ultra
806 5565 860 5608 non
880 5551 1062 5609 dominabitur
1115 5552 1360 5612 sedictionelieati
1375 5555 1423 5629 qui
1436 5563 1554 5613 torrente
1566 5556 1712 5628 uoluptatis
1726 5553 1812 5626 hujus
1824 5553 1914 5626 potari

265 5633 463 5708 (mihil
1116 5641 1313 5704 interdumrel
1336 5657 1398 5702 raro
1419 5652 1610 5716 promereatur
1630 5641 1915 5720 inquibusetsinou
