<?xml version="1.0" encoding="UTF-8"?>
<!DOCTYPE html PUBLIC "-//W3C//DTD XHTML 1.0 Transitional//EN"
    "http://www.w3.org/TR/xhtml1/DTD/xhtml1-transitional.dtd">
<html xmlns="http://www.w3.org/1999/xhtml" xml:lang="en" lang="en">
 <head>
  <title>
</title>
<meta http-equiv="Content-Type" content="text/html;charset=utf-8" />
  <meta name='ocr-system' content='tesseract 3.04.00' />
  <meta name='ocr-capabilities' content='ocr_page ocr_carea ocr_par ocr_line ocrx_word'/>
</head>
<body>
  <div class='ocr_page' id='page_1' title='image "./patrologiaecurs142unkngoog/patrologiaecurs142unkngoog_0079.png"; bbox 0 0 3950 6350; ppageno 0'>
   <div class='ocr_carea' id='block_1_1' title="bbox 273 356 1933 427">
    <p class='ocr_par' dir='ltr' id='par_1_1' title="bbox 273 356 1933 427">
     <span class='ocr_line' id='line_1_1' title="bbox 273 356 1933 427; baseline -0.007 -1"><span class='ocrx_word' id='word_1_1' title='bbox 273 366 325 427; x_wconf 81' lang='lat' dir='ltr'><strong>tta</strong></span> <span class='ocrx_word' id='word_1_2' title='bbox 749 360 775 423; x_wconf 90' lang='lat' dir='ltr'><strong>S.</strong></span> <span class='ocrx_word' id='word_1_3' title='bbox 793 362 960 426; x_wconf 77' lang='lat' dir='ltr'><strong>chanaam</strong></span> <span class='ocrx_word' id='word_1_4' title='bbox 977 361 1113 424; x_wconf 78' lang='lat' dir='ltr'><strong>unsaris</strong></span> <span class='ocrx_word' id='word_1_5' title='bbox 1131 356 1437 424; x_wconf 73' lang='lat' dir='ltr'><strong>utaumvltttthsts</strong></span> <span class='ocrx_word' id='word_1_6' title='bbox 1882 357 1933 414; x_wconf 76' lang='lat' dir='ltr'><strong>ill</strong></span> 
     </span>
    </p>
   </div>
   <div class='ocr_carea' id='block_1_2' title="bbox 270 473 1962 5714">
    <p class='ocr_par' dir='ltr' id='par_1_2' title="bbox 270 473 1962 2162">
     <span class='ocr_line' id='line_1_2' title="bbox 272 473 1932 586; baseline -0.007 -38"><span class='ocrx_word' id='word_1_7' title='bbox 272 492 322 548; x_wconf 89' lang='lat' dir='ltr'><strong>sed</strong></span> <span class='ocrx_word' id='word_1_8' title='bbox 343 491 419 560; x_wconf 87' lang='lat' dir='ltr'><strong>data;</strong></span> <span class='ocrx_word' id='word_1_9' title='bbox 442 501 497 543; x_wconf 90' lang='lat' dir='ltr'><strong>non</strong></span> <span class='ocrx_word' id='word_1_10' title='bbox 521 487 694 560; x_wconf 89' lang='lat' dir='ltr'><strong>prophetata,</strong></span> <span class='ocrx_word' id='word_1_11' title='bbox 717 483 767 546; x_wconf 86' lang='lat' dir='ltr'><strong>sed</strong></span> <span class='ocrx_word' id='word_1_12' title='bbox 790 496 964 563; x_wconf 88' lang='lat' dir='ltr'><strong>praesentata.</strong></span> <span class='ocrx_word' id='word_1_13' title='bbox 991 487 1064 547; x_wconf 84' lang='lat' dir='ltr'><strong>Ecce</strong></span> <span class='ocrx_word' id='word_1_14' title='bbox 1080 505 1104 586; x_wconf 56' lang='grc' dir='ltr'>Ι</span> <span class='ocrx_word' id='word_1_15' title='bbox 1120 486 1166 562; x_wconf 91' lang='lat' dir='ltr'><strong>qni</strong></span> <span class='ocrx_word' id='word_1_16' title='bbox 1192 488 1244 544; x_wconf 90' lang='lat' dir='ltr'><strong>hcc</strong></span> <span class='ocrx_word' id='word_1_17' title='bbox 1265 485 1332 542; x_wconf 89' lang='lat' dir='ltr'><strong>mihi</strong></span> <span class='ocrx_word' id='word_1_18' title='bbox 1356 483 1475 540; x_wconf 85' lang='lat' dir='ltr'><strong>maxime</strong></span> <span class='ocrx_word' id='word_1_19' title='bbox 1498 483 1684 542; x_wconf 88' lang='lat' dir='ltr'><strong>necessarium</strong></span> <span class='ocrx_word' id='word_1_20' title='bbox 1702 482 1763 543; x_wconf 80' lang='lat' dir='ltr'><strong>suit.</strong></span> <span class='ocrx_word' id='word_1_21' title='bbox 1789 473 1932 555; x_wconf 73' lang='lat' dir='ltr'><strong>Alioquin</strong></span> 
     </span>
     <span class='ocr_line' id='line_1_3' title="bbox 272 570 1931 652; baseline -0.005 -18"><span class='ocrx_word' id='word_1_22' title='bbox 272 579 347 651; x_wconf 87' lang='lat' dir='ltr'><strong>qnasi</strong></span> <span class='ocrx_word' id='word_1_23' title='bbox 361 589 472 634; x_wconf 87' lang='lat' dir='ltr'><strong>saccum</strong></span> <span class='ocrx_word' id='word_1_24' title='bbox 484 573 596 648; x_wconf 88' lang='lat' dir='ltr'><strong>plenum</strong></span> <span class='ocrx_word' id='word_1_25' title='bbox 614 576 803 636; x_wconf 77' lang='lat' dir='ltr'><strong>misericordia</strong></span> <span class='ocrx_word' id='word_1_26' title='bbox 825 595 874 636; x_wconf 89' lang='lat' dir='ltr'><strong>sua</strong></span> <span class='ocrx_word' id='word_1_27' title='bbox 891 579 966 636; x_wconf 87' lang='lat' dir='ltr'><strong>Deus</strong></span> <span class='ocrx_word' id='word_1_28' title='bbox 986 579 1067 636; x_wconf 86' lang='lat' dir='ltr'><strong>Pater</strong></span> <span class='ocrx_word' id='word_1_29' title='bbox 1120 576 1186 652; x_wconf 90' lang='lat' dir='ltr'><strong>quid</strong></span> <span class='ocrx_word' id='word_1_30' title='bbox 1208 591 1330 650; x_wconf 79' lang='lat' dir='ltr'>agerem,</span> <span class='ocrx_word' id='word_1_31' title='bbox 1345 575 1459 631; x_wconf 90' lang='lat' dir='ltr'><strong>audieus</strong></span> <span class='ocrx_word' id='word_1_32' title='bbox 1479 573 1625 630; x_wconf 88' lang='lat' dir='ltr'><strong>Dominum</strong></span> <span class='ocrx_word' id='word_1_33' title='bbox 1647 570 1831 631; x_wconf 75' lang='lat' dir='ltr'><strong>venientem?</strong></span> <span class='ocrx_word' id='word_1_34' title='bbox 1845 572 1931 626; x_wconf 88' lang='lat' dir='ltr'><strong>Nuu-</strong></span> 
     </span>
     <span class='ocr_line' id='line_1_4' title="bbox 271 661 1931 741; baseline -0.005 -19"><span class='ocrx_word' id='word_1_35' title='bbox 271 666 342 722; x_wconf 91' lang='lat' dir='ltr'><strong>misit</strong></span> <span class='ocrx_word' id='word_1_36' title='bbox 355 666 382 722; x_wconf 93' lang='lat' dir='ltr'><strong>in</strong></span> <span class='ocrx_word' id='word_1_37' title='bbox 397 673 519 733; x_wconf 79' lang='lat' dir='ltr'><strong>terram3</strong></span> <span class='ocrx_word' id='word_1_38' title='bbox 540 681 660 736; x_wconf 88' lang='lat' dir='ltr'><strong>saccum,</strong></span> <span class='ocrx_word' id='word_1_39' title='bbox 675 667 798 741; x_wconf 92' lang='lat' dir='ltr'><strong>iuquam,</strong></span> <span class='ocrx_word' id='word_1_40' title='bbox 813 667 841 724; x_wconf 92' lang='lat' dir='ltr'><strong>iu</strong></span> <span class='ocrx_word' id='word_1_41' title='bbox 856 664 985 740; x_wconf 87' lang='lat' dir='ltr'><strong>passione</strong></span> <span class='ocrx_word' id='word_1_42' title='bbox 999 682 1066 725; x_wconf 91' lang='lat' dir='ltr'><strong>cou-</strong></span> <span class='ocrx_word' id='word_1_43' title='bbox 1120 667 1186 741; x_wconf 89' lang='lat' dir='ltr'><strong>quid</strong></span> <span class='ocrx_word' id='word_1_44' title='bbox 1195 665 1393 739; x_wconf 81' lang='lat' dir='ltr'><strong>confugerem,</strong></span> <span class='ocrx_word' id='word_1_45' title='bbox 1410 664 1479 722; x_wconf 90' lang='lat' dir='ltr'><strong>sicut</strong></span> <span class='ocrx_word' id='word_1_46' title='bbox 1493 665 1579 721; x_wconf 86' lang='lat' dir='ltr'><strong>Adam</strong></span> <span class='ocrx_word' id='word_1_47' title='bbox 1594 665 1639 738; x_wconf 88' lang='lat' dir='ltr'><strong>qui</strong></span> <span class='ocrx_word' id='word_1_48' title='bbox 1650 681 1666 719; x_wconf 91' lang='lat' dir='ltr'><strong>a</strong></span> <span class='ocrx_word' id='word_1_49' title='bbox 1679 663 1749 720; x_wconf 85' lang='lat' dir='ltr'><strong>facie</strong></span> <span class='ocrx_word' id='word_1_50' title='bbox 1764 663 1836 733; x_wconf 81' lang='lat' dir='ltr'><strong>eius</strong></span> <span class='ocrx_word' id='word_1_51' title='bbox 1847 661 1931 735; x_wconf 83' lang='lat' dir='ltr'><strong>fugit,</strong></span> 
     </span>
     <span class='ocr_line' id='line_1_5' title="bbox 270 753 1931 831; baseline -0.004 -20"><span class='ocrx_word' id='word_1_52' title='bbox 270 754 428 825; x_wconf 86' lang='lat' dir='ltr'><strong>uidendum,</strong></span> <span class='ocrx_word' id='word_1_53' title='bbox 451 761 482 810; x_wconf 89' lang='lat' dir='ltr'><strong>ut</strong></span> <span class='ocrx_word' id='word_1_54' title='bbox 495 753 651 810; x_wconf 81' lang='lat' dir='ltr'><strong>effundatur</strong></span> <span class='ocrx_word' id='word_1_55' title='bbox 669 757 742 828; x_wconf 88' lang='lat' dir='ltr'><strong>qnod</strong></span> <span class='ocrx_word' id='word_1_56' title='bbox 765 757 793 813; x_wconf 92' lang='lat' dir='ltr'><strong>iu</strong></span> <span class='ocrx_word' id='word_1_57' title='bbox 812 773 845 814; x_wconf 91' lang='lat' dir='ltr'><strong>co</strong></span> <span class='ocrx_word' id='word_1_58' title='bbox 859 757 928 815; x_wconf 90' lang='lat' dir='ltr'><strong>latet</strong></span> <span class='ocrx_word' id='word_1_59' title='bbox 949 757 1067 830; x_wconf 92' lang='lat' dir='ltr'><strong>pretium</strong></span> <span class='ocrx_word' id='word_1_60' title='bbox 1120 758 1170 813; x_wconf 91' lang='lat' dir='ltr'><strong>sed</strong></span> <span class='ocrx_word' id='word_1_61' title='bbox 1190 772 1244 814; x_wconf 89' lang='lat' dir='ltr'><strong>non</strong></span> <span class='ocrx_word' id='word_1_62' title='bbox 1259 754 1379 831; x_wconf 78' lang='lat' dir='ltr'><strong>elingit?</strong></span> <span class='ocrx_word' id='word_1_63' title='bbox 1393 755 1490 811; x_wconf 86' lang='lat' dir='ltr'><strong>Nonne</strong></span> <span class='ocrx_word' id='word_1_64' title='bbox 1509 754 1695 827; x_wconf 80' lang='lat' dir='ltr'><strong>desperarem,</strong></span> <span class='ocrx_word' id='word_1_65' title='bbox 1719 753 1846 808; x_wconf 90' lang='lat' dir='ltr'><strong>audieus</strong></span> <span class='ocrx_word' id='word_1_66' title='bbox 1867 753 1931 823; x_wconf 78' lang='lat' dir='ltr'><strong>quia</strong></span> 
     </span>
     <span class='ocr_line' id='line_1_6' title="bbox 270 831 1962 919; baseline -0.004 -19"><span class='ocrx_word' id='word_1_67' title='bbox 270 853 410 914; x_wconf 85' lang='lat' dir='ltr'><strong>nostrum;</strong></span> <span class='ocrx_word' id='word_1_68' title='bbox 430 857 540 900; x_wconf 88' lang='lat' dir='ltr'><strong>saccum</strong></span> <span class='ocrx_word' id='word_1_69' title='bbox 554 843 656 916; x_wconf 90' lang='lat' dir='ltr'><strong>utique,</strong></span> <span class='ocrx_word' id='word_1_70' title='bbox 672 844 724 900; x_wconf 90' lang='lat' dir='ltr'><strong>etsi</strong></span> <span class='ocrx_word' id='word_1_71' title='bbox 738 861 862 918; x_wconf 81' lang='lat' dir='ltr'><strong>parvum,</strong></span> <span class='ocrx_word' id='word_1_72' title='bbox 878 846 927 903; x_wconf 89' lang='lat' dir='ltr'><strong>sed</strong></span> <span class='ocrx_word' id='word_1_73' title='bbox 945 845 1066 918; x_wconf 90' lang='lat' dir='ltr'><strong>plenum.</strong></span> <span class='ocrx_word' id='word_1_74' title='bbox 1120 849 1194 904; x_wconf 84' lang='lat' dir='ltr'><strong>veuit</strong></span> <span class='ocrx_word' id='word_1_75' title='bbox 1207 846 1252 901; x_wconf 90' lang='lat' dir='ltr'><strong>ille</strong></span> <span class='ocrx_word' id='word_1_76' title='bbox 1277 847 1354 916; x_wconf 88' lang='lat' dir='ltr'><strong>cujus</strong></span> <span class='ocrx_word' id='word_1_77' title='bbox 1377 845 1468 919; x_wconf 90' lang='lat' dir='ltr'><strong>legem</strong></span> <span class='ocrx_word' id='word_1_78' title='bbox 1489 842 1528 901; x_wconf 88' lang='lat' dir='ltr'><strong>sic</strong></span> <span class='ocrx_word' id='word_1_79' title='bbox 1542 835 1732 916; x_wconf 84' lang='lat' dir='ltr'><strong>praevaricatus</strong></span> <span class='ocrx_word' id='word_1_80' title='bbox 1747 857 1827 910; x_wconf 89' lang='lat' dir='ltr'><strong>sum,</strong></span> <span class='ocrx_word' id='word_1_81' title='bbox 1851 842 1932 909; x_wconf 78' lang='lat' dir='ltr'><strong>cujus</strong></span> <span class='ocrx_word' id='word_1_82' title='bbox 1961 831 1962 902; x_wconf 73' lang='lat' dir='ltr'><strong>l</strong></span> 
     </span>
     <span class='ocr_line' id='line_1_7' title="bbox 272 929 1962 1008; baseline -0.006 -16"><span class='ocrx_word' id='word_1_83' title='bbox 272 935 403 992; x_wconf 84' lang='lat' dir='ltr'><strong>Parvulas</strong></span> <span class='ocrx_word' id='word_1_84' title='bbox 426 933 560 1008; x_wconf 89' lang='lat' dir='ltr'><strong>siqnidem</strong></span> <span class='ocrx_word' id='word_1_85' title='bbox 574 933 653 990; x_wconf 87' lang='lat' dir='ltr'><strong>datus</strong></span> <span class='ocrx_word' id='word_1_86' title='bbox 666 941 708 990; x_wconf 89' lang='lat' dir='ltr'><strong>est</strong></span> <span class='ocrx_word' id='word_1_87' title='bbox 732 934 820 1006; x_wconf 89' lang='lat' dir='ltr'><strong>nohis,</strong></span> <span class='ocrx_word' id='word_1_88' title='bbox 836 935 885 992; x_wconf 88' lang='lat' dir='ltr'><strong>sed</strong></span> <span class='ocrx_word' id='word_1_89' title='bbox 905 935 933 991; x_wconf 93' lang='lat' dir='ltr'><strong>in</strong></span> <span class='ocrx_word' id='word_1_90' title='bbox 948 951 1002 1008; x_wconf 91' lang='lat' dir='ltr'><strong>quo</strong></span> <span class='ocrx_word' id='word_1_91' title='bbox 1020 937 1069 991; x_wconf 90' lang='lat' dir='ltr'><strong>ha·</strong></span> <span class='ocrx_word' id='word_1_92' title='bbox 1120 933 1252 1006; x_wconf 89' lang='lat' dir='ltr'><strong>patientia</strong></span> <span class='ocrx_word' id='word_1_93' title='bbox 1266 934 1306 991; x_wconf 93' lang='lat' dir='ltr'><strong>sic</strong></span> <span class='ocrx_word' id='word_1_94' title='bbox 1314 935 1415 990; x_wconf 88' lang='lat' dir='ltr'><strong>abusus</strong></span> <span class='ocrx_word' id='word_1_95' title='bbox 1430 950 1500 1004; x_wconf 90' lang='lat' dir='ltr'><strong>sum,</strong></span> <span class='ocrx_word' id='word_1_96' title='bbox 1517 935 1596 1004; x_wconf 85' lang='lat' dir='ltr'><strong>cujus</strong></span> <span class='ocrx_word' id='word_1_97' title='bbox 1609 931 1743 989; x_wconf 88' lang='lat' dir='ltr'><strong>beneficio</strong></span> <span class='ocrx_word' id='word_1_98' title='bbox 1757 938 1819 986; x_wconf 87' lang='lat' dir='ltr'><strong>tam</strong></span> <span class='ocrx_word' id='word_1_99' title='bbox 1837 929 1933 1001; x_wconf 67' lang='lat' dir='ltr'><strong>ingre</strong></span> <span class='ocrx_word' id='word_1_100' title='bbox 1961 931 1962 936; x_wconf 77' lang='grc'>’</span> 
     </span>
     <span class='ocr_line' id='line_1_8' title="bbox 272 1017 1933 1098; baseline -0.005 -18"><span class='ocrx_word' id='word_1_101' title='bbox 272 1024 342 1080; x_wconf 92' lang='lat' dir='ltr'><strong>hitat</strong></span> <span class='ocrx_word' id='word_1_102' title='bbox 362 1022 452 1079; x_wconf 88' lang='lat' dir='ltr'><strong>omnis</strong></span> <span class='ocrx_word' id='word_1_103' title='bbox 473 1021 614 1093; x_wconf 82' lang='lat' dir='ltr'><strong>plenitudo</strong></span> <span class='ocrx_word' id='word_1_104' title='bbox 640 1021 797 1079; x_wconf 89' lang='lat' dir='ltr'><strong>divinitatis.</strong></span> <span class='ocrx_word' id='word_1_105' title='bbox 823 1025 970 1098; x_wconf 89' lang='lat' dir='ltr'><strong>Postquam</strong></span> <span class='ocrx_word' id='word_1_106' title='bbox 994 1023 1068 1080; x_wconf 89' lang='lat' dir='ltr'><strong>euim</strong></span> <span class='ocrx_word' id='word_1_107' title='bbox 1122 1029 1165 1080; x_wconf 90' lang='lat' dir='ltr'><strong>tus</strong></span> <span class='ocrx_word' id='word_1_108' title='bbox 1195 1023 1323 1080; x_wconf 82' lang='lat' dir='ltr'><strong>inventus</strong></span> <span class='ocrx_word' id='word_1_109' title='bbox 1342 1022 1421 1078; x_wconf 80' lang='lat' dir='ltr'><strong>sumi</strong></span> <span class='ocrx_word' id='word_1_110' title='bbox 1435 1021 1502 1091; x_wconf 87' lang='lat' dir='ltr'><strong>Quae</strong></span> <span class='ocrx_word' id='word_1_111' title='bbox 1515 1037 1581 1079; x_wconf 83' lang='lat' dir='ltr'><strong>nero</strong></span> <span class='ocrx_word' id='word_1_112' title='bbox 1595 1020 1684 1091; x_wconf 85' lang='lat' dir='ltr'><strong>major</strong></span> <span class='ocrx_word' id='word_1_113' title='bbox 1700 1017 1866 1077; x_wconf 90' lang='lat' dir='ltr'><strong>consolatio</strong></span> <span class='ocrx_word' id='word_1_114' title='bbox 1891 1033 1933 1088; x_wconf 84' lang='lat' dir='ltr'><strong>po</strong></span> 
     </span>
     <span class='ocr_line' id='line_1_9' title="bbox 273 1105 1931 1184; baseline -0.007 -12"><span class='ocrx_word' id='word_1_115' title='bbox 273 1113 349 1172; x_wconf 88' lang='lat' dir='ltr'><strong>veuit</strong></span> <span class='ocrx_word' id='word_1_116' title='bbox 361 1111 502 1183; x_wconf 91' lang='lat' dir='ltr'><strong>plenitudo</strong></span> <span class='ocrx_word' id='word_1_117' title='bbox 521 1108 659 1182; x_wconf 87' lang='lat' dir='ltr'><strong>temporis,</strong></span> <span class='ocrx_word' id='word_1_118' title='bbox 675 1110 750 1168; x_wconf 83' lang='lat' dir='ltr'><strong>veuit</strong></span> <span class='ocrx_word' id='word_1_119' title='bbox 773 1119 800 1167; x_wconf 95' lang='lat' dir='ltr'><strong>et</strong></span> <span class='ocrx_word' id='word_1_120' title='bbox 813 1111 954 1183; x_wconf 89' lang='lat' dir='ltr'><strong>plenitudo</strong></span> <span class='ocrx_word' id='word_1_121' title='bbox 969 1111 1067 1168; x_wconf 91' lang='lat' dir='ltr'><strong>diviui-</strong></span> <span class='ocrx_word' id='word_1_122' title='bbox 1122 1119 1191 1167; x_wconf 87' lang='lat' dir='ltr'><strong>terat</strong></span> <span class='ocrx_word' id='word_1_123' title='bbox 1204 1127 1277 1182; x_wconf 90' lang='lat' dir='ltr'><strong>esse,</strong></span> <span class='ocrx_word' id='word_1_124' title='bbox 1294 1127 1375 1184; x_wconf 91' lang='lat' dir='ltr'><strong>quam</strong></span> <span class='ocrx_word' id='word_1_125' title='bbox 1389 1110 1418 1165; x_wconf 91' lang='lat' dir='ltr'><strong>in</strong></span> <span class='ocrx_word' id='word_1_126' title='bbox 1432 1109 1504 1166; x_wconf 89' lang='lat' dir='ltr'><strong>dulci</strong></span> <span class='ocrx_word' id='word_1_127' title='bbox 1524 1109 1668 1178; x_wconf 88' lang='lat' dir='ltr'><strong>vocabulo,</strong></span> <span class='ocrx_word' id='word_1_128' title='bbox 1685 1105 1852 1164; x_wconf 89' lang='lat' dir='ltr'><strong>innomine</strong></span> <span class='ocrx_word' id='word_1_129' title='bbox 1870 1121 1931 1160; x_wconf 80' lang='lat' dir='ltr'><strong>con</strong></span> 
     </span>
     <span class='ocr_line' id='line_1_10' title="bbox 274 1196 1929 1270; baseline -0.005 -12"><span class='ocrx_word' id='word_1_130' title='bbox 274 1202 346 1258; x_wconf 89' lang='lat' dir='ltr'><strong>tatis.</strong></span> <span class='ocrx_word' id='word_1_131' title='bbox 367 1200 449 1258; x_wconf 82' lang='lat' dir='ltr'><strong>Venit</strong></span> <span class='ocrx_word' id='word_1_132' title='bbox 470 1201 606 1269; x_wconf 89' lang='lat' dir='ltr'><strong>incarne,</strong></span> <span class='ocrx_word' id='word_1_133' title='bbox 621 1197 708 1255; x_wconf 90' lang='lat' dir='ltr'><strong>utvel</strong></span> <span class='ocrx_word' id='word_1_134' title='bbox 723 1200 762 1256; x_wconf 92' lang='lat' dir='ltr'><strong>sic</strong></span> <span class='ocrx_word' id='word_1_135' title='bbox 785 1201 938 1258; x_wconf 87' lang='lat' dir='ltr'><strong>carnalibus</strong></span> <span class='ocrx_word' id='word_1_136' title='bbox 954 1199 1068 1258; x_wconf 83' lang='lat' dir='ltr'><strong>exhibe·</strong></span> <span class='ocrx_word' id='word_1_137' title='bbox 1122 1199 1269 1257; x_wconf 75' lang='lat' dir='ltr'><strong>solatoria?</strong></span> <span class='ocrx_word' id='word_1_138' title='bbox 1283 1201 1432 1270; x_wconf 83' lang='lat' dir='ltr'><strong>Propterea</strong></span> <span class='ocrx_word' id='word_1_139' title='bbox 1456 1205 1484 1255; x_wconf 93' lang='lat' dir='ltr'><strong>et</strong></span> <span class='ocrx_word' id='word_1_140' title='bbox 1507 1198 1566 1270; x_wconf 89' lang='lat' dir='ltr'><strong>ipse</strong></span> <span class='ocrx_word' id='word_1_141' title='bbox 1589 1197 1655 1254; x_wconf 90' lang='lat' dir='ltr'><strong>dicit</strong></span> <span class='ocrx_word' id='word_1_142' title='bbox 1678 1196 1742 1269; x_wconf 92' lang='lat' dir='ltr'><strong>quia</strong></span> <span class='ocrx_word' id='word_1_143' title='bbox 1759 1213 1827 1254; x_wconf 83' lang='lat' dir='ltr'><strong>non</strong></span> <span class='ocrx_word' id='word_1_144' title='bbox 1855 1201 1929 1252; x_wconf 76' lang='lat' dir='ltr'><strong>tramit</strong></span> 
     </span>
     <span class='ocr_line' id='line_1_11' title="bbox 274 1286 1930 1363; baseline -0.005 -16"><span class='ocrx_word' id='word_1_145' title='bbox 274 1299 360 1360; x_wconf 88' lang='lat' dir='ltr'><strong>retur,</strong></span> <span class='ocrx_word' id='word_1_146' title='bbox 385 1297 413 1346; x_wconf 87' lang='lat' dir='ltr'><strong>et</strong></span> <span class='ocrx_word' id='word_1_147' title='bbox 440 1295 589 1362; x_wconf 84' lang='lat' dir='ltr'><strong>apparente</strong></span> <span class='ocrx_word' id='word_1_148' title='bbox 612 1287 780 1345; x_wconf 87' lang='lat' dir='ltr'><strong>humanitate</strong></span> <span class='ocrx_word' id='word_1_149' title='bbox 804 1289 961 1362; x_wconf 83' lang='lat' dir='ltr'><strong>benignitas</strong></span> <span class='ocrx_word' id='word_1_150' title='bbox 984 1303 1070 1363; x_wconf 88' lang='lat' dir='ltr'><strong>agno-</strong></span> <span class='ocrx_word' id='word_1_151' title='bbox 1123 1286 1366 1362; x_wconf 78' lang='lat' dir='ltr'><strong>Filimctjcdicet</strong></span> <span class='ocrx_word' id='word_1_152' title='bbox 1380 1287 1531 1352; x_wconf 81' lang='lat' dir='ltr'><strong>mundam,</strong></span> <span class='ocrx_word' id='word_1_153' title='bbox 1547 1286 1595 1344; x_wconf 86' lang='lat' dir='ltr'><strong>scd</strong></span> <span class='ocrx_word' id='word_1_154' title='bbox 1609 1287 1785 1343; x_wconf 81' lang='lat' dir='ltr'><strong>atsatcetrtr</strong></span> <span class='ocrx_word' id='word_1_155' title='bbox 1798 1286 1930 1340; x_wconf 77' lang='lat' dir='ltr'><strong>mundus</strong></span> 
     </span>
     <span class='ocr_line' id='line_1_12' title="bbox 274 1372 1962 1452; baseline -0.004 -18"><span class='ocrx_word' id='word_1_156' title='bbox 274 1385 407 1436; x_wconf 88' lang='lat' dir='ltr'><strong>sceretur.</strong></span> <span class='ocrx_word' id='word_1_157' title='bbox 423 1377 475 1434; x_wconf 87' lang='lat' dir='ltr'><strong>Ubi</strong></span> <span class='ocrx_word' id='word_1_158' title='bbox 498 1376 571 1433; x_wconf 92' lang='lat' dir='ltr'><strong>euim</strong></span> <span class='ocrx_word' id='word_1_159' title='bbox 594 1375 644 1432; x_wconf 91' lang='lat' dir='ltr'><strong>Dei</strong></span> <span class='ocrx_word' id='word_1_160' title='bbox 668 1377 814 1434; x_wconf 87' lang='lat' dir='ltr'><strong>innotescit</strong></span> <span class='ocrx_word' id='word_1_161' title='bbox 833 1377 997 1448; x_wconf 89' lang='lat' dir='ltr'><strong>humanitas,</strong></span> <span class='ocrx_word' id='word_1_162' title='bbox 1012 1377 1069 1448; x_wconf 80' lang='lat' dir='ltr'><strong>jam</strong></span> <span class='ocrx_word' id='word_1_163' title='bbox 1121 1377 1592 1452; x_wconf 71' lang='lat' dir='ltr'><strong>peripsum(locn.nu,l&#39;1).lam</strong></span> <span class='ocrx_word' id='word_1_164' title='bbox 1616 1374 1790 1431; x_wconf 88' lang='lat' dir='ltr'><strong>conlideuter</strong></span> <span class='ocrx_word' id='word_1_165' title='bbox 1809 1372 1928 1437; x_wconf 83' lang='lat' dir='ltr'><strong>accedo,</strong></span> <span class='ocrx_word' id='word_1_166' title='bbox 1961 1375 1962 1418; x_wconf 81' lang='lat' dir='ltr'><strong>l</strong></span> 
     </span>
     <span class='ocr_line' id='line_1_13' title="bbox 272 1461 1928 1540; baseline -0.005 -16"><span class='ocrx_word' id='word_1_167' title='bbox 272 1467 429 1539; x_wconf 82' lang='lat' dir='ltr'><strong>benignitas</strong></span> <span class='ocrx_word' id='word_1_168' title='bbox 452 1467 537 1522; x_wconf 87' lang='lat' dir='ltr'><strong>latere</strong></span> <span class='ocrx_word' id='word_1_169' title='bbox 561 1481 616 1522; x_wconf 92' lang='lat' dir='ltr'><strong>nou</strong></span> <span class='ocrx_word' id='word_1_170' title='bbox 640 1473 740 1537; x_wconf 90' lang='lat' dir='ltr'><strong>potest.</strong></span> <span class='ocrx_word' id='word_1_171' title='bbox 762 1467 791 1522; x_wconf 93' lang='lat' dir='ltr'><strong>ln</strong></span> <span class='ocrx_word' id='word_1_172' title='bbox 812 1482 866 1540; x_wconf 89' lang='lat' dir='ltr'><strong>quo</strong></span> <span class='ocrx_word' id='word_1_173' title='bbox 886 1467 958 1523; x_wconf 88' lang='lat' dir='ltr'><strong>enim</strong></span> <span class='ocrx_word' id='word_1_174' title='bbox 981 1465 1069 1538; x_wconf 87' lang='lat' dir='ltr'><strong>magis</strong></span> <span class='ocrx_word' id='word_1_175' title='bbox 1122 1467 1178 1537; x_wconf 86' lang='lat' dir='ltr'><strong>jam</strong></span> <span class='ocrx_word' id='word_1_176' title='bbox 1191 1465 1314 1538; x_wconf 86' lang='lat' dir='ltr'><strong>supplico</strong></span> <span class='ocrx_word' id='word_1_177' title='bbox 1324 1463 1495 1521; x_wconf 88' lang='lat' dir='ltr'><strong>fiducialiter.</strong></span> <span class='ocrx_word' id='word_1_178' title='bbox 1508 1462 1578 1533; x_wconf 89' lang='lat' dir='ltr'><strong>Quid</strong></span> <span class='ocrx_word' id='word_1_179' title='bbox 1589 1463 1662 1519; x_wconf 90' lang='lat' dir='ltr'><strong>euim</strong></span> <span class='ocrx_word' id='word_1_180' title='bbox 1672 1462 1797 1532; x_wconf 87' lang='lat' dir='ltr'><strong>timeam,</strong></span> <span class='ocrx_word' id='word_1_181' title='bbox 1814 1461 1928 1534; x_wconf 82' lang='lat' dir='ltr'><strong>quanda</strong></span> 
     </span>
     <span class='ocr_line' id='line_1_14' title="bbox 273 1550 1926 1628; baseline -0.005 -14"><span class='ocrx_word' id='word_1_182' title='bbox 273 1555 467 1614; x_wconf 90' lang='lat' dir='ltr'><strong>commendare</strong></span> <span class='ocrx_word' id='word_1_183' title='bbox 481 1561 588 1627; x_wconf 91' lang='lat' dir='ltr'><strong>poterat</strong></span> <span class='ocrx_word' id='word_1_184' title='bbox 602 1554 802 1628; x_wconf 79' lang='lat' dir='ltr'><strong>benignitatem</strong></span> <span class='ocrx_word' id='word_1_185' title='bbox 815 1570 903 1626; x_wconf 86' lang='lat' dir='ltr'><strong>suam,</strong></span> <span class='ocrx_word' id='word_1_186' title='bbox 919 1569 1070 1628; x_wconf 89' lang='lat' dir='ltr'><strong>quamsus·</strong></span> <span class='ocrx_word' id='word_1_187' title='bbox 1122 1556 1244 1612; x_wconf 88' lang='lat' dir='ltr'><strong>Salvator</strong></span> <span class='ocrx_word' id='word_1_188' title='bbox 1257 1555 1332 1612; x_wconf 85' lang='lat' dir='ltr'><strong>veuit</strong></span> <span class='ocrx_word' id='word_1_189' title='bbox 1354 1553 1383 1608; x_wconf 91' lang='lat' dir='ltr'><strong>in</strong></span> <span class='ocrx_word' id='word_1_190' title='bbox 1398 1552 1510 1609; x_wconf 91' lang='lat' dir='ltr'><strong>domum</strong></span> <span class='ocrx_word' id='word_1_191' title='bbox 1532 1552 1641 1609; x_wconf 84' lang='lat' dir='ltr'><strong>meami</strong></span> <span class='ocrx_word' id='word_1_192' title='bbox 1664 1551 1696 1608; x_wconf 86' lang='lat' dir='ltr'><strong>Ei</strong></span> <span class='ocrx_word' id='word_1_193' title='bbox 1720 1550 1772 1606; x_wconf 90' lang='lat' dir='ltr'><strong>soli</strong></span> <span class='ocrx_word' id='word_1_194' title='bbox 1793 1551 1926 1622; x_wconf 71' lang='lat' dir='ltr'><strong>peccam</strong></span> 
     </span>
     <span class='ocr_line' id='line_1_15' title="bbox 273 1639 1926 1717; baseline -0.005 -15"><span class='ocrx_word' id='word_1_195' title='bbox 273 1645 400 1717; x_wconf 88' lang='lat' dir='ltr'><strong>aipieudo</strong></span> <span class='ocrx_word' id='word_1_196' title='bbox 414 1658 526 1701; x_wconf 88' lang='lat' dir='ltr'><strong>caruem</strong></span> <span class='ocrx_word' id='word_1_197' title='bbox 539 1644 649 1699; x_wconf 85' lang='lat' dir='ltr'><strong>meam‘i</strong></span> <span class='ocrx_word' id='word_1_198' title='bbox 668 1644 769 1714; x_wconf 83' lang='lat' dir='ltr'><strong>Meam,</strong></span> <span class='ocrx_word' id='word_1_199' title='bbox 789 1643 911 1716; x_wconf 90' lang='lat' dir='ltr'><strong>iuquam,</strong></span> <span class='ocrx_word' id='word_1_200' title='bbox 927 1659 983 1701; x_wconf 89' lang='lat' dir='ltr'><strong>non</strong></span> <span class='ocrx_word' id='word_1_201' title='bbox 1006 1657 1069 1700; x_wconf 88' lang='lat' dir='ltr'><strong>car·</strong></span> <span class='ocrx_word' id='word_1_202' title='bbox 1122 1645 1253 1702; x_wconf 89' lang='lat' dir='ltr'><strong>donatum</strong></span> <span class='ocrx_word' id='word_1_203' title='bbox 1267 1643 1320 1701; x_wconf 89' lang='lat' dir='ltr'><strong>erit</strong></span> <span class='ocrx_word' id='word_1_204' title='bbox 1342 1641 1475 1717; x_wconf 89' lang='lat' dir='ltr'><strong>quidquid</strong></span> <span class='ocrx_word' id='word_1_205' title='bbox 1497 1641 1643 1698; x_wconf 90' lang='lat' dir='ltr'><strong>indulserit</strong></span> <span class='ocrx_word' id='word_1_206' title='bbox 1660 1641 1721 1708; x_wconf 87' lang='lat' dir='ltr'><strong>ille;</strong></span> <span class='ocrx_word' id='word_1_207' title='bbox 1737 1639 1841 1712; x_wconf 91' lang='lat' dir='ltr'><strong>utique</strong></span> <span class='ocrx_word' id='word_1_208' title='bbox 1856 1641 1926 1695; x_wconf 85' lang='lat' dir='ltr'><strong>enirn</strong></span> 
     </span>
     <span class='ocr_line' id='line_1_16' title="bbox 273 1727 1925 1806; baseline -0.003 -17"><span class='ocrx_word' id='word_1_209' title='bbox 273 1750 338 1790; x_wconf 91' lang='lat' dir='ltr'><strong>uem</strong></span> <span class='ocrx_word' id='word_1_210' title='bbox 352 1734 448 1804; x_wconf 86' lang='lat' dir='ltr'><strong>Adam,</strong></span> <span class='ocrx_word' id='word_1_211' title='bbox 461 1731 491 1788; x_wconf 89' lang='lat' dir='ltr'><strong>id</strong></span> <span class='ocrx_word' id='word_1_212' title='bbox 510 1741 622 1788; x_wconf 89' lang='lat' dir='ltr'><strong>estnon</strong></span> <span class='ocrx_word' id='word_1_213' title='bbox 637 1732 990 1805; x_wconf 87' lang='lat' dir='ltr'><strong>qualemillchabuitautc</strong></span> <span class='ocrx_word' id='word_1_214' title='bbox 1009 1729 1070 1788; x_wconf 89' lang='lat' dir='ltr'><strong>cul-</strong></span> <span class='ocrx_word' id='word_1_215' title='bbox 1122 1732 1187 1790; x_wconf 91' lang='lat' dir='ltr'><strong>licet</strong></span> <span class='ocrx_word' id='word_1_216' title='bbox 1210 1733 1235 1788; x_wconf 92' lang='lat' dir='ltr'><strong>ei</strong></span> <span class='ocrx_word' id='word_1_217' title='bbox 1257 1731 1407 1806; x_wconf 84' lang='lat' dir='ltr'><strong>quodvult</strong></span> <span class='ocrx_word' id='word_1_218' title='bbox 1430 1732 1531 1789; x_wconf 83' lang='lat' dir='ltr'><strong>iacere.</strong></span> <span class='ocrx_word' id='word_1_219' title='bbox 1554 1732 1628 1787; x_wconf 88' lang='lat' dir='ltr'><strong>Deus</strong></span> <span class='ocrx_word' id='word_1_220' title='bbox 1649 1737 1691 1786; x_wconf 90' lang='grc' dir='ltr'><strong>εει</strong></span> <span class='ocrx_word' id='word_1_221' title='bbox 1710 1728 1756 1802; x_wconf 92' lang='lat' dir='ltr'><strong>qui</strong></span> <span class='ocrx_word' id='word_1_222' title='bbox 1779 1727 1925 1800; x_wconf 83' lang='lat' dir='ltr'><strong>justificat.</strong></span> 
     </span>
     <span class='ocr_line' id='line_1_17' title="bbox 272 1817 1925 1895; baseline -0.005 -15"><span class='ocrx_word' id='word_1_223' title='bbox 272 1840 347 1895; x_wconf 88' lang='lat' dir='ltr'><strong>pam.</strong></span> <span class='ocrx_word' id='word_1_224' title='bbox 367 1821 436 1892; x_wconf 84' lang='lat' dir='ltr'><strong>Quid</strong></span> <span class='ocrx_word' id='word_1_225' title='bbox 455 1829 599 1895; x_wconf 89' lang='lat' dir='ltr'><strong>tantopere</strong></span> <span class='ocrx_word' id='word_1_226' title='bbox 617 1821 739 1880; x_wconf 90' lang='lat' dir='ltr'><strong>declaret</strong></span> <span class='ocrx_word' id='word_1_227' title='bbox 762 1823 822 1893; x_wconf 89' lang='lat' dir='ltr'><strong>ejus</strong></span> <span class='ocrx_word' id='word_1_228' title='bbox 844 1821 1067 1891; x_wconf 86' lang='lat' dir='ltr'><strong>misericordiam,</strong></span> <span class='ocrx_word' id='word_1_229' title='bbox 1123 1822 1184 1894; x_wconf 92' lang='lat' dir='ltr'><strong>quis</strong></span> <span class='ocrx_word' id='word_1_230' title='bbox 1195 1830 1237 1878; x_wconf 91' lang='lat' dir='ltr'><strong>est</strong></span> <span class='ocrx_word' id='word_1_231' title='bbox 1251 1821 1298 1895; x_wconf 92' lang='lat' dir='ltr'><strong>qui</strong></span> <span class='ocrx_word' id='word_1_232' title='bbox 1311 1819 1556 1878; x_wconf 81' lang='lat' dir='ltr'><strong>condemnetiaut</strong></span> <span class='ocrx_word' id='word_1_233' title='bbox 1565 1819 1626 1893; x_wconf 91' lang='lat' dir='ltr'><strong>quis</strong></span> <span class='ocrx_word' id='word_1_234' title='bbox 1636 1817 1778 1876; x_wconf 86' lang='lat' dir='ltr'><strong>accusabit</strong></span> <span class='ocrx_word' id='word_1_235' title='bbox 1788 1817 1925 1874; x_wconf 84' lang='lat' dir='ltr'><strong>adversus</strong></span> 
     </span>
     <span class='ocr_line' id='line_1_18' title="bbox 274 1871 1925 1985; baseline -0.005 -17"><span class='ocrx_word' id='word_1_236' title='bbox 274 1927 356 1984; x_wconf 90' lang='lat' dir='ltr'><strong>quam</strong></span> <span class='ocrx_word' id='word_1_237' title='bbox 379 1912 452 1985; x_wconf 91' lang='lat' dir='ltr'><strong>quod</strong></span> <span class='ocrx_word' id='word_1_238' title='bbox 479 1909 567 1983; x_wconf 90' lang='lat' dir='ltr'><strong>ipsam</strong></span> <span class='ocrx_word' id='word_1_239' title='bbox 593 1910 715 1983; x_wconf 81' lang='lat' dir='ltr'><strong>suscepit</strong></span> <span class='ocrx_word' id='word_1_240' title='bbox 740 1909 899 1968; x_wconf 72' lang='lat' dir='ltr'><strong>miseriam?</strong></span> <span class='ocrx_word' id='word_1_241' title='bbox 928 1909 998 1980; x_wconf 85' lang='lat' dir='ltr'><strong>Quid</strong></span> <span class='ocrx_word' id='word_1_242' title='bbox 1031 1909 1069 1966; x_wconf 89' lang='lat' dir='ltr'><strong>ita</strong></span> <span class='ocrx_word' id='word_1_243' title='bbox 1085 1871 1106 1950; x_wconf 69' lang='grc' dir='ltr'><strong><em>Β</em></strong></span> <span class='ocrx_word' id='word_1_244' title='bbox 1122 1910 1225 1968; x_wconf 86' lang='grc' dir='ltr'><strong>εΙεειοε</strong></span> <span class='ocrx_word' id='word_1_245' title='bbox 1239 1909 1485 1982; x_wconf 71' lang='lat' dir='ltr'><strong>harithemon,</strong></span> <span class='ocrx_word' id='word_1_246' title='bbox 1501 1911 1546 1978; x_wconf 83' lang='lat'><strong>33,</strong></span> <span class='ocrx_word' id='word_1_247' title='bbox 1561 1907 1620 1980; x_wconf 85' lang='lat' dir='ltr'><strong>at.)</strong></span> <span class='ocrx_word' id='word_1_248' title='bbox 1633 1908 1785 1980; x_wconf 86' lang='lat' dir='ltr'><strong>Propterea</strong></span> <span class='ocrx_word' id='word_1_249' title='bbox 1800 1906 1925 1980; x_wconf 82' lang='lat' dir='ltr'><strong>gaudere</strong></span> 
     </span>
     <span class='ocr_line' id='line_1_19' title="bbox 272 1996 1922 2074; baseline -0.002 -20"><span class='ocrx_word' id='word_1_250' title='bbox 272 2000 505 2074; x_wconf 89' lang='lat' dir='ltr'><strong>pietateplenum‚</strong></span> <span class='ocrx_word' id='word_1_251' title='bbox 521 2013 604 2072; x_wconf 87' lang='lat' dir='ltr'><strong>qnam</strong></span> <span class='ocrx_word' id='word_1_252' title='bbox 614 1999 687 2072; x_wconf 90' lang='lat' dir='ltr'><strong>quod</strong></span> <span class='ocrx_word' id='word_1_253' title='bbox 700 1999 1005 2071; x_wconf 88' lang='lat' dir='ltr'><strong>DeiVerbumpropter</strong></span> <span class='ocrx_word' id='word_1_254' title='bbox 1019 2013 1070 2055; x_wconf 89' lang='lat' dir='ltr'><strong>nos</strong></span> <span class='ocrx_word' id='word_1_255' title='bbox 1122 2015 1172 2058; x_wconf 89' lang='lat' dir='ltr'><strong>nos</strong></span> <span class='ocrx_word' id='word_1_256' title='bbox 1194 2006 1312 2073; x_wconf 90' lang='lat' dir='ltr'><strong>oportet,</strong></span> <span class='ocrx_word' id='word_1_257' title='bbox 1338 1998 1413 2072; x_wconf 91' lang='lat' dir='ltr'><strong>quod</strong></span> <span class='ocrx_word' id='word_1_258' title='bbox 1435 1999 1463 2054; x_wconf 93' lang='lat' dir='ltr'><strong>iu</strong></span> <span class='ocrx_word' id='word_1_259' title='bbox 1487 2004 1581 2055; x_wconf 89' lang='lat' dir='ltr'><strong>nostra</strong></span> <span class='ocrx_word' id='word_1_260' title='bbox 1601 1997 1723 2066; x_wconf 87' lang='lat' dir='ltr'><strong>venerit;</strong></span> <span class='ocrx_word' id='word_1_261' title='bbox 1748 2009 1828 2052; x_wconf 90' lang='lat' dir='ltr'><strong>nuuc</strong></span> <span class='ocrx_word' id='word_1_262' title='bbox 1854 1996 1922 2052; x_wconf 88' lang='lat' dir='ltr'><strong>enin</strong></span> 
     </span>
     <span class='ocr_line' id='line_1_20' title="bbox 273 2087 1549 2162; baseline -0.002 -18"><span class='ocrx_word' id='word_1_263' title='bbox 273 2089 375 2147; x_wconf 82' lang='lat' dir='ltr'><strong>iactum</strong></span> <span class='ocrx_word' id='word_1_264' title='bbox 389 2087 558 2145; x_wconf 77' lang='lat' dir='ltr'><strong>astianum?</strong></span> <span class='ocrx_word' id='word_1_265' title='bbox 572 2089 703 2158; x_wconf 85' lang='lat' dir='ltr'><strong>Domine,</strong></span> <span class='ocrx_word' id='word_1_266' title='bbox 718 2088 783 2162; x_wconf 79' lang='lat' dir='ltr'><strong>quid</strong></span> <span class='ocrx_word' id='word_1_267' title='bbox 802 2092 844 2146; x_wconf 89' lang='lat' dir='ltr'><strong>cst</strong></span> <span class='ocrx_word' id='word_1_268' title='bbox 854 2087 933 2146; x_wconf 77' lang='lat' dir='ltr'><strong>hanso</strong></span> <span class='ocrx_word' id='word_1_269' title='bbox 944 2089 1011 2162; x_wconf 84' lang='lat' dir='ltr'><strong>qaia</strong></span> <span class='ocrx_word' id='word_1_270' title='bbox 1024 2103 1070 2146; x_wconf 81' lang='lat' dir='ltr'><strong>rc·</strong></span> <span class='ocrx_word' id='word_1_271' title='bbox 1122 2089 1209 2146; x_wconf 83' lang='lat' dir='ltr'><strong>lacihs</strong></span> <span class='ocrx_word' id='word_1_272' title='bbox 1224 2088 1258 2144; x_wconf 90' lang='lat' dir='ltr'><strong>ad</strong></span> <span class='ocrx_word' id='word_1_273' title='bbox 1272 2087 1473 2160; x_wconf 81' lang='lat' dir='ltr'><strong>indulgentiam</strong></span> <span class='ocrx_word' id='word_1_274' title='bbox 1485 2087 1549 2144; x_wconf 87' lang='lat' dir='ltr'><strong>erit.</strong></span> 
     </span>
    </p>

    <p class='ocr_par' dir='ltr' id='par_1_3' title="bbox 270 2173 1962 5714">
     <span class='ocr_line' id='line_1_21' title="bbox 271 2173 1921 2250; baseline -0.004 -16"><span class='ocrx_word' id='word_1_275' title='bbox 271 2180 360 2250; x_wconf 83' lang='lat' dir='ltr'><strong>putas</strong></span> <span class='ocrx_word' id='word_1_276' title='bbox 373 2175 458 2233; x_wconf 83' lang='lat' dir='ltr'><strong>eum?</strong></span> <span class='ocrx_word' id='word_1_277' title='bbox 471 2179 522 2233; x_wconf 85' lang='lat' dir='ltr'><strong>cat</strong></span> <span class='ocrx_word' id='word_1_278' title='bbox 538 2173 607 2246; x_wconf 81' lang='lat' dir='ltr'><strong>quid</strong></span> <span class='ocrx_word' id='word_1_279' title='bbox 621 2176 893 2246; x_wconf 79' lang='lat' dir='ltr'><strong>appontserpaeum</strong></span> <span class='ocrx_word' id='word_1_280' title='bbox 905 2191 954 2232; x_wconf 86' lang='lat' dir='ltr'><strong>cor</strong></span> <span class='ocrx_word' id='word_1_281' title='bbox 967 2173 1070 2232; x_wconf 82' lang='lat' dir='ltr'><strong>tcum?</strong></span> <span class='ocrx_word' id='word_1_282' title='bbox 1157 2180 1184 2234; x_wconf 86' lang='lat' dir='ltr'><strong>t.</strong></span> <span class='ocrx_word' id='word_1_283' title='bbox 1204 2177 1328 2248; x_wconf 86' lang='lat' dir='ltr'><strong>Denique</strong></span> <span class='ocrx_word' id='word_1_284' title='bbox 1342 2176 1472 2248; x_wconf 75' lang='lat' dir='ltr'><strong>parvidus</strong></span> <span class='ocrx_word' id='word_1_285' title='bbox 1492 2182 1534 2232; x_wconf 91' lang='lat' dir='ltr'><strong>est</strong></span> <span class='ocrx_word' id='word_1_286' title='bbox 1556 2192 1563 2230; x_wconf 76' lang='grc' dir='ltr'><strong>ε</strong></span> <span class='ocrx_word' id='word_1_287' title='bbox 1579 2174 1678 2233; x_wconf 85' lang='lat' dir='ltr'><strong>leviter</strong></span> <span class='ocrx_word' id='word_1_288' title='bbox 1699 2175 1805 2247; x_wconf 88' lang='lat' dir='ltr'><strong>placari</strong></span> <span class='ocrx_word' id='word_1_289' title='bbox 1822 2181 1921 2247; x_wconf 84' lang='lat' dir='ltr'><strong>potest.</strong></span> 
     </span>
     <span class='ocr_line' id='line_1_22' title="bbox 273 2263 1922 2338; baseline -0.004 -15"><span class='ocrx_word' id='word_1_290' title='bbox 273 2266 342 2337; x_wconf 74' lang='lat' dir='ltr'><strong>(tob.</strong></span> <span class='ocrx_word' id='word_1_291' title='bbox 362 2281 410 2336; x_wconf 86' lang='lat' dir='ltr'><strong>vu,</strong></span> <span class='ocrx_word' id='word_1_292' title='bbox 432 2266 487 2336; x_wconf 79' lang='lat' dir='ltr'><strong>tt.)</strong></span> <span class='ocrx_word' id='word_1_293' title='bbox 506 2263 576 2319; x_wconf 90' lang='lat' dir='ltr'><strong>Hinc</strong></span> <span class='ocrx_word' id='word_1_294' title='bbox 594 2265 717 2319; x_wconf 88' lang='lat' dir='ltr'><strong>attendat</strong></span> <span class='ocrx_word' id='word_1_295' title='bbox 732 2264 813 2320; x_wconf 88' lang='lat' dir='ltr'><strong>homo</strong></span> <span class='ocrx_word' id='word_1_296' title='bbox 828 2272 929 2336; x_wconf 90' lang='lat' dir='ltr'><strong>quanta</strong></span> <span class='ocrx_word' id='word_1_297' title='bbox 947 2263 983 2332; x_wconf 83' lang='lat' dir='ltr'><strong>sit</strong></span> <span class='ocrx_word' id='word_1_298' title='bbox 1005 2278 1069 2319; x_wconf 90' lang='lat' dir='ltr'><strong>cura</strong></span> <span class='ocrx_word' id='word_1_299' title='bbox 1123 2266 1190 2336; x_wconf 90' lang='lat' dir='ltr'><strong>Quis</strong></span> <span class='ocrx_word' id='word_1_300' title='bbox 1209 2265 1281 2323; x_wconf 91' lang='lat' dir='ltr'><strong>enim</strong></span> <span class='ocrx_word' id='word_1_301' title='bbox 1296 2265 1400 2322; x_wconf 90' lang='lat' dir='ltr'><strong>nesciat</strong></span> <span class='ocrx_word' id='word_1_302' title='bbox 1413 2264 1477 2338; x_wconf 90' lang='lat' dir='ltr'><strong>quia</strong></span> <span class='ocrx_word' id='word_1_303' title='bbox 1494 2280 1563 2336; x_wconf 91' lang='lat' dir='ltr'><strong>puer</strong></span> <span class='ocrx_word' id='word_1_304' title='bbox 1582 2263 1664 2321; x_wconf 86' lang='lat' dir='ltr'><strong>facile</strong></span> <span class='ocrx_word' id='word_1_305' title='bbox 1685 2263 1791 2321; x_wconf 82' lang='lat' dir='ltr'><strong>donati</strong></span> <span class='ocrx_word' id='word_1_306' title='bbox 1815 2263 1922 2320; x_wconf 84' lang='lat' dir='ltr'><strong>Eccesi</strong></span> 
     </span>
     <span class='ocr_line' id='line_1_23' title="bbox 273 2351 1922 2427; baseline -0.002 -17"><span class='ocrx_word' id='word_1_307' title='bbox 273 2356 334 2426; x_wconf 72' lang='lat' dir='ltr'><strong>eius</strong></span> <span class='ocrx_word' id='word_1_308' title='bbox 349 2356 421 2423; x_wconf 86' lang='lat' dir='ltr'><strong>De0;</strong></span> <span class='ocrx_word' id='word_1_309' title='bbox 433 2353 496 2410; x_wconf 93' lang='lat' dir='ltr'><strong>hinc</strong></span> <span class='ocrx_word' id='word_1_310' title='bbox 510 2353 576 2410; x_wconf 90' lang='lat' dir='ltr'><strong>sciat</strong></span> <span class='ocrx_word' id='word_1_311' title='bbox 591 2351 698 2424; x_wconf 89' lang='lat' dir='ltr'><strong>quidde</strong></span> <span class='ocrx_word' id='word_1_312' title='bbox 713 2368 748 2409; x_wconf 91' lang='lat' dir='ltr'><strong>eo</strong></span> <span class='ocrx_word' id='word_1_313' title='bbox 758 2353 859 2427; x_wconf 89' lang='lat' dir='ltr'><strong>cogitet</strong></span> <span class='ocrx_word' id='word_1_314' title='bbox 873 2360 920 2409; x_wconf 88' lang='lat' dir='ltr'><strong>aut</strong></span> <span class='ocrx_word' id='word_1_315' title='bbox 934 2352 1070 2425; x_wconf 89' lang='lat' dir='ltr'><strong>quidseu·</strong></span> <span class='ocrx_word' id='word_1_316' title='bbox 1123 2371 1177 2412; x_wconf 91' lang='lat' dir='ltr'><strong>non</strong></span> <span class='ocrx_word' id='word_1_317' title='bbox 1192 2354 1275 2411; x_wconf 87' lang='lat' dir='ltr'><strong>luerit</strong></span> <span class='ocrx_word' id='word_1_318' title='bbox 1288 2352 1368 2410; x_wconf 92' lang='lat' dir='ltr'><strong>nobis</strong></span> <span class='ocrx_word' id='word_1_319' title='bbox 1382 2353 1566 2426; x_wconf 86' lang='lat' dir='ltr'><strong>promiuimo,</strong></span> <span class='ocrx_word' id='word_1_320' title='bbox 1582 2369 1730 2426; x_wconf 90' lang='lat' dir='ltr'><strong>possumus</strong></span> <span class='ocrx_word' id='word_1_321' title='bbox 1746 2352 1922 2410; x_wconf 89' lang='lat' dir='ltr'><strong>reconciliari</strong></span> 
     </span>
     <span class='ocr_line' id='line_1_24' title="bbox 272 2439 1921 2518; baseline -0.004 -18"><span class='ocrx_word' id='word_1_322' title='bbox 272 2444 331 2500; x_wconf 89' lang='lat' dir='ltr'><strong>tiat.</strong></span> <span class='ocrx_word' id='word_1_323' title='bbox 355 2443 416 2499; x_wconf 92' lang='lat' dir='ltr'><strong>Nou</strong></span> <span class='ocrx_word' id='word_1_324' title='bbox 429 2441 594 2513; x_wconf 88' lang='lat' dir='ltr'><strong>interroges,</strong></span> <span class='ocrx_word' id='word_1_325' title='bbox 614 2456 631 2497; x_wconf 95' lang='grc' dir='ltr'>ο</span> <span class='ocrx_word' id='word_1_326' title='bbox 650 2441 742 2511; x_wconf 91' lang='lat' dir='ltr'><strong>horno,</strong></span> <span class='ocrx_word' id='word_1_327' title='bbox 758 2457 790 2496; x_wconf 88' lang='lat' dir='ltr'><strong>ea</strong></span> <span class='ocrx_word' id='word_1_328' title='bbox 811 2457 872 2514; x_wconf 88' lang='lat' dir='ltr'><strong>quae</strong></span> <span class='ocrx_word' id='word_1_329' title='bbox 890 2441 1004 2513; x_wconf 90' lang='lat' dir='ltr'><strong>pateris,</strong></span> <span class='ocrx_word' id='word_1_330' title='bbox 1020 2439 1070 2496; x_wconf 90' lang='lat' dir='ltr'><strong>sed</strong></span> <span class='ocrx_word' id='word_1_331' title='bbox 1123 2460 1173 2518; x_wconf 81' lang='lat' dir='ltr'><strong>pro</strong></span> <span class='ocrx_word' id='word_1_332' title='bbox 1187 2444 1312 2501; x_wconf 82' lang='lat' dir='ltr'><strong>minimo.</strong></span> <span class='ocrx_word' id='word_1_333' title='bbox 1327 2445 1379 2501; x_wconf 81' lang='lat' dir='ltr'><strong>Pro</strong></span> <span class='ocrx_word' id='word_1_334' title='bbox 1394 2443 1516 2513; x_wconf 86' lang='lat' dir='ltr'><strong>minimo,</strong></span> <span class='ocrx_word' id='word_1_335' title='bbox 1531 2443 1655 2516; x_wconf 81' lang='lat' dir='ltr'><strong>inquam,</strong></span> <span class='ocrx_word' id='word_1_336' title='bbox 1671 2458 1736 2503; x_wconf 60' lang='lat' dir='ltr'><strong>,non</strong></span> <span class='ocrx_word' id='word_1_337' title='bbox 1755 2449 1853 2498; x_wconf 79' lang='lat' dir='ltr'><strong>tamen</strong></span> <span class='ocrx_word' id='word_1_338' title='bbox 1869 2441 1921 2496; x_wconf 83' lang='lat' dir='ltr'><strong>sina</strong></span> 
     </span>
     <span class='ocr_line' id='line_1_25' title="bbox 272 2527 1921 2606; baseline -0.004 -18"><span class='ocrx_word' id='word_1_339' title='bbox 272 2549 334 2606; x_wconf 91' lang='lat' dir='ltr'><strong>quae</strong></span> <span class='ocrx_word' id='word_1_340' title='bbox 350 2547 448 2604; x_wconf 89' lang='lat' dir='ltr'><strong>passus</strong></span> <span class='ocrx_word' id='word_1_341' title='bbox 461 2539 504 2587; x_wconf 93' lang='grc' dir='ltr'><strong>εει</strong></span> <span class='ocrx_word' id='word_1_342' title='bbox 521 2530 576 2588; x_wconf 92' lang='lat' dir='ltr'><strong>ille.</strong></span> <span class='ocrx_word' id='word_1_343' title='bbox 589 2527 689 2598; x_wconf 85' lang='lat' dir='ltr'><strong>Quanti</strong></span> <span class='ocrx_word' id='word_1_344' title='bbox 702 2538 730 2587; x_wconf 88' lang='lat' dir='ltr'><strong>te</strong></span> <span class='ocrx_word' id='word_1_345' title='bbox 744 2529 817 2601; x_wconf 84' lang='lat' dir='ltr'><strong>fecit,</strong></span> <span class='ocrx_word' id='word_1_346' title='bbox 834 2546 866 2587; x_wconf 89' lang='lat' dir='ltr'><strong>ex</strong></span> <span class='ocrx_word' id='word_1_347' title='bbox 886 2529 929 2586; x_wconf 88' lang='lat' dir='ltr'><strong>his</strong></span> <span class='ocrx_word' id='word_1_348' title='bbox 944 2545 1006 2603; x_wconf 88' lang='lat' dir='ltr'><strong>quae</strong></span> <span class='ocrx_word' id='word_1_349' title='bbox 1019 2542 1070 2601; x_wconf 90' lang='lat' dir='ltr'><strong>pro</strong></span> <span class='ocrx_word' id='word_1_350' title='bbox 1122 2530 1301 2606; x_wconf 83' lang='lat' dir='ltr'><strong>poenitentia,</strong></span> <span class='ocrx_word' id='word_1_351' title='bbox 1316 2530 1366 2588; x_wconf 89' lang='lat' dir='ltr'><strong>sed</strong></span> <span class='ocrx_word' id='word_1_352' title='bbox 1388 2530 1452 2604; x_wconf 91' lang='lat' dir='ltr'><strong>quia</strong></span> <span class='ocrx_word' id='word_1_353' title='bbox 1470 2529 1613 2588; x_wconf 88' lang='lat' dir='ltr'><strong>minimum</strong></span> <span class='ocrx_word' id='word_1_354' title='bbox 1627 2529 1756 2604; x_wconf 89' lang='lat' dir='ltr'><strong>quiddam</strong></span> <span class='ocrx_word' id='word_1_355' title='bbox 1780 2529 1817 2586; x_wconf 89' lang='lat' dir='ltr'><strong>sit</strong></span> <span class='ocrx_word' id='word_1_356' title='bbox 1832 2536 1921 2586; x_wconf 82' lang='lat' dir='ltr'><strong>nostra</strong></span> 
     </span>
     <span class='ocr_line' id='line_1_26' title="bbox 273 2617 1920 2693; baseline -0.002 -16"><span class='ocrx_word' id='word_1_357' title='bbox 273 2627 300 2677; x_wconf 87' lang='grc' dir='ltr'><strong>ιε</strong></span> <span class='ocrx_word' id='word_1_358' title='bbox 315 2621 403 2676; x_wconf 84' lang='lat' dir='ltr'><strong>iactus</strong></span> <span class='ocrx_word' id='word_1_359' title='bbox 426 2627 478 2689; x_wconf 89' lang='grc' dir='ltr'><strong>εει,</strong></span> <span class='ocrx_word' id='word_1_360' title='bbox 502 2632 632 2690; x_wconf 90' lang='lat' dir='ltr'><strong>agnosce,</strong></span> <span class='ocrx_word' id='word_1_361' title='bbox 648 2626 679 2672; x_wconf 93' lang='lat' dir='ltr'><strong>ut</strong></span> <span class='ocrx_word' id='word_1_362' title='bbox 701 2626 832 2689; x_wconf 88' lang='lat' dir='ltr'><strong>appareat</strong></span> <span class='ocrx_word' id='word_1_363' title='bbox 847 2617 896 2674; x_wconf 86' lang='lat' dir='ltr'><strong>tihi</strong></span> <span class='ocrx_word' id='word_1_364' title='bbox 914 2617 1070 2690; x_wconf 87' lang='lat' dir='ltr'><strong>benignitas</strong></span> <span class='ocrx_word' id='word_1_365' title='bbox 1123 2621 1182 2693; x_wconf 88' lang='lat' dir='ltr'><strong>ipsa</strong></span> <span class='ocrx_word' id='word_1_366' title='bbox 1195 2617 1366 2692; x_wconf 87' lang='lat' dir='ltr'><strong>poenitentia.</strong></span> <span class='ocrx_word' id='word_1_367' title='bbox 1382 2619 1520 2691; x_wconf 87' lang='lat' dir='ltr'><strong>Pauperes</strong></span> <span class='ocrx_word' id='word_1_368' title='bbox 1535 2634 1640 2689; x_wconf 89' lang='lat' dir='ltr'><strong>sumus,</strong></span> <span class='ocrx_word' id='word_1_369' title='bbox 1654 2633 1753 2691; x_wconf 87' lang='lat' dir='ltr'><strong>parum</strong></span> <span class='ocrx_word' id='word_1_370' title='bbox 1772 2617 1848 2674; x_wconf 89' lang='lat' dir='ltr'><strong>dare</strong></span> <span class='ocrx_word' id='word_1_371' title='bbox 1861 2632 1920 2690; x_wconf 77' lang='lat' dir='ltr'><strong>pos·</strong></span> 
     </span>
     <span class='ocr_line' id='line_1_27' title="bbox 273 2704 1921 2780; baseline -0.003 -16"><span class='ocrx_word' id='word_1_372' title='bbox 273 2709 334 2780; x_wconf 87' lang='lat' dir='ltr'><strong>ejus</strong></span> <span class='ocrx_word' id='word_1_373' title='bbox 348 2723 382 2764; x_wconf 86' lang='lat' dir='ltr'><strong>ex</strong></span> <span class='ocrx_word' id='word_1_374' title='bbox 400 2706 580 2762; x_wconf 87' lang='lat' dir='ltr'><strong>humanitate.</strong></span> <span class='ocrx_word' id='word_1_375' title='bbox 595 2704 702 2774; x_wconf 87' lang='lat' dir='ltr'><strong>Quanto</strong></span> <span class='ocrx_word' id='word_1_376' title='bbox 718 2704 791 2760; x_wconf 89' lang='lat' dir='ltr'><strong>euim</strong></span> <span class='ocrx_word' id='word_1_377' title='bbox 805 2705 939 2761; x_wconf 90' lang='lat' dir='ltr'><strong>minorem</strong></span> <span class='ocrx_word' id='word_1_378' title='bbox 961 2721 992 2763; x_wconf 88' lang='lat' dir='ltr'><strong>se</strong></span> <span class='ocrx_word' id='word_1_379' title='bbox 1006 2705 1071 2762; x_wconf 84' lang='lat' dir='ltr'><strong>fecit</strong></span> <span class='ocrx_word' id='word_1_380' title='bbox 1124 2724 1236 2774; x_wconf 71' lang='lat' dir='ltr'><strong>sumum</strong></span> <span class='ocrx_word' id='word_1_381' title='bbox 1252 2715 1372 2764; x_wconf 85' lang='lat' dir='ltr'><strong>attamen</strong></span> <span class='ocrx_word' id='word_1_382' title='bbox 1395 2706 1567 2764; x_wconf 88' lang='lat' dir='ltr'><strong>reconcihari</strong></span> <span class='ocrx_word' id='word_1_383' title='bbox 1588 2721 1737 2779; x_wconf 88' lang='lat' dir='ltr'><strong>possumus</strong></span> <span class='ocrx_word' id='word_1_384' title='bbox 1759 2721 1815 2778; x_wconf 89' lang='lat' dir='ltr'><strong>pro</strong></span> <span class='ocrx_word' id='word_1_385' title='bbox 1843 2719 1921 2779; x_wconf 84' lang='lat' dir='ltr'><strong>parm</strong></span> 
     </span>
     <span class='ocr_line' id='line_1_28' title="bbox 274 2792 1921 2871; baseline 0.001 -20"><span class='ocrx_word' id='word_1_386' title='bbox 274 2793 493 2863; x_wconf 88' lang='lat' dir='ltr'><strong>inhumanitate,</strong></span> <span class='ocrx_word' id='word_1_387' title='bbox 508 2799 583 2848; x_wconf 92' lang='lat' dir='ltr'><strong>tanto</strong></span> <span class='ocrx_word' id='word_1_388' title='bbox 597 2793 734 2862; x_wconf 88' lang='lat' dir='ltr'><strong>majorem</strong></span> <span class='ocrx_word' id='word_1_389' title='bbox 748 2792 871 2849; x_wconf 88' lang='lat' dir='ltr'><strong>exhibuit</strong></span> <span class='ocrx_word' id='word_1_390' title='bbox 884 2793 913 2849; x_wconf 90' lang='lat' dir='ltr'><strong>in</strong></span> <span class='ocrx_word' id='word_1_391' title='bbox 927 2793 1070 2861; x_wconf 66' lang='lat' dir='ltr'><strong>bonitum</strong></span> <span class='ocrx_word' id='word_1_392' title='bbox 1123 2798 1179 2868; x_wconf 91' lang='lat' dir='ltr'><strong>illo,</strong></span> <span class='ocrx_word' id='word_1_393' title='bbox 1195 2797 1219 2854; x_wconf 92' lang='lat' dir='ltr'><strong>si</strong></span> <span class='ocrx_word' id='word_1_394' title='bbox 1232 2797 1367 2855; x_wconf 88' lang='lat' dir='ltr'><strong>volumus.</strong></span> <span class='ocrx_word' id='word_1_395' title='bbox 1382 2797 1479 2854; x_wconf 88' lang='lat' dir='ltr'><strong>Totum</strong></span> <span class='ocrx_word' id='word_1_396' title='bbox 1502 2796 1577 2871; x_wconf 93' lang='lat' dir='ltr'><strong>quod</strong></span> <span class='ocrx_word' id='word_1_397' title='bbox 1600 2796 1667 2854; x_wconf 89' lang='lat' dir='ltr'><strong>dare</strong></span> <span class='ocrx_word' id='word_1_398' title='bbox 1688 2813 1815 2870; x_wconf 90' lang='lat' dir='ltr'><strong>possum,</strong></span> <span class='ocrx_word' id='word_1_399' title='bbox 1839 2799 1921 2852; x_wconf 86' lang='lat' dir='ltr'><strong>mise·</strong></span> 
     </span>
     <span class='ocr_line' id='line_1_29' title="bbox 274 2879 1921 2958; baseline 0.001 -19"><span class='ocrx_word' id='word_1_400' title='bbox 274 2891 303 2940; x_wconf 88' lang='lat' dir='ltr'><strong>et</strong></span> <span class='ocrx_word' id='word_1_401' title='bbox 317 2890 419 2957; x_wconf 90' lang='lat' dir='ltr'><strong>quanto</strong></span> <span class='ocrx_word' id='word_1_402' title='bbox 432 2896 482 2955; x_wconf 90' lang='lat' dir='ltr'><strong>pro</strong></span> <span class='ocrx_word' id='word_1_403' title='bbox 496 2897 541 2938; x_wconf 88' lang='lat' dir='ltr'><strong>me</strong></span> <span class='ocrx_word' id='word_1_404' title='bbox 556 2880 644 2950; x_wconf 79' lang='lat' dir='ltr'><strong>vilior,</strong></span> <span class='ocrx_word' id='word_1_405' title='bbox 661 2887 737 2937; x_wconf 91' lang='lat' dir='ltr'><strong>tanto</strong></span> <span class='ocrx_word' id='word_1_406' title='bbox 751 2879 818 2936; x_wconf 91' lang='lat' dir='ltr'><strong>mihi</strong></span> <span class='ocrx_word' id='word_1_407' title='bbox 833 2880 941 2938; x_wconf 87' lang='lat' dir='ltr'><strong>charior</strong></span> <span class='ocrx_word' id='word_1_408' title='bbox 954 2889 1006 2938; x_wconf 91' lang='lat' dir='ltr'><strong>est.</strong></span> <span class='ocrx_word' id='word_1_409' title='bbox 1020 2882 1071 2954; x_wconf 76' lang='lat' dir='ltr'><strong>dp</strong></span> <span class='ocrx_word' id='word_1_410' title='bbox 1123 2902 1186 2942; x_wconf 88' lang='lat' dir='ltr'><strong>rum</strong></span> <span class='ocrx_word' id='word_1_411' title='bbox 1199 2901 1300 2958; x_wconf 89' lang='lat' dir='ltr'><strong>corpus</strong></span> <span class='ocrx_word' id='word_1_412' title='bbox 1318 2884 1391 2942; x_wconf 89' lang='lat' dir='ltr'><strong>istud</strong></span> <span class='ocrx_word' id='word_1_413' title='bbox 1406 2892 1468 2955; x_wconf 91' lang='lat' dir='ltr'><strong>est;</strong></span> <span class='ocrx_word' id='word_1_414' title='bbox 1487 2884 1554 2941; x_wconf 92' lang='lat' dir='ltr'><strong>illud</strong></span> <span class='ocrx_word' id='word_1_415' title='bbox 1568 2884 1592 2941; x_wconf 89' lang='lat' dir='ltr'><strong>si</strong></span> <span class='ocrx_word' id='word_1_416' title='bbox 1606 2883 1721 2954; x_wconf 89' lang='lat' dir='ltr'><strong>dedero,</strong></span> <span class='ocrx_word' id='word_1_417' title='bbox 1738 2885 1805 2941; x_wconf 91' lang='lat' dir='ltr'><strong>satis</strong></span> <span class='ocrx_word' id='word_1_418' title='bbox 1827 2893 1882 2942; x_wconf 88' lang='lat' dir='ltr'><strong>est.</strong></span> <span class='ocrx_word' id='word_1_419' title='bbox 1898 2885 1921 2940; x_wconf 77' lang='lat' dir='ltr'><strong>Si</strong></span> 
     </span>
     <span class='ocr_line' id='line_1_30' title="bbox 274 2968 1922 3048; baseline 0.001 -18"><span class='ocrx_word' id='word_1_420' title='bbox 274 2975 387 3046; x_wconf 77' lang='lat' dir='ltr'><strong>paruit,</strong></span> <span class='ocrx_word' id='word_1_421' title='bbox 402 2970 490 3044; x_wconf 91' lang='lat' dir='ltr'><strong>inquit</strong></span> <span class='ocrx_word' id='word_1_422' title='bbox 504 2969 661 3041; x_wconf 82' lang='lat' dir='ltr'><strong>Apostolus,</strong></span> <span class='ocrx_word' id='word_1_423' title='bbox 676 2968 838 3041; x_wconf 77' lang='lat' dir='ltr'><strong>benignitus</strong></span> <span class='ocrx_word' id='word_1_424' title='bbox 858 2975 887 3026; x_wconf 85' lang='lat' dir='ltr'><strong>et</strong></span> <span class='ocrx_word' id='word_1_425' title='bbox 905 2969 1070 3028; x_wconf 84' lang='lat' dir='ltr'><strong>hamanitas</strong></span> <span class='ocrx_word' id='word_1_426' title='bbox 1124 2974 1283 3048; x_wconf 90' lang='lat' dir='ltr'><strong>quominus,</strong></span> <span class='ocrx_word' id='word_1_427' title='bbox 1296 2972 1367 3031; x_wconf 88' lang='lat' dir='ltr'><strong>addc</strong></span> <span class='ocrx_word' id='word_1_428' title='bbox 1382 2982 1410 3032; x_wconf 91' lang='lat' dir='ltr'><strong>et</strong></span> <span class='ocrx_word' id='word_1_429' title='bbox 1421 2989 1522 3047; x_wconf 89' lang='lat' dir='ltr'><strong>corpus</strong></span> <span class='ocrx_word' id='word_1_430' title='bbox 1537 2974 1622 3046; x_wconf 91' lang='lat' dir='ltr'><strong>ipsius</strong></span> <span class='ocrx_word' id='word_1_431' title='bbox 1634 2993 1640 3032; x_wconf 92' lang='lat'>:</span> <span class='ocrx_word' id='word_1_432' title='bbox 1652 2989 1714 3030; x_wconf 90' lang='lat' dir='ltr'><strong>uam</strong></span> <span class='ocrx_word' id='word_1_433' title='bbox 1729 2973 1798 3030; x_wconf 91' lang='lat' dir='ltr'><strong>illud</strong></span> <span class='ocrx_word' id='word_1_434' title='bbox 1812 2975 1852 3031; x_wconf 89' lang='lat' dir='ltr'><strong>de</strong></span> <span class='ocrx_word' id='word_1_435' title='bbox 1867 2989 1922 3031; x_wconf 88' lang='lat' dir='ltr'><strong>mea</strong></span> 
     </span>
     <span class='ocr_line' id='line_1_31' title="bbox 276 3056 1920 3134; baseline 0 -14"><span class='ocrx_word' id='word_1_436' title='bbox 276 3060 433 3120; x_wconf 75' lang='lat' dir='ltr'><strong>sttnntcra</strong></span> <span class='ocrx_word' id='word_1_437' title='bbox 447 3060 542 3118; x_wconf 73' lang='lat' dir='ltr'><strong>nostri</strong></span> <span class='ocrx_word' id='word_1_438' title='bbox 551 3059 610 3116; x_wconf 84' lang='lat' dir='ltr'><strong>Dei.</strong></span> <span class='ocrx_word' id='word_1_439' title='bbox 626 3059 725 3128; x_wconf 87' lang='lat' dir='ltr'><strong>hlagna</strong></span> <span class='ocrx_word' id='word_1_440' title='bbox 737 3056 817 3128; x_wconf 88' lang='lat' dir='ltr'><strong>plane</strong></span> <span class='ocrx_word' id='word_1_441' title='bbox 827 3065 855 3113; x_wconf 90' lang='lat' dir='ltr'><strong>et</strong></span> <span class='ocrx_word' id='word_1_442' title='bbox 869 3057 1072 3115; x_wconf 79' lang='lat' dir='ltr'><strong>manifestabe-</strong></span> <span class='ocrx_word' id='word_1_443' title='bbox 1124 3072 1175 3134; x_wconf 89' lang='lat' dir='ltr'><strong>est,</strong></span> <span class='ocrx_word' id='word_1_444' title='bbox 1192 3072 1219 3120; x_wconf 93' lang='lat' dir='ltr'><strong>et</strong></span> <span class='ocrx_word' id='word_1_445' title='bbox 1232 3079 1326 3119; x_wconf 91' lang='lat' dir='ltr'><strong>meum</strong></span> <span class='ocrx_word' id='word_1_446' title='bbox 1341 3069 1394 3118; x_wconf 90' lang='lat' dir='ltr'><strong>est.</strong></span> <span class='ocrx_word' id='word_1_447' title='bbox 1410 3064 1549 3120; x_wconf 79' lang='lat' dir='ltr'><strong>Paruulus</strong></span> <span class='ocrx_word' id='word_1_448' title='bbox 1568 3062 1644 3119; x_wconf 90' lang='lat' dir='ltr'><strong>enim</strong></span> <span class='ocrx_word' id='word_1_449' title='bbox 1668 3066 1756 3119; x_wconf 81' lang='lat' dir='ltr'><strong>actos</strong></span> <span class='ocrx_word' id='word_1_450' title='bbox 1773 3067 1817 3120; x_wconf 85' lang='lat' dir='ltr'><strong>cst</strong></span> <span class='ocrx_word' id='word_1_451' title='bbox 1834 3064 1920 3132; x_wconf 71' lang='lat' dir='ltr'><strong>nohis</strong></span> 
     </span>
     <span class='ocr_line' id='line_1_32' title="bbox 274 3145 1921 3225; baseline 0.001 -20"><span class='ocrx_word' id='word_1_452' title='bbox 274 3148 394 3225; x_wconf 82' lang='lat' dir='ltr'><strong>uiguitas</strong></span> <span class='ocrx_word' id='word_1_453' title='bbox 407 3147 458 3204; x_wconf 90' lang='lat' dir='ltr'><strong>Dei</strong></span> <span class='ocrx_word' id='word_1_454' title='bbox 472 3153 501 3204; x_wconf 93' lang='lat' dir='ltr'><strong>et</strong></span> <span class='ocrx_word' id='word_1_455' title='bbox 518 3145 691 3204; x_wconf 80' lang='lat' dir='ltr'><strong>humanitas!</strong></span> <span class='ocrx_word' id='word_1_456' title='bbox 710 3154 737 3202; x_wconf 93' lang='lat' dir='ltr'><strong>et</strong></span> <span class='ocrx_word' id='word_1_457' title='bbox 750 3161 881 3220; x_wconf 89' lang='lat' dir='ltr'><strong>maguum</strong></span> <span class='ocrx_word' id='word_1_458' title='bbox 896 3146 1071 3219; x_wconf 85' lang='lat' dir='ltr'><strong>benignitatis</strong></span> <span class='ocrx_word' id='word_1_459' title='bbox 1123 3156 1152 3208; x_wconf 90' lang='grc' dir='ltr'><strong>ει</strong></span> <span class='ocrx_word' id='word_1_460' title='bbox 1163 3153 1242 3223; x_wconf 80' lang='lat' dir='ltr'><strong>filios</strong></span> <span class='ocrx_word' id='word_1_461' title='bbox 1251 3151 1335 3209; x_wconf 80' lang='lat' dir='ltr'><strong>datm</strong></span> <span class='ocrx_word' id='word_1_462' title='bbox 1346 3155 1389 3210; x_wconf 86' lang='lat' dir='ltr'><strong>est</strong></span> <span class='ocrx_word' id='word_1_463' title='bbox 1402 3150 1481 3208; x_wconf 80' lang='lat' dir='ltr'><strong>nohis</strong></span> <span class='ocrx_word' id='word_1_464' title='bbox 1491 3150 1620 3224; x_wconf 54' lang='lat' dir='ltr'><strong>(iscigx,</strong></span> <span class='ocrx_word' id='word_1_465' title='bbox 1635 3150 1673 3223; x_wconf 87' lang='grc'><strong>6).</strong></span> <span class='ocrx_word' id='word_1_466' title='bbox 1690 3150 1779 3221; x_wconf 87' lang='lat' dir='ltr'><strong>Dete,</strong></span> <span class='ocrx_word' id='word_1_467' title='bbox 1794 3150 1921 3216; x_wconf 84' lang='lat' dir='ltr'><strong>Domine,</strong></span> 
     </span>
     <span class='ocr_line' id='line_1_33' title="bbox 273 3220 1922 3313; baseline 0 -19"><span class='ocrx_word' id='word_1_468' title='bbox 273 3237 405 3295; x_wconf 91' lang='lat' dir='ltr'><strong>iudicium</strong></span> <span class='ocrx_word' id='word_1_469' title='bbox 428 3234 587 3306; x_wconf 80' lang='lat' dir='ltr'><strong>declaravit,</strong></span> <span class='ocrx_word' id='word_1_470' title='bbox 612 3233 659 3307; x_wconf 89' lang='lat' dir='ltr'><strong>qui</strong></span> <span class='ocrx_word' id='word_1_471' title='bbox 674 3234 835 3291; x_wconf 87' lang='lat' dir='ltr'><strong>humanitati</strong></span> <span class='ocrx_word' id='word_1_472' title='bbox 854 3235 956 3293; x_wconf 86' lang='lat' dir='ltr'><strong>addere</strong></span> <span class='ocrx_word' id='word_1_473' title='bbox 970 3250 1070 3293; x_wconf 91' lang='lat' dir='ltr'><strong>nomen</strong></span> <span class='ocrx_word' id='word_1_474' title='bbox 1085 3220 1108 3299; x_wconf 70' lang='lat' dir='ltr'><strong>c</strong></span> <span class='ocrx_word' id='word_1_475' title='bbox 1124 3240 1248 3313; x_wconf 89' lang='lat' dir='ltr'><strong>suppleo,</strong></span> <span class='ocrx_word' id='word_1_476' title='bbox 1265 3238 1338 3312; x_wconf 90' lang='lat' dir='ltr'><strong>quod</strong></span> <span class='ocrx_word' id='word_1_477' title='bbox 1361 3239 1452 3295; x_wconf 90' lang='lat' dir='ltr'><strong>minus</strong></span> <span class='ocrx_word' id='word_1_478' title='bbox 1473 3240 1564 3296; x_wconf 86' lang='lat' dir='ltr'><strong>habeo</strong></span> <span class='ocrx_word' id='word_1_479' title='bbox 1587 3239 1615 3294; x_wconf 92' lang='lat' dir='ltr'><strong>in</strong></span> <span class='ocrx_word' id='word_1_480' title='bbox 1641 3255 1697 3296; x_wconf 92' lang='lat' dir='ltr'><strong>me.</strong></span> <span class='ocrx_word' id='word_1_481' title='bbox 1724 3239 1922 3295; x_wconf 85' lang='lat' dir='ltr'><strong>Odulcissima</strong></span> 
     </span>
     <span class='ocr_line' id='line_1_34' title="bbox 272 3321 1923 3387; baseline 0.002 -4"><span class='ocrx_word' id='word_1_482' title='bbox 272 3324 324 3383; x_wconf 89' lang='lat' dir='ltr'><strong>Dei</strong></span> <span class='ocrx_word' id='word_1_483' title='bbox 338 3321 465 3381; x_wconf 71' lang='lat' dir='ltr'><strong>curam.</strong></span> <span class='ocrx_word' id='word_1_484' title='bbox 1123 3327 1322 3387; x_wconf 86' lang='lat' dir='ltr'><strong>reconciliatiol</strong></span> <span class='ocrx_word' id='word_1_485' title='bbox 1348 3343 1366 3385; x_wconf 91' lang='lat' dir='ltr'><strong>o</strong></span> <span class='ocrx_word' id='word_1_486' title='bbox 1386 3328 1535 3384; x_wconf 84' lang='lat' dir='ltr'><strong>satisfactio</strong></span> <span class='ocrx_word' id='word_1_487' title='bbox 1557 3327 1764 3384; x_wconf 83' lang='lat' dir='ltr'><strong>suavisshualo</strong></span> <span class='ocrx_word' id='word_1_488' title='bbox 1787 3343 1860 3385; x_wconf 81' lang='lat' dir='ltr'><strong>rere</strong></span> <span class='ocrx_word' id='word_1_489' title='bbox 1881 3346 1923 3387; x_wconf 84' lang='lat' dir='ltr'><strong>re-</strong></span> 
     </span>
     <span class='ocr_line' id='line_1_35' title="bbox 278 3411 1920 3490; baseline 0.001 -19"><span class='ocrx_word' id='word_1_490' title='bbox 278 3475 284 3488; x_wconf 44' lang='lat'><strong>,</strong></span> <span class='ocrx_word' id='word_1_491' title='bbox 310 3419 337 3484; x_wconf 79' lang='lat'><strong>3.</strong></span> <span class='ocrx_word' id='word_1_492' title='bbox 357 3415 392 3471; x_wconf 87' lang='lat' dir='ltr'><strong>Et</strong></span> <span class='ocrx_word' id='word_1_493' title='bbox 406 3411 692 3490; x_wconf 59' lang='lat' dir='ltr'><strong>quidemudhlariam</strong></span> <span class='ocrx_word' id='word_1_494' title='bbox 711 3411 809 3468; x_wconf 82' lang='lat' dir='ltr'><strong>misam</strong></span> <span class='ocrx_word' id='word_1_495' title='bbox 832 3411 944 3469; x_wconf 87' lang='lat' dir='ltr'><strong>Gabriel</strong></span> <span class='ocrx_word' id='word_1_496' title='bbox 958 3411 1071 3486; x_wconf 83' lang='lat' dir='ltr'><strong>augelus</strong></span> <span class='ocrx_word' id='word_1_497' title='bbox 1124 3416 1279 3482; x_wconf 81' lang='lat' dir='ltr'><strong>conciliatio</strong></span> <span class='ocrx_word' id='word_1_498' title='bbox 1299 3415 1395 3488; x_wconf 83' lang='lat' dir='ltr'><strong>facilis,</strong></span> <span class='ocrx_word' id='word_1_499' title='bbox 1419 3415 1469 3473; x_wconf 92' lang='lat' dir='ltr'><strong>sed</strong></span> <span class='ocrx_word' id='word_1_500' title='bbox 1487 3415 1625 3489; x_wconf 89' lang='lat' dir='ltr'><strong>perutilis!</strong></span> <span class='ocrx_word' id='word_1_501' title='bbox 1654 3415 1805 3472; x_wconf 86' lang='lat' dir='ltr'><strong>satisfactio</strong></span> <span class='ocrx_word' id='word_1_502' title='bbox 1827 3433 1920 3488; x_wconf 77' lang='lat' dir='ltr'><strong>parta,</strong></span> 
     </span>
     <span class='ocr_line' id='line_1_36' title="bbox 272 3500 1920 3578; baseline 0.002 -19"><span class='ocrx_word' id='word_1_503' title='bbox 272 3503 372 3559; x_wconf 86' lang='lat' dir='ltr'><strong>Filium</strong></span> <span class='ocrx_word' id='word_1_504' title='bbox 385 3501 437 3558; x_wconf 83' lang='lat' dir='ltr'><strong>Dei</strong></span> <span class='ocrx_word' id='word_1_505' title='bbox 450 3501 581 3574; x_wconf 90' lang='lat' dir='ltr'><strong>loquitur,</strong></span> <span class='ocrx_word' id='word_1_506' title='bbox 601 3501 651 3557; x_wconf 91' lang='lat' dir='ltr'><strong>sed</strong></span> <span class='ocrx_word' id='word_1_507' title='bbox 669 3515 724 3557; x_wconf 89' lang='lat' dir='ltr'><strong>non</strong></span> <span class='ocrx_word' id='word_1_508' title='bbox 736 3500 859 3557; x_wconf 90' lang='lat' dir='ltr'><strong>nominat</strong></span> <span class='ocrx_word' id='word_1_509' title='bbox 874 3503 974 3558; x_wconf 87' lang='lat' dir='ltr'><strong>Deum.</strong></span> <span class='ocrx_word' id='word_1_510' title='bbox 987 3502 1071 3559; x_wconf 90' lang='lat' dir='ltr'><strong>Bene·</strong></span> <span class='ocrx_word' id='word_1_511' title='bbox 1125 3507 1175 3562; x_wconf 90' lang='lat' dir='ltr'><strong>sed</strong></span> <span class='ocrx_word' id='word_1_512' title='bbox 1189 3521 1244 3562; x_wconf 89' lang='lat' dir='ltr'><strong>uon</strong></span> <span class='ocrx_word' id='word_1_513' title='bbox 1259 3504 1495 3578; x_wconf 79' lang='lat' dir='ltr'><strong>parvIpeudendal</strong></span> <span class='ocrx_word' id='word_1_514' title='bbox 1510 3505 1617 3561; x_wconf 86' lang='lat' dir='ltr'><strong>Etenim</strong></span> <span class='ocrx_word' id='word_1_515' title='bbox 1631 3519 1714 3578; x_wconf 91' lang='lat' dir='ltr'><strong>quam</strong></span> <span class='ocrx_word' id='word_1_516' title='bbox 1725 3504 1815 3560; x_wconf 83' lang='lat' dir='ltr'><strong>facilis</strong></span> <span class='ocrx_word' id='word_1_517' title='bbox 1829 3506 1920 3572; x_wconf 88' lang='lat' dir='ltr'><strong>moda,</strong></span> 
     </span>
     <span class='ocr_line' id='line_1_37' title="bbox 274 3589 1920 3668; baseline 0.001 -20"><span class='ocrx_word' id='word_1_518' title='bbox 274 3592 363 3648; x_wconf 89' lang='lat' dir='ltr'><strong>dictus</strong></span> <span class='ocrx_word' id='word_1_519' title='bbox 376 3592 460 3668; x_wconf 87' lang='lat' dir='ltr'><strong>Deus,</strong></span> <span class='ocrx_word' id='word_1_520' title='bbox 479 3589 527 3662; x_wconf 88' lang='lat' dir='ltr'><strong>qui</strong></span> <span class='ocrx_word' id='word_1_521' title='bbox 536 3589 618 3645; x_wconf 89' lang='lat' dir='ltr'><strong>talem</strong></span> <span class='ocrx_word' id='word_1_522' title='bbox 633 3590 712 3644; x_wconf 88' lang='lat' dir='ltr'><strong>uobis</strong></span> <span class='ocrx_word' id='word_1_523' title='bbox 723 3589 758 3646; x_wconf 90' lang='lat' dir='ltr'><strong>de</strong></span> <span class='ocrx_word' id='word_1_524' title='bbox 767 3589 846 3646; x_wconf 87' lang='lat' dir='ltr'><strong>uobis</strong></span> <span class='ocrx_word' id='word_1_525' title='bbox 859 3590 926 3662; x_wconf 91' lang='lat' dir='ltr'><strong>ipsis</strong></span> <span class='ocrx_word' id='word_1_526' title='bbox 937 3591 1071 3664; x_wconf 82' lang='lat' dir='ltr'><strong>Angelum</strong></span> <span class='ocrx_word' id='word_1_527' title='bbox 1125 3602 1179 3650; x_wconf 91' lang='lat' dir='ltr'><strong>tam</strong></span> <span class='ocrx_word' id='word_1_528' title='bbox 1194 3593 1311 3650; x_wconf 83' lang='lat' dir='ltr'><strong>difficilis</strong></span> <span class='ocrx_word' id='word_1_529' title='bbox 1322 3593 1374 3649; x_wconf 94' lang='lat' dir='ltr'><strong>erit</strong></span> <span class='ocrx_word' id='word_1_530' title='bbox 1383 3601 1498 3666; x_wconf 89' lang='lat' dir='ltr'><strong>postea;</strong></span> <span class='ocrx_word' id='word_1_531' title='bbox 1510 3601 1537 3649; x_wconf 89' lang='lat' dir='ltr'><strong>et</strong></span> <span class='ocrx_word' id='word_1_532' title='bbox 1551 3593 1622 3650; x_wconf 91' lang='lat' dir='ltr'><strong>sicut</strong></span> <span class='ocrx_word' id='word_1_533' title='bbox 1635 3593 1717 3650; x_wconf 92' lang='lat' dir='ltr'><strong>modo</strong></span> <span class='ocrx_word' id='word_1_534' title='bbox 1727 3608 1812 3650; x_wconf 91' lang='lat' dir='ltr'><strong>nemo</strong></span> <span class='ocrx_word' id='word_1_535' title='bbox 1822 3602 1869 3650; x_wconf 91' lang='lat' dir='ltr'><strong>est</strong></span> <span class='ocrx_word' id='word_1_536' title='bbox 1882 3595 1920 3667; x_wconf 91' lang='lat' dir='ltr'><strong>qui</strong></span> 
     </span>
     <span class='ocr_line' id='line_1_38' title="bbox 274 3676 1921 3756; baseline 0.002 -22"><span class='ocrx_word' id='word_1_537' title='bbox 274 3677 362 3750; x_wconf 88' lang='lat' dir='ltr'><strong>dedit,</strong></span> <span class='ocrx_word' id='word_1_538' title='bbox 376 3686 407 3735; x_wconf 91' lang='lat' dir='ltr'><strong>ut</strong></span> <span class='ocrx_word' id='word_1_539' title='bbox 424 3687 519 3735; x_wconf 89' lang='lat' dir='ltr'><strong>noster</strong></span> <span class='ocrx_word' id='word_1_540' title='bbox 545 3676 604 3748; x_wconf 88' lang='lat' dir='ltr'><strong>ipse</strong></span> <span class='ocrx_word' id='word_1_541' title='bbox 622 3677 763 3749; x_wconf 89' lang='lat' dir='ltr'><strong>suppleret</strong></span> <span class='ocrx_word' id='word_1_542' title='bbox 776 3678 850 3751; x_wconf 89' lang='lat' dir='ltr'><strong>quod</strong></span> <span class='ocrx_word' id='word_1_543' title='bbox 864 3677 909 3735; x_wconf 89' lang='lat' dir='ltr'><strong>ille</strong></span> <span class='ocrx_word' id='word_1_544' title='bbox 924 3693 979 3736; x_wconf 90' lang='lat' dir='ltr'><strong>nou</strong></span> <span class='ocrx_word' id='word_1_545' title='bbox 993 3679 1070 3734; x_wconf 85' lang='lat' dir='ltr'><strong>dixit.</strong></span> <span class='ocrx_word' id='word_1_546' title='bbox 1124 3682 1297 3739; x_wconf 89' lang='lat' dir='ltr'><strong>reconciliari</strong></span> <span class='ocrx_word' id='word_1_547' title='bbox 1311 3697 1366 3737; x_wconf 92' lang='lat' dir='ltr'><strong>nou</strong></span> <span class='ocrx_word' id='word_1_548' title='bbox 1378 3682 1476 3755; x_wconf 90' lang='lat' dir='ltr'><strong>possit,</strong></span> <span class='ocrx_word' id='word_1_549' title='bbox 1492 3682 1529 3737; x_wconf 88' lang='lat' dir='ltr'><strong>ita</strong></span> <span class='ocrx_word' id='word_1_550' title='bbox 1541 3689 1605 3755; x_wconf 91' lang='lat' dir='ltr'><strong>post</strong></span> <span class='ocrx_word' id='word_1_551' title='bbox 1625 3680 1765 3754; x_wconf 90' lang='lat' dir='ltr'><strong>paululum</strong></span> <span class='ocrx_word' id='word_1_552' title='bbox 1777 3698 1865 3739; x_wconf 87' lang='lat' dir='ltr'><strong>nemo</strong></span> <span class='ocrx_word' id='word_1_553' title='bbox 1881 3683 1921 3756; x_wconf 89' lang='lat' dir='ltr'><strong>qui</strong></span> 
     </span>
     <span class='ocr_line' id='line_1_39' title="bbox 274 3765 1921 3846; baseline 0.003 -22"><span class='ocrx_word' id='word_1_554' title='bbox 274 3769 345 3824; x_wconf 90' lang='lat' dir='ltr'><strong>Nam</strong></span> <span class='ocrx_word' id='word_1_555' title='bbox 368 3775 397 3824; x_wconf 93' lang='lat' dir='ltr'><strong>et</strong></span> <span class='ocrx_word' id='word_1_556' title='bbox 417 3767 477 3840; x_wconf 89' lang='lat' dir='ltr'><strong>ipse</strong></span> <span class='ocrx_word' id='word_1_557' title='bbox 501 3766 626 3839; x_wconf 90' lang='lat' dir='ltr'><strong>spiritum</strong></span> <span class='ocrx_word' id='word_1_558' title='bbox 648 3765 698 3822; x_wconf 89' lang='lat' dir='ltr'><strong>Dei</strong></span> <span class='ocrx_word' id='word_1_559' title='bbox 718 3765 823 3838; x_wconf 91' lang='lat' dir='ltr'><strong>hahuit,</strong></span> <span class='ocrx_word' id='word_1_560' title='bbox 851 3769 957 3839; x_wconf 84' lang='lat' dir='ltr'><strong>atejus</strong></span> <span class='ocrx_word' id='word_1_561' title='bbox 975 3767 1071 3838; x_wconf 90' lang='lat' dir='ltr'><strong>spiritu</strong></span> <span class='ocrx_word' id='word_1_562' title='bbox 1124 3772 1211 3845; x_wconf 91' lang='lat' dir='ltr'><strong>possit</strong></span> <span class='ocrx_word' id='word_1_563' title='bbox 1236 3789 1243 3828; x_wconf 73' lang='grc' dir='ltr'><em>τ</em></span> <span class='ocrx_word' id='word_1_564' title='bbox 1269 3772 1398 3846; x_wconf 90' lang='lat' dir='ltr'><strong>quoniam</strong></span> <span class='ocrx_word' id='word_1_565' title='bbox 1419 3771 1490 3828; x_wconf 89' lang='lat' dir='ltr'><strong>sicut</strong></span> <span class='ocrx_word' id='word_1_566' title='bbox 1516 3771 1674 3846; x_wconf 89' lang='lat' dir='ltr'><strong>benignitas</strong></span> <span class='ocrx_word' id='word_1_567' title='bbox 1699 3773 1828 3844; x_wconf 87' lang='lat' dir='ltr'><strong>apparuit</strong></span> <span class='ocrx_word' id='word_1_568' title='bbox 1855 3774 1921 3829; x_wconf 87' lang='lat' dir='ltr'><strong>ultra</strong></span> 
     </span>
     <span class='ocr_line' id='line_1_40' title="bbox 274 3855 1920 3934; baseline 0.004 -23"><span class='ocrx_word' id='word_1_569' title='bbox 274 3857 379 3914; x_wconf 89' lang='lat' dir='ltr'><strong>locutus</strong></span> <span class='ocrx_word' id='word_1_570' title='bbox 394 3864 447 3928; x_wconf 85' lang='lat' dir='ltr'><strong>est,</strong></span> <span class='ocrx_word' id='word_1_571' title='bbox 457 3855 529 3930; x_wconf 90' lang='lat' dir='ltr'><strong>qnod</strong></span> <span class='ocrx_word' id='word_1_572' title='bbox 541 3856 619 3912; x_wconf 88' lang='lat' dir='ltr'><strong>uobis</strong></span> <span class='ocrx_word' id='word_1_573' title='bbox 633 3855 711 3914; x_wconf 85' lang='lat' dir='ltr'><strong>valde</strong></span> <span class='ocrx_word' id='word_1_574' title='bbox 727 3857 912 3914; x_wconf 88' lang='lat' dir='ltr'><strong>necessarium</strong></span> <span class='ocrx_word' id='word_1_575' title='bbox 925 3855 984 3914; x_wconf 90' lang='lat' dir='ltr'><strong>luit.</strong></span> <span class='ocrx_word' id='word_1_576' title='bbox 1000 3855 1071 3927; x_wconf 87' lang='lat' dir='ltr'><strong>Quid</strong></span> <span class='ocrx_word' id='word_1_577' title='bbox 1124 3876 1331 3934; x_wconf 89' lang='lat' dir='ltr'><strong>omnemspem,</strong></span> <span class='ocrx_word' id='word_1_578' title='bbox 1342 3860 1412 3916; x_wconf 91' lang='lat' dir='ltr'><strong>ultra</strong></span> <span class='ocrx_word' id='word_1_579' title='bbox 1422 3875 1534 3917; x_wconf 90' lang='lat' dir='ltr'><strong>omnem</strong></span> <span class='ocrx_word' id='word_1_580' title='bbox 1546 3861 1693 3916; x_wconf 89' lang='lat' dir='ltr'><strong>humanam</strong></span> <span class='ocrx_word' id='word_1_581' title='bbox 1702 3859 1920 3930; x_wconf 78' lang='lat' dir='ltr'><strong>aestimationem,</strong></span> 
     </span>
     <span class='ocr_line' id='line_1_41' title="bbox 274 3945 1921 4024; baseline 0.001 -20"><span class='ocrx_word' id='word_1_582' title='bbox 274 3947 347 4004; x_wconf 87' lang='lat' dir='ltr'><strong>euim</strong></span> <span class='ocrx_word' id='word_1_583' title='bbox 373 3947 413 4004; x_wconf 92' lang='lat' dir='ltr'><strong>sic</strong></span> <span class='ocrx_word' id='word_1_584' title='bbox 435 3945 544 4002; x_wconf 90' lang='lat' dir='ltr'><strong>instruit</strong></span> <span class='ocrx_word' id='word_1_585' title='bbox 566 3945 660 4024; x_wconf 84' lang='lat' dir='ltr'><strong>iidem,</strong></span> <span class='ocrx_word' id='word_1_586' title='bbox 676 3961 755 4017; x_wconf 89' lang='lat' dir='ltr'><strong>spem</strong></span> <span class='ocrx_word' id='word_1_587' title='bbox 768 3946 891 4016; x_wconf 89' lang='lat' dir='ltr'><strong>roborat,</strong></span> <span class='ocrx_word' id='word_1_588' title='bbox 910 3945 1072 4002; x_wconf 88' lang='lat' dir='ltr'><strong>charitatem</strong></span> <span class='ocrx_word' id='word_1_589' title='bbox 1126 3948 1244 4005; x_wconf 88' lang='lat' dir='ltr'><strong>similem</strong></span> <span class='ocrx_word' id='word_1_590' title='bbox 1259 3955 1421 4020; x_wconf 87' lang='lat' dir='ltr'><strong>exspectare</strong></span> <span class='ocrx_word' id='word_1_591' title='bbox 1444 3965 1591 4021; x_wconf 90' lang='lat' dir='ltr'><strong>possumus</strong></span> <span class='ocrx_word' id='word_1_592' title='bbox 1604 3947 1699 4020; x_wconf 88' lang='lat' dir='ltr'><strong>judicii</strong></span> <span class='ocrx_word' id='word_1_593' title='bbox 1715 3947 1921 4007; x_wconf 85' lang='lat' dir='ltr'><strong>districtionem.</strong></span> 
     </span>
     <span class='ocr_line' id='line_1_42' title="bbox 273 4032 1962 4116; baseline 0.002 -22"><span class='ocrx_word' id='word_1_594' title='bbox 273 4035 409 4106; x_wconf 84' lang='lat' dir='ltr'><strong>accendit,</strong></span> <span class='ocrx_word' id='word_1_595' title='bbox 439 4035 575 4108; x_wconf 90' lang='lat' dir='ltr'><strong>quomodo</strong></span> <span class='ocrx_word' id='word_1_596' title='bbox 603 4035 760 4090; x_wconf 89' lang='lat' dir='ltr'><strong>humanitas</strong></span> <span class='ocrx_word' id='word_1_597' title='bbox 786 4033 860 4093; x_wconf 78' lang='lat' dir='ltr'><strong>Dei?</strong></span> <span class='ocrx_word' id='word_1_598' title='bbox 888 4034 943 4091; x_wconf 88' lang='lat' dir='ltr'><strong>Sed</strong></span> <span class='ocrx_word' id='word_1_599' title='bbox 966 4032 1072 4106; x_wconf 87' lang='lat' dir='ltr'><strong>Angelo</strong></span> <span class='ocrx_word' id='word_1_600' title='bbox 1125 4037 1185 4093; x_wconf 92' lang='lat' dir='ltr'><strong>Noli</strong></span> <span class='ocrx_word' id='word_1_601' title='bbox 1194 4051 1263 4110; x_wconf 89' lang='lat' dir='ltr'><strong>ergo</strong></span> <span class='ocrx_word' id='word_1_602' title='bbox 1275 4044 1453 4094; x_wconf 88' lang='lat' dir='ltr'><strong>contemnere</strong></span> <span class='ocrx_word' id='word_1_603' title='bbox 1463 4036 1515 4094; x_wconf 85' lang='lat' dir='ltr'><strong>Dei</strong></span> <span class='ocrx_word' id='word_1_604' title='bbox 1527 4036 1787 4108; x_wconf 88' lang='lat' dir='ltr'><strong>misericordiam,si</strong></span> <span class='ocrx_word' id='word_1_605' title='bbox 1798 4051 1857 4095; x_wconf 88' lang='lat' dir='ltr'><strong>nou</strong></span> <span class='ocrx_word' id='word_1_606' title='bbox 1866 4055 1921 4096; x_wconf 88' lang='lat' dir='ltr'><strong>sen·</strong></span> <span class='ocrx_word' id='word_1_607' title='bbox 1961 4037 1962 4116; x_wconf 67' lang='lat' dir='ltr'><strong>l</strong></span> 
     </span>
     <span class='ocr_line' id='line_1_43' title="bbox 275 4122 1922 4200; baseline 0.002 -18"><span class='ocrx_word' id='word_1_608' title='bbox 275 4132 369 4182; x_wconf 90' lang='lat' dir='ltr'><strong>nostro</strong></span> <span class='ocrx_word' id='word_1_609' title='bbox 383 4123 412 4178; x_wconf 94' lang='lat' dir='ltr'><strong>id</strong></span> <span class='ocrx_word' id='word_1_610' title='bbox 426 4130 595 4178; x_wconf 89' lang='lat' dir='ltr'><strong>reservatum</strong></span> <span class='ocrx_word' id='word_1_611' title='bbox 605 4129 647 4178; x_wconf 87' lang='lat' dir='ltr'><strong>est</strong></span> <span class='ocrx_word' id='word_1_612' title='bbox 661 4123 734 4194; x_wconf 90' lang='lat' dir='ltr'><strong>quod</strong></span> <span class='ocrx_word' id='word_1_613' title='bbox 748 4123 794 4178; x_wconf 91' lang='lat' dir='ltr'><strong>alii</strong></span> <span class='ocrx_word' id='word_1_614' title='bbox 812 4128 966 4180; x_wconf 88' lang='lat' dir='ltr'><strong>tacuerunt.</strong></span> <span class='ocrx_word' id='word_1_615' title='bbox 976 4122 1073 4196; x_wconf 87' lang='lat' dir='ltr'><strong>Neque</strong></span> <span class='ocrx_word' id='word_1_616' title='bbox 1126 4127 1178 4182; x_wconf 89' lang='lat' dir='ltr'><strong>tire</strong></span> <span class='ocrx_word' id='word_1_617' title='bbox 1192 4126 1233 4182; x_wconf 87' lang='lat' dir='ltr'><strong>ris</strong></span> <span class='ocrx_word' id='word_1_618' title='bbox 1248 4125 1389 4195; x_wconf 88' lang='lat' dir='ltr'><strong>justitiam,</strong></span> <span class='ocrx_word' id='word_1_619' title='bbox 1406 4125 1456 4182; x_wconf 92' lang='lat' dir='ltr'><strong>sed</strong></span> <span class='ocrx_word' id='word_1_620' title='bbox 1470 4125 1549 4196; x_wconf 89' lang='lat' dir='ltr'><strong>iram,</strong></span> <span class='ocrx_word' id='word_1_621' title='bbox 1565 4123 1616 4182; x_wconf 89' lang='lat' dir='ltr'><strong>sed</strong></span> <span class='ocrx_word' id='word_1_622' title='bbox 1629 4124 1863 4200; x_wconf 88' lang='lat' dir='ltr'><strong>indignationem,</strong></span> <span class='ocrx_word' id='word_1_623' title='bbox 1879 4127 1922 4185; x_wconf 83' lang='lat' dir='ltr'><strong>sed</strong></span> 
     </span>
     <span class='ocr_line' id='line_1_44' title="bbox 278 4206 1924 4286; baseline 0.002 -16"><span class='ocrx_word' id='word_1_624' title='bbox 278 4214 353 4270; x_wconf 93' lang='lat' dir='ltr'><strong>enim</strong></span> <span class='ocrx_word' id='word_1_625' title='bbox 366 4226 462 4270; x_wconf 86' lang='lat' dir='ltr'><strong>omnes</strong></span> <span class='ocrx_word' id='word_1_626' title='bbox 474 4206 557 4268; x_wconf 73' lang='grc'><strong>191</strong></span> <span class='ocrx_word' id='word_1_627' title='bbox 569 4211 661 4267; x_wconf 91' lang='lat' dir='ltr'><strong>omnia</strong></span> <span class='ocrx_word' id='word_1_628' title='bbox 680 4211 772 4268; x_wconf 90' lang='lat' dir='ltr'><strong>dicere</strong></span> <span class='ocrx_word' id='word_1_629' title='bbox 790 4225 942 4282; x_wconf 85' lang='lat' dir='ltr'><strong>congruum</strong></span> <span class='ocrx_word' id='word_1_630' title='bbox 960 4218 1029 4282; x_wconf 86' lang='lat' dir='ltr'><strong>erat,</strong></span> <span class='ocrx_word' id='word_1_631' title='bbox 1044 4219 1074 4267; x_wconf 95' lang='lat' dir='ltr'><strong>ut</strong></span> <span class='ocrx_word' id='word_1_632' title='bbox 1127 4215 1337 4286; x_wconf 88' lang='lat' dir='ltr'><strong>aemulationem,</strong></span> <span class='ocrx_word' id='word_1_633' title='bbox 1350 4215 1400 4272; x_wconf 89' lang='lat' dir='ltr'><strong>sed</strong></span> <span class='ocrx_word' id='word_1_634' title='bbox 1411 4217 1544 4272; x_wconf 78' lang='lat' dir='ltr'><strong>harorem.</strong></span> <span class='ocrx_word' id='word_1_635' title='bbox 1555 4214 1680 4285; x_wconf 85' lang='lat' dir='ltr'><strong>Domine,</strong></span> <span class='ocrx_word' id='word_1_636' title='bbox 1691 4214 1764 4272; x_wconf 89' lang='lat' dir='ltr'><strong>ueiu</strong></span> <span class='ocrx_word' id='word_1_637' title='bbox 1774 4215 1924 4275; x_wconf 81' lang='lat' dir='ltr'><strong>inroretur</strong></span> 
     </span>
     <span class='ocr_line' id='line_1_45' title="bbox 280 4298 1924 4384; baseline 0.002 -25"><span class='ocrx_word' id='word_1_638' title='bbox 280 4319 296 4384; x_wconf 83' lang='lat' dir='ltr'><strong>a</strong></span> <span class='ocrx_word' id='word_1_639' title='bbox 314 4300 429 4359; x_wconf 90' lang='lat' dir='ltr'><strong>diversis</strong></span> <span class='ocrx_word' id='word_1_640' title='bbox 444 4299 552 4357; x_wconf 87' lang='lat' dir='ltr'><strong>diversa</strong></span> <span class='ocrx_word' id='word_1_641' title='bbox 573 4298 702 4371; x_wconf 88' lang='lat' dir='ltr'><strong>colligere</strong></span> <span class='ocrx_word' id='word_1_642' title='bbox 720 4298 898 4371; x_wconf 85' lang='lat' dir='ltr'><strong>gratulemur,</strong></span> <span class='ocrx_word' id='word_1_643' title='bbox 924 4306 952 4356; x_wconf 91' lang='grc' dir='ltr'><strong>ει</strong></span> <span class='ocrx_word' id='word_1_644' title='bbox 969 4298 1074 4356; x_wconf 88' lang='lat' dir='ltr'><strong>debitas</strong></span> <span class='ocrx_word' id='word_1_645' title='bbox 1128 4320 1229 4378; x_wconf 87' lang='lat' dir='ltr'><strong>arguas</strong></span> <span class='ocrx_word' id='word_1_646' title='bbox 1242 4319 1298 4374; x_wconf 90' lang='lat' dir='ltr'><strong>me,</strong></span> <span class='ocrx_word' id='word_1_647' title='bbox 1316 4320 1405 4378; x_wconf 88' lang='lat' dir='ltr'><strong>neque</strong></span> <span class='ocrx_word' id='word_1_648' title='bbox 1418 4305 1446 4360; x_wconf 92' lang='lat' dir='ltr'><strong>in</strong></span> <span class='ocrx_word' id='word_1_649' title='bbox 1461 4304 1502 4360; x_wconf 88' lang='lat' dir='ltr'><strong>ira</strong></span> <span class='ocrx_word' id='word_1_650' title='bbox 1517 4311 1563 4360; x_wconf 92' lang='lat' dir='ltr'><strong>tua</strong></span> <span class='ocrx_word' id='word_1_651' title='bbox 1578 4303 1711 4378; x_wconf 82' lang='lat' dir='ltr'><strong>corripIas</strong></span> <span class='ocrx_word' id='word_1_652' title='bbox 1725 4321 1782 4361; x_wconf 91' lang='lat' dir='ltr'><strong>me.</strong></span> <span class='ocrx_word' id='word_1_653' title='bbox 1806 4305 1841 4365; x_wconf 89' lang='lat' dir='ltr'><strong>Ut</strong></span> <span class='ocrx_word' id='word_1_654' title='bbox 1854 4307 1924 4363; x_wconf 89' lang='lat' dir='ltr'><strong>enim</strong></span> 
     </span>
     <span class='ocr_line' id='line_1_46' title="bbox 278 4388 1924 4468; baseline 0.001 -18"><span class='ocrx_word' id='word_1_655' title='bbox 278 4390 393 4468; x_wconf 87' lang='lat' dir='ltr'><strong>ainguhs</strong></span> <span class='ocrx_word' id='word_1_656' title='bbox 420 4388 523 4463; x_wconf 86' lang='lat' dir='ltr'><strong>gratias</strong></span> <span class='ocrx_word' id='word_1_657' title='bbox 549 4388 711 4445; x_wconf 80' lang='lat' dir='ltr'><strong>reseramus.</strong></span> <span class='ocrx_word' id='word_1_658' title='bbox 734 4389 862 4444; x_wconf 76' lang='lat' dir='ltr'><strong>Attamen</strong></span> <span class='ocrx_word' id='word_1_659' title='bbox 882 4403 966 4444; x_wconf 88' lang='lat' dir='ltr'><strong>unum</strong></span> <span class='ocrx_word' id='word_1_660' title='bbox 984 4396 1028 4445; x_wconf 87' lang='grc' dir='ltr'><strong>εει</strong></span> <span class='ocrx_word' id='word_1_661' title='bbox 1045 4389 1074 4445; x_wconf 91' lang='lat' dir='ltr'><strong>iu</strong></span> <span class='ocrx_word' id='word_1_662' title='bbox 1129 4395 1214 4451; x_wconf 88' lang='lat' dir='ltr'><strong>scires</strong></span> <span class='ocrx_word' id='word_1_663' title='bbox 1233 4399 1334 4466; x_wconf 85' lang='lat' dir='ltr'><strong>quanta</strong></span> <span class='ocrx_word' id='word_1_664' title='bbox 1354 4392 1486 4450; x_wconf 88' lang='lat' dir='ltr'><strong>districtio</strong></span> <span class='ocrx_word' id='word_1_665' title='bbox 1509 4392 1642 4464; x_wconf 87' lang='lat' dir='ltr'><strong>succedit,</strong></span> <span class='ocrx_word' id='word_1_666' title='bbox 1668 4400 1744 4450; x_wconf 90' lang='lat' dir='ltr'><strong>tanta</strong></span> <span class='ocrx_word' id='word_1_667' title='bbox 1757 4393 1834 4450; x_wconf 87' lang='lat' dir='ltr'><strong>illam</strong></span> <span class='ocrx_word' id='word_1_668' title='bbox 1849 4412 1924 4451; x_wconf 90' lang='lat' dir='ltr'><strong>man·</strong></span> 
     </span>
     <span class='ocr_line' id='line_1_47' title="bbox 277 4476 1926 4558; baseline 0.001 -18"><span class='ocrx_word' id='word_1_669' title='bbox 277 4499 332 4558; x_wconf 92' lang='lat' dir='ltr'><strong>quo</strong></span> <span class='ocrx_word' id='word_1_670' title='bbox 347 4478 513 4540; x_wconf 84' lang='lat' dir='ltr'><strong>conveniunt</strong></span> <span class='ocrx_word' id='word_1_671' title='bbox 525 4476 674 4550; x_wconf 87' lang='lat' dir='ltr'><strong>Apostolus</strong></span> <span class='ocrx_word' id='word_1_672' title='bbox 698 4485 726 4534; x_wconf 92' lang='lat' dir='ltr'><strong>et</strong></span> <span class='ocrx_word' id='word_1_673' title='bbox 741 4477 831 4550; x_wconf 90' lang='lat' dir='ltr'><strong>angeli</strong></span> <span class='ocrx_word' id='word_1_674' title='bbox 850 4477 897 4550; x_wconf 92' lang='lat' dir='ltr'><strong>qui</strong></span> <span class='ocrx_word' id='word_1_675' title='bbox 921 4478 956 4534; x_wconf 91' lang='lat' dir='ltr'><strong>de</strong></span> <span class='ocrx_word' id='word_1_676' title='bbox 976 4477 1075 4535; x_wconf 87' lang='lat' dir='ltr'><strong>Christi</strong></span> <span class='ocrx_word' id='word_1_677' title='bbox 1128 4481 1244 4538; x_wconf 88' lang='lat' dir='ltr'><strong>suetudo</strong></span> <span class='ocrx_word' id='word_1_678' title='bbox 1257 4481 1401 4554; x_wconf 85' lang='lat' dir='ltr'><strong>praevenit.</strong></span> <span class='ocrx_word' id='word_1_679' title='bbox 1415 4483 1451 4537; x_wconf 81' lang='lat' dir='ltr'><strong>Ex</strong></span> <span class='ocrx_word' id='word_1_680' title='bbox 1466 4481 1656 4556; x_wconf 86' lang='lat' dir='ltr'><strong>magnitudine</strong></span> <span class='ocrx_word' id='word_1_681' title='bbox 1666 4481 1860 4555; x_wconf 69' lang='lat' dir='ltr'><strong>indulgentias,</strong></span> <span class='ocrx_word' id='word_1_682' title='bbox 1877 4502 1926 4541; x_wconf 81' lang='lat' dir='ltr'><strong>nna</strong></span> 
     </span>
     <span class='ocr_line' id='line_1_48' title="bbox 275 4566 1925 4652; baseline -0.001 -22"><span class='ocrx_word' id='word_1_683' title='bbox 275 4573 415 4630; x_wconf 82' lang='lat' dir='ltr'><strong>nativitate</strong></span> <span class='ocrx_word' id='word_1_684' title='bbox 433 4569 591 4642; x_wconf 90' lang='lat' dir='ltr'><strong>loquuntur,</strong></span> <span class='ocrx_word' id='word_1_685' title='bbox 614 4566 643 4622; x_wconf 90' lang='lat' dir='ltr'><strong>id</strong></span> <span class='ocrx_word' id='word_1_686' title='bbox 671 4575 714 4622; x_wconf 92' lang='lat' dir='ltr'><strong>est</strong></span> <span class='ocrx_word' id='word_1_687' title='bbox 739 4567 767 4622; x_wconf 94' lang='lat' dir='ltr'><strong>iu</strong></span> <span class='ocrx_word' id='word_1_688' title='bbox 786 4567 897 4624; x_wconf 91' lang='lat' dir='ltr'><strong>nomine</strong></span> <span class='ocrx_word' id='word_1_689' title='bbox 916 4568 1071 4626; x_wconf 78' lang='lat' dir='ltr'><strong>salvatoris.</strong></span> <span class='ocrx_word' id='word_1_690' title='bbox 1089 4575 1112 4652; x_wconf 75' lang='grc' dir='ltr'><strong>ῃ</strong></span> <span class='ocrx_word' id='word_1_691' title='bbox 1128 4569 1542 4644; x_wconf 85' lang='lat' dir='ltr'><strong>guitudimenultiouisattende.</strong></span> <span class='ocrx_word' id='word_1_692' title='bbox 1554 4572 1709 4626; x_wconf 85' lang='lat' dir='ltr'><strong>immensus</strong></span> <span class='ocrx_word' id='word_1_693' title='bbox 1721 4571 1925 4630; x_wconf 84' lang='lat' dir='ltr'><strong>esteuimDeus</strong></span> 
     </span>
     <span class='ocr_line' id='line_1_49' title="bbox 275 4655 1927 4732; baseline -0.002 -12"><span class='ocrx_word' id='word_1_694' title='bbox 275 4663 317 4720; x_wconf 90' lang='lat' dir='ltr'><strong>Ad</strong></span> <span class='ocrx_word' id='word_1_695' title='bbox 331 4659 442 4718; x_wconf 80' lang='lat' dir='ltr'><strong>Mariam</strong></span> <span class='ocrx_word' id='word_1_696' title='bbox 462 4657 586 4732; x_wconf 89' lang='lat' dir='ltr'><strong>quidem,</strong></span> <span class='ocrx_word' id='word_1_697' title='bbox 605 4665 736 4729; x_wconf 87' lang='lat' dir='ltr'><strong>tauquam</strong></span> <span class='ocrx_word' id='word_1_698' title='bbox 756 4655 863 4728; x_wconf 91' lang='lat' dir='ltr'><strong>plenius</strong></span> <span class='ocrx_word' id='word_1_699' title='bbox 884 4657 1009 4715; x_wconf 87' lang='lat' dir='ltr'><strong>edoctam</strong></span> <span class='ocrx_word' id='word_1_700' title='bbox 1023 4673 1074 4730; x_wconf 91' lang='lat' dir='ltr'><strong>per</strong></span> <span class='ocrx_word' id='word_1_701' title='bbox 1129 4667 1156 4716; x_wconf 90' lang='lat' dir='ltr'><strong>et</strong></span> <span class='ocrx_word' id='word_1_702' title='bbox 1170 4658 1293 4715; x_wconf 86' lang='lat' dir='ltr'><strong>infinitus</strong></span> <span class='ocrx_word' id='word_1_703' title='bbox 1307 4659 1336 4714; x_wconf 92' lang='lat' dir='ltr'><strong>iu</strong></span> <span class='ocrx_word' id='word_1_704' title='bbox 1345 4659 1459 4730; x_wconf 87' lang='lat' dir='ltr'><strong>justitia,</strong></span> <span class='ocrx_word' id='word_1_705' title='bbox 1472 4659 1542 4716; x_wconf 89' lang='lat' dir='ltr'><strong>sicut</strong></span> <span class='ocrx_word' id='word_1_706' title='bbox 1552 4668 1579 4716; x_wconf 92' lang='lat' dir='ltr'><strong>et</strong></span> <span class='ocrx_word' id='word_1_707' title='bbox 1592 4660 1620 4714; x_wconf 90' lang='lat' dir='ltr'><strong>in</strong></span> <span class='ocrx_word' id='word_1_708' title='bbox 1634 4659 1830 4717; x_wconf 86' lang='lat' dir='ltr'><strong>misericordia</strong></span> <span class='ocrx_word' id='word_1_709' title='bbox 1843 4663 1927 4730; x_wconf 90' lang='lat' dir='ltr'><strong>;mul·</strong></span> 
     </span>
     <span class='ocr_line' id='line_1_50' title="bbox 276 4745 1926 4822; baseline -0.001 -13"><span class='ocrx_word' id='word_1_710' title='bbox 276 4751 419 4822; x_wconf 88' lang='lat' dir='ltr'><strong>Spiritum,</strong></span> <span class='ocrx_word' id='word_1_711' title='bbox 440 4747 553 4806; x_wconf 84' lang='lat' dir='ltr'><strong>Gabriel</strong></span> <span class='ocrx_word' id='word_1_712' title='bbox 566 4746 683 4819; x_wconf 89' lang='lat' dir='ltr'><strong>loquens</strong></span> <span class='ocrx_word' id='word_1_713' title='bbox 696 4745 799 4802; x_wconf 90' lang='lat' dir='ltr'><strong>indicat</strong></span> <span class='ocrx_word' id='word_1_714' title='bbox 823 4761 925 4803; x_wconf 92' lang='lat' dir='ltr'><strong>nomeu</strong></span> <span class='ocrx_word' id='word_1_715' title='bbox 954 4746 1041 4803; x_wconf 89' lang='lat' dir='ltr'><strong>solum</strong></span> <span class='ocrx_word' id='word_1_716' title='bbox 1066 4762 1072 4802; x_wconf 90' lang='lat'>:</span> <span class='ocrx_word' id='word_1_717' title='bbox 1130 4755 1173 4804; x_wconf 90' lang='lat' dir='ltr'><strong>tus</strong></span> <span class='ocrx_word' id='word_1_718' title='bbox 1188 4747 1222 4802; x_wconf 90' lang='lat' dir='ltr'><strong>ad</strong></span> <span class='ocrx_word' id='word_1_719' title='bbox 1240 4746 1451 4820; x_wconf 89' lang='lat' dir='ltr'><strong>ignoscendum,</strong></span> <span class='ocrx_word' id='word_1_720' title='bbox 1478 4748 1580 4805; x_wconf 91' lang='lat' dir='ltr'><strong>multus</strong></span> <span class='ocrx_word' id='word_1_721' title='bbox 1600 4747 1634 4804; x_wconf 94' lang='lat' dir='ltr'><strong>ad</strong></span> <span class='ocrx_word' id='word_1_722' title='bbox 1655 4747 1859 4806; x_wconf 90' lang='lat' dir='ltr'><strong>ulciscendum.</strong></span> <span class='ocrx_word' id='word_1_723' title='bbox 1876 4750 1926 4808; x_wconf 84' lang='lat' dir='ltr'><strong>Sed</strong></span> 
     </span>
     <span class='ocr_line' id='line_1_51' title="bbox 277 4835 1927 4911; baseline -0.001 -12"><span class='ocrx_word' id='word_1_724' title='bbox 277 4845 312 4899; x_wconf 79' lang='lat' dir='ltr'><strong>at</strong></span> <span class='ocrx_word' id='word_1_725' title='bbox 328 4841 447 4906; x_wconf 60' lang='lat' dir='ltr'><strong>vocaus,</strong></span> <span class='ocrx_word' id='word_1_726' title='bbox 463 4836 562 4911; x_wconf 92' lang='lat' dir='ltr'><strong>inquit,</strong></span> <span class='ocrx_word' id='word_1_727' title='bbox 582 4852 686 4894; x_wconf 80' lang='lat' dir='ltr'><strong>conten</strong></span> <span class='ocrx_word' id='word_1_728' title='bbox 701 4838 760 4908; x_wconf 80' lang='lat' dir='ltr'><strong>ejas</strong></span> <span class='ocrx_word' id='word_1_729' title='bbox 775 4838 871 4894; x_wconf 74' lang='lat' dir='ltr'><strong>lesum</strong></span> <span class='ocrx_word' id='word_1_730' title='bbox 885 4836 966 4910; x_wconf 85' lang='lat' dir='ltr'><strong>(luc.</strong></span> <span class='ocrx_word' id='word_1_731' title='bbox 979 4851 1001 4908; x_wconf 90' lang='lat' dir='ltr'><strong>n,</strong></span> <span class='ocrx_word' id='word_1_732' title='bbox 1016 4837 1074 4909; x_wconf 79' lang='lat' dir='ltr'><strong>at).</strong></span> <span class='ocrx_word' id='word_1_733' title='bbox 1128 4835 1318 4893; x_wconf 89' lang='lat' dir='ltr'><strong>misericordia</strong></span> <span class='ocrx_word' id='word_1_734' title='bbox 1332 4835 1443 4908; x_wconf 89' lang='lat' dir='ltr'><strong>quidem</strong></span> <span class='ocrx_word' id='word_1_735' title='bbox 1455 4835 1549 4908; x_wconf 89' lang='lat' dir='ltr'><strong>priora</strong></span> <span class='ocrx_word' id='word_1_736' title='bbox 1565 4837 1617 4894; x_wconf 91' lang='lat' dir='ltr'><strong>sibi</strong></span> <span class='ocrx_word' id='word_1_737' title='bbox 1631 4837 1768 4906; x_wconf 62' lang='lat' dir='ltr'><strong>vindicam</strong></span> <span class='ocrx_word' id='word_1_738' title='bbox 1784 4847 1828 4909; x_wconf 92' lang='lat' dir='ltr'><strong>ut,</strong></span> <span class='ocrx_word' id='word_1_739' title='bbox 1845 4843 1869 4896; x_wconf 88' lang='lat' dir='ltr'><strong>si</strong></span> <span class='ocrx_word' id='word_1_740' title='bbox 1884 4855 1927 4898; x_wconf 77' lang='lat' dir='ltr'><strong>ra.</strong></span> 
     </span>
     <span class='ocr_line' id='line_1_52' title="bbox 275 4923 1927 5004; baseline 0 -20"><span class='ocrx_word' id='word_1_741' title='bbox 275 4929 321 4987; x_wconf 87' lang='lat' dir='ltr'><strong>Ad</strong></span> <span class='ocrx_word' id='word_1_742' title='bbox 333 4929 435 5000; x_wconf 85' lang='lat' dir='ltr'><strong>Jcseph</strong></span> <span class='ocrx_word' id='word_1_743' title='bbox 449 4927 565 4986; x_wconf 80' lang='lat' dir='ltr'><strong>venicus</strong></span> <span class='ocrx_word' id='word_1_744' title='bbox 577 4925 693 4998; x_wconf 90' lang='lat' dir='ltr'><strong>angelus</strong></span> <span class='ocrx_word' id='word_1_745' title='bbox 712 4940 768 4982; x_wconf 93' lang='lat' dir='ltr'><strong>uon</strong></span> <span class='ocrx_word' id='word_1_746' title='bbox 786 4925 876 4981; x_wconf 89' lang='lat' dir='ltr'><strong>solum</strong></span> <span class='ocrx_word' id='word_1_747' title='bbox 894 4942 1074 5004; x_wconf 88' lang='lat' dir='ltr'><strong>uomenpro·</strong></span> <span class='ocrx_word' id='word_1_748' title='bbox 1128 4924 1271 4996; x_wconf 89' lang='lat' dir='ltr'><strong>luerimus,</strong></span> <span class='ocrx_word' id='word_1_749' title='bbox 1298 4923 1431 4981; x_wconf 90' lang='lat' dir='ltr'><strong>districtio</strong></span> <span class='ocrx_word' id='word_1_750' title='bbox 1455 4923 1580 4982; x_wconf 89' lang='lat' dir='ltr'><strong>iuvenire</strong></span> <span class='ocrx_word' id='word_1_751' title='bbox 1602 4940 1659 4983; x_wconf 89' lang='lat' dir='ltr'><strong>nou</strong></span> <span class='ocrx_word' id='word_1_752' title='bbox 1679 4927 1766 5000; x_wconf 90' lang='lat' dir='ltr'><strong>possit</strong></span> <span class='ocrx_word' id='word_1_753' title='bbox 1789 4927 1819 4982; x_wconf 89' lang='lat' dir='ltr'><strong>iu</strong></span> <span class='ocrx_word' id='word_1_754' title='bbox 1848 4945 1927 5002; x_wconf 88' lang='lat' dir='ltr'><strong>quera</strong></span> 
     </span>
     <span class='ocr_line' id='line_1_53' title="bbox 276 5003 1926 5092; baseline -0.002 -16"><span class='ocrx_word' id='word_1_755' title='bbox 276 5020 347 5091; x_wconf 90' lang='lat' dir='ltr'><strong>tulit,</strong></span> <span class='ocrx_word' id='word_1_756' title='bbox 362 5018 411 5076; x_wconf 91' lang='lat' dir='ltr'><strong>sed</strong></span> <span class='ocrx_word' id='word_1_757' title='bbox 424 5025 453 5075; x_wconf 88' lang='lat' dir='ltr'><strong>et</strong></span> <span class='ocrx_word' id='word_1_758' title='bbox 470 5033 581 5074; x_wconf 90' lang='lat' dir='ltr'><strong>causam</strong></span> <span class='ocrx_word' id='word_1_759' title='bbox 595 5017 654 5087; x_wconf 89' lang='lat' dir='ltr'><strong>ejus</strong></span> <span class='ocrx_word' id='word_1_760' title='bbox 668 5015 867 5089; x_wconf 87' lang='lat' dir='ltr'><strong>interpretatus</strong></span> <span class='ocrx_word' id='word_1_761' title='bbox 891 5016 1009 5086; x_wconf 90' lang='lat' dir='ltr'><strong>edocuit,</strong></span> <span class='ocrx_word' id='word_1_762' title='bbox 1038 5017 1077 5072; x_wconf 91' lang='lat' dir='ltr'><strong>di·</strong></span> <span class='ocrx_word' id='word_1_763' title='bbox 1116 5003 1231 5071; x_wconf 70' lang='lat' dir='ltr'><strong>&#39;&#39;saeviat</strong></span> <span class='ocrx_word' id='word_1_764' title='bbox 1247 5015 1364 5086; x_wconf 89' lang='lat' dir='ltr'><strong>Propter</strong></span> <span class='ocrx_word' id='word_1_765' title='bbox 1377 5015 1430 5070; x_wconf 88' lang='lat' dir='ltr'><strong>hoc</strong></span> <span class='ocrx_word' id='word_1_766' title='bbox 1445 5014 1519 5070; x_wconf 90' lang='lat' dir='ltr'><strong>euim</strong></span> <span class='ocrx_word' id='word_1_767' title='bbox 1533 5015 1732 5090; x_wconf 86' lang='lat' dir='ltr'><strong>benignitatem</strong></span> <span class='ocrx_word' id='word_1_768' title='bbox 1747 5019 1926 5092; x_wconf 82' lang='lat' dir='ltr'><strong>praerogavit,</strong></span> 
     </span>
     <span class='ocr_line' id='line_1_54' title="bbox 273 5103 1927 5179; baseline 0.003 -20"><span class='ocrx_word' id='word_1_769' title='bbox 273 5127 360 5173; x_wconf 62' lang='lat' dir='ltr'><strong>gens:</strong></span> <span class='ocrx_word' id='word_1_770' title='bbox 380 5113 417 5168; x_wconf 80' lang='grc' dir='ltr'><strong>Ει</strong></span> <span class='ocrx_word' id='word_1_771' title='bbox 426 5107 535 5168; x_wconf 78' lang='lat' dir='ltr'><strong>combis</strong></span> <span class='ocrx_word' id='word_1_772' title='bbox 548 5109 723 5177; x_wconf 70' lang='lat' dir='ltr'><strong>nomenoius</strong></span> <span class='ocrx_word' id='word_1_773' title='bbox 736 5108 842 5176; x_wconf 74' lang='lat' dir='ltr'><strong>lasum·</strong></span> <span class='ocrx_word' id='word_1_774' title='bbox 855 5108 915 5179; x_wconf 81' lang='lat' dir='ltr'><strong>ipse</strong></span> <span class='ocrx_word' id='word_1_775' title='bbox 928 5108 1006 5163; x_wconf 82' lang='lat' dir='ltr'><strong>enim</strong></span> <span class='ocrx_word' id='word_1_776' title='bbox 1018 5108 1077 5164; x_wconf 86' lang='lat' dir='ltr'><strong>scl-</strong></span> <span class='ocrx_word' id='word_1_777' title='bbox 1129 5111 1158 5159; x_wconf 90' lang='lat' dir='ltr'><strong>ut</strong></span> <span class='ocrx_word' id='word_1_778' title='bbox 1168 5119 1218 5176; x_wconf 90' lang='lat' dir='ltr'><strong>per</strong></span> <span class='ocrx_word' id='word_1_779' title='bbox 1228 5118 1289 5160; x_wconf 86' lang='lat' dir='ltr'><strong>eam</strong></span> <span class='ocrx_word' id='word_1_780' title='bbox 1299 5103 1468 5161; x_wconf 86' lang='lat' dir='ltr'><strong>reconciliati</strong></span> <span class='ocrx_word' id='word_1_781' title='bbox 1482 5105 1659 5163; x_wconf 89' lang='lat' dir='ltr'><strong>severitatem</strong></span> <span class='ocrx_word' id='word_1_782' title='bbox 1668 5105 1812 5164; x_wconf 85' lang='lat' dir='ltr'><strong>videamus</strong></span> <span class='ocrx_word' id='word_1_783' title='bbox 1828 5109 1927 5166; x_wconf 78' lang='lat' dir='ltr'><strong>securi</strong></span> 
     </span>
     <span class='ocr_line' id='line_1_55' title="bbox 272 5191 1928 5274; baseline -0.004 -13"><span class='ocrx_word' id='word_1_784' title='bbox 272 5219 342 5261; x_wconf 83' lang='lat' dir='ltr'><strong>vam</strong></span> <span class='ocrx_word' id='word_1_785' title='bbox 350 5201 440 5274; x_wconf 74' lang='lat' dir='ltr'><strong>saciet</strong></span> <span class='ocrx_word' id='word_1_786' title='bbox 451 5196 683 5272; x_wconf 82' lang='lat' dir='ltr'><strong>popclcmsnam</strong></span> <span class='ocrx_word' id='word_1_787' title='bbox 693 5212 711 5251; x_wconf 89' lang='grc' dir='ltr'><strong>ε</strong></span> <span class='ocrx_word' id='word_1_788' title='bbox 718 5197 842 5268; x_wconf 85' lang='lat' dir='ltr'><strong>peccatis</strong></span> <span class='ocrx_word' id='word_1_789' title='bbox 853 5197 1070 5268; x_wconf 72' lang='lat' dir='ltr'><strong>eorumfflatth.</strong></span> <span class='ocrx_word' id='word_1_790' title='bbox 1128 5194 1278 5265; x_wconf 89' lang='lat' dir='ltr'><strong>Propterea</strong></span> <span class='ocrx_word' id='word_1_791' title='bbox 1287 5191 1525 5250; x_wconf 90' lang='lat' dir='ltr'><strong>voluitnonsolum</strong></span> <span class='ocrx_word' id='word_1_792' title='bbox 1535 5195 1570 5250; x_wconf 91' lang='lat' dir='ltr'><strong>ad</strong></span> <span class='ocrx_word' id='word_1_793' title='bbox 1584 5203 1674 5252; x_wconf 87' lang='lat' dir='ltr'><strong>terras</strong></span> <span class='ocrx_word' id='word_1_794' title='bbox 1687 5195 1875 5268; x_wconf 88' lang='lat' dir='ltr'><strong>descendere,</strong></span> <span class='ocrx_word' id='word_1_795' title='bbox 1883 5195 1928 5254; x_wconf 89' lang='lat' dir='ltr'><strong>sed</strong></span> 
     </span>
     <span class='ocr_line' id='line_1_56' title="bbox 272 5281 1928 5363; baseline -0.002 -17"><span class='ocrx_word' id='word_1_796' title='bbox 272 5307 295 5362; x_wconf 90' lang='lat' dir='ltr'><strong>n,</strong></span> <span class='ocrx_word' id='word_1_797' title='bbox 305 5287 428 5363; x_wconf 64' lang='lat' dir='ltr'><strong>named</strong></span> <span class='ocrx_word' id='word_1_798' title='bbox 438 5293 466 5344; x_wconf 91' lang='lat' dir='ltr'><strong>et</strong></span> <span class='ocrx_word' id='word_1_799' title='bbox 475 5283 632 5358; x_wconf 89' lang='lat' dir='ltr'><strong>pastoribus</strong></span> <span class='ocrx_word' id='word_1_800' title='bbox 642 5298 752 5357; x_wconf 88' lang='lat' dir='ltr'><strong>quoque</strong></span> <span class='ocrx_word' id='word_1_801' title='bbox 761 5284 937 5340; x_wconf 88' lang='lat' dir='ltr'><strong>annuntiatur</strong></span> <span class='ocrx_word' id='word_1_802' title='bbox 947 5283 1075 5356; x_wconf 88' lang='lat' dir='ltr'><strong>gaudium</strong></span> <span class='ocrx_word' id='word_1_803' title='bbox 1129 5281 1211 5338; x_wconf 88' lang='lat' dir='ltr'><strong>etiam</strong></span> <span class='ocrx_word' id='word_1_804' title='bbox 1226 5281 1415 5352; x_wconf 82' lang='lat' dir='ltr'><strong>innotescere3</strong></span> <span class='ocrx_word' id='word_1_805' title='bbox 1428 5283 1581 5340; x_wconf 86' lang='lat' dir='ltr'><strong>nouaclum</strong></span> <span class='ocrx_word' id='word_1_806' title='bbox 1591 5281 1678 5354; x_wconf 89' lang='lat' dir='ltr'><strong>nasci,</strong></span> <span class='ocrx_word' id='word_1_807' title='bbox 1695 5282 1744 5360; x_wconf 84' lang='lat' dir='ltr'><strong>sad</strong></span> <span class='ocrx_word' id='word_1_808' title='bbox 1759 5289 1787 5340; x_wconf 90' lang='lat' dir='ltr'><strong>et</strong></span> <span class='ocrx_word' id='word_1_809' title='bbox 1802 5284 1928 5358; x_wconf 58' lang='grc' dir='ltr'><strong>εςῃοεεί.</strong></span> 
     </span>
     <span class='ocr_line' id='line_1_57' title="bbox 272 5371 1929 5456; baseline -0.004 -19"><span class='ocrx_word' id='word_1_810' title='bbox 272 5395 415 5456; x_wconf 81' lang='lat' dir='ltr'><strong>magnum,</strong></span> <span class='ocrx_word' id='word_1_811' title='bbox 438 5384 533 5432; x_wconf 86' lang='lat' dir='ltr'><strong>uatum</strong></span> <span class='ocrx_word' id='word_1_812' title='bbox 555 5373 609 5430; x_wconf 90' lang='lat' dir='ltr'><strong>illis</strong></span> <span class='ocrx_word' id='word_1_813' title='bbox 624 5373 794 5430; x_wconf 83' lang='lat' dir='ltr'><strong>Salvatorem</strong></span> <span class='ocrx_word' id='word_1_814' title='bbox 818 5373 957 5431; x_wconf 89' lang='lat' dir='ltr'><strong>Christum</strong></span> <span class='ocrx_word' id='word_1_815' title='bbox 981 5372 1075 5429; x_wconf 89' lang='lat' dir='ltr'><strong>Domi·</strong></span> <span class='ocrx_word' id='word_1_816' title='bbox 1163 5374 1190 5428; x_wconf 80' lang='lat'><strong>5.</strong></span> <span class='ocrx_word' id='word_1_817' title='bbox 1205 5371 1329 5444; x_wconf 89' lang='lat' dir='ltr'><strong>Denique</strong></span> <span class='ocrx_word' id='word_1_818' title='bbox 1343 5379 1457 5444; x_wconf 91' lang='lat' dir='ltr'><strong>propter</strong></span> <span class='ocrx_word' id='word_1_819' title='bbox 1471 5371 1541 5429; x_wconf 88' lang='lat' dir='ltr'><strong>hanc</strong></span> <span class='ocrx_word' id='word_1_820' title='bbox 1554 5371 1724 5448; x_wconf 88' lang='lat' dir='ltr'><strong>agnitionem</strong></span> <span class='ocrx_word' id='word_1_821' title='bbox 1736 5371 1798 5429; x_wconf 90' lang='lat' dir='ltr'><strong>dies</strong></span> <span class='ocrx_word' id='word_1_822' title='bbox 1812 5373 1871 5429; x_wconf 85' lang='lat' dir='ltr'><strong>ista</strong></span> <span class='ocrx_word' id='word_1_823' title='bbox 1885 5389 1929 5430; x_wconf 90' lang='lat' dir='ltr'><strong>ce-</strong></span> 
     </span>
     <span class='ocr_line' id='line_1_58' title="bbox 271 5459 1930 5538; baseline -0.004 -11"><span class='ocrx_word' id='word_1_824' title='bbox 271 5485 338 5528; x_wconf 91' lang='lat' dir='ltr'><strong>uum</strong></span> <span class='ocrx_word' id='word_1_825' title='bbox 353 5467 433 5538; x_wconf 80' lang='lat' dir='ltr'><strong>(dcc.</strong></span> <span class='ocrx_word' id='word_1_826' title='bbox 452 5479 482 5536; x_wconf 88' lang='lat' dir='ltr'><strong>u,</strong></span> <span class='ocrx_word' id='word_1_827' title='bbox 502 5467 546 5534; x_wconf 86' lang='lat' dir='ltr'><strong>tt,</strong></span> <span class='ocrx_word' id='word_1_828' title='bbox 569 5463 624 5535; x_wconf 87' lang='lat' dir='ltr'><strong>tt).</strong></span> <span class='ocrx_word' id='word_1_829' title='bbox 648 5461 742 5520; x_wconf 91' lang='lat' dir='ltr'><strong>Simile</strong></span> <span class='ocrx_word' id='word_1_830' title='bbox 756 5462 858 5536; x_wconf 87' lang='lat' dir='ltr'><strong>ahquid</strong></span> <span class='ocrx_word' id='word_1_831' title='bbox 873 5463 971 5518; x_wconf 88' lang='lat' dir='ltr'><strong>Paulus</strong></span> <span class='ocrx_word' id='word_1_832' title='bbox 989 5463 1072 5535; x_wconf 90' lang='lat' dir='ltr'><strong>loqui·</strong></span> <span class='ocrx_word' id='word_1_833' title='bbox 1127 5459 1211 5518; x_wconf 86' lang='lat' dir='ltr'><strong>lebria</strong></span> <span class='ocrx_word' id='word_1_834' title='bbox 1225 5459 1350 5528; x_wconf 85' lang='lat' dir='ltr'><strong>habetur,</strong></span> <span class='ocrx_word' id='word_1_835' title='bbox 1367 5466 1395 5516; x_wconf 91' lang='lat' dir='ltr'><strong>et</strong></span> <span class='ocrx_word' id='word_1_836' title='bbox 1421 5459 1537 5535; x_wconf 86' lang='lat' dir='ltr'><strong>insignis</strong></span> <span class='ocrx_word' id='word_1_837' title='bbox 1560 5461 1621 5519; x_wconf 86' lang='lat' dir='ltr'><strong>dies</strong></span> <span class='ocrx_word' id='word_1_838' title='bbox 1636 5461 1825 5536; x_wconf 84' lang='lat' dir='ltr'><strong>apparitionis.</strong></span> <span class='ocrx_word' id='word_1_839' title='bbox 1843 5461 1930 5520; x_wconf 86' lang='lat' dir='ltr'><strong>Hodie</strong></span> 
     </span>
     <span class='ocr_line' id='line_1_59' title="bbox 271 5547 1931 5630; baseline -0.002 -16"><span class='ocrx_word' id='word_1_840' title='bbox 271 5565 315 5614; x_wconf 89' lang='lat' dir='ltr'><strong>tur</strong></span> <span class='ocrx_word' id='word_1_841' title='bbox 330 5575 338 5613; x_wconf 72' lang='grc' dir='ltr'><em>τ</em></span> <span class='ocrx_word' id='word_1_842' title='bbox 351 5555 494 5630; x_wconf 74' lang='lat' dir='ltr'><strong>Apparuit</strong></span> <span class='ocrx_word' id='word_1_843' title='bbox 517 5553 676 5625; x_wconf 73' lang='lat' dir='ltr'><strong>benignitas</strong></span> <span class='ocrx_word' id='word_1_844' title='bbox 692 5555 720 5610; x_wconf 88' lang='grc' dir='ltr'><strong>ει</strong></span> <span class='ocrx_word' id='word_1_845' title='bbox 735 5550 901 5608; x_wconf 81' lang='lat' dir='ltr'><strong>hamanitas</strong></span> <span class='ocrx_word' id='word_1_846' title='bbox 916 5552 1072 5630; x_wconf 80' lang='lat' dir='ltr'><strong>Satvutcris</strong></span> <span class='ocrx_word' id='word_1_847' title='bbox 1127 5549 1199 5606; x_wconf 90' lang='lat' dir='ltr'><strong>enim</strong></span> <span class='ocrx_word' id='word_1_848' title='bbox 1213 5547 1288 5622; x_wconf 84' lang='lat' dir='ltr'><strong>magi</strong></span> <span class='ocrx_word' id='word_1_849' title='bbox 1300 5548 1334 5604; x_wconf 84' lang='lat' dir='ltr'><strong>ab</strong></span> <span class='ocrx_word' id='word_1_850' title='bbox 1350 5547 1464 5616; x_wconf 80' lang='lat' dir='ltr'><strong>Oriente</strong></span> <span class='ocrx_word' id='word_1_851' title='bbox 1477 5559 1623 5621; x_wconf 87' lang='lat' dir='ltr'><strong>venerunt,</strong></span> <span class='ocrx_word' id='word_1_852' title='bbox 1635 5557 1727 5608; x_wconf 89' lang='lat' dir='ltr'><strong>ortum</strong></span> <span class='ocrx_word' id='word_1_853' title='bbox 1741 5549 1836 5608; x_wconf 86' lang='lat' dir='ltr'><strong>Solem</strong></span> <span class='ocrx_word' id='word_1_854' title='bbox 1851 5553 1931 5623; x_wconf 85' lang='lat' dir='ltr'><strong>justi·</strong></span> 
     </span>
     <span class='ocr_line' id='line_1_60' title="bbox 270 5635 1929 5714; baseline -0.002 -11"><span class='ocrx_word' id='word_1_855' title='bbox 270 5643 362 5704; x_wconf 74' lang='lat' dir='ltr'><strong>castrt</strong></span> <span class='ocrx_word' id='word_1_856' title='bbox 378 5643 435 5701; x_wconf 80' lang='lat' dir='ltr'><strong>Dei.</strong></span> <span class='ocrx_word' id='word_1_857' title='bbox 450 5640 524 5698; x_wconf 85' lang='lat' dir='ltr'><strong>Beue</strong></span> <span class='ocrx_word' id='word_1_858' title='bbox 540 5637 731 5696; x_wconf 89' lang='lat' dir='ltr'><strong>dulceuomen</strong></span> <span class='ocrx_word' id='word_1_859' title='bbox 745 5635 880 5694; x_wconf 86' lang='lat' dir='ltr'><strong>nullusex</strong></span> <span class='ocrx_word' id='word_1_860' title='bbox 895 5635 962 5710; x_wconf 91' lang='lat' dir='ltr'><strong>ipsis</strong></span> <span class='ocrx_word' id='word_1_861' title='bbox 976 5637 1069 5710; x_wconf 89' lang='lat' dir='ltr'><strong>tacuit,</strong></span> <span class='ocrx_word' id='word_1_862' title='bbox 1125 5638 1170 5696; x_wconf 89' lang='lat' dir='ltr'><strong>tiae</strong></span> <span class='ocrx_word' id='word_1_863' title='bbox 1197 5637 1382 5712; x_wconf 90' lang='lat' dir='ltr'><strong>requirentes,</strong></span> <span class='ocrx_word' id='word_1_864' title='bbox 1402 5653 1466 5696; x_wconf 86' lang='lat' dir='ltr'><strong>aum</strong></span> <span class='ocrx_word' id='word_1_865' title='bbox 1494 5637 1528 5695; x_wconf 91' lang='lat' dir='ltr'><strong>de</strong></span> <span class='ocrx_word' id='word_1_866' title='bbox 1557 5637 1611 5713; x_wconf 85' lang='lat' dir='ltr'><strong>quo&#39;</strong></span> <span class='ocrx_word' id='word_1_867' title='bbox 1631 5637 1754 5714; x_wconf 88' lang='lat' dir='ltr'><strong>legitur:</strong></span> <span class='ocrx_word' id='word_1_868' title='bbox 1775 5641 1850 5700; x_wconf 78' lang='lat' dir='ltr'><strong>Ecce</strong></span> <span class='ocrx_word' id='word_1_869' title='bbox 1876 5647 1929 5714; x_wconf 82' lang='lat' dir='ltr'><strong>nir,</strong></span> 
     </span>
    </p>
   </div>
   <div class='ocr_carea' id='block_1_3' title="bbox 0 0 1982 6340">
    <p class='ocr_par' dir='ltr' id='par_1_4' title="bbox 0 0 1982 6340">
     <span class='ocr_line' id='line_1_61' title="bbox 0 0 1982 6340; baseline 0 0"><span class='ocrx_word' id='word_1_870' title='bbox 0 0 1982 6340; x_wconf 95' lang='lat' dir='ltr'><strong> </strong></span> 
     </span>
    </p>
   </div>
  </div>
 </body>
</html>
