3950 6350
76 487 130 544 arr
564 436 1187 546 ³1uu1ssaucroruscuusunuo.
1676 489 1728 548 ars

75 610 261 670 surrectionis.
287 609 366 682 Quod
387 609 411 669 si
432 609 542 668 sudeus
560 625 616 668 non
638 608 746 684 quaerit,
771 603 1094 704 ample-'stmperansab
1112 607 1311 677 aliosuscitari;
1331 608 1368 665 ab
1389 623 1423 666 eo
1445 611 1538 684 utique
1561 611 1609 687 qui
1632 611 1729 680 triurn-

75 707 163 757 ctatur
178 705 206 758 e't
215 701 334 778 gaudeat
344 700 523 758 Christianus.
532 697 601 758 Vicit
615 700 689 758 enirn
698 701 743 758 leo
757 700 791 758 de
805 699 877 758 tribu
931 699 1024 773 phavit
1046 699 1141 757 mortis
1159 696 1303 770 imperium
1326 696 1354 753 in
1377 696 1477 770 seipso.
1501 700 1569 757 Inde
1592 707 1634 759 est
1656 703 1729 777 quod
1753 735 1759 744 ·

74 789 159 846 Juda.
180 791 330 848 suscitatus
351 798 393 847 est
415 799 531 864 paterna
553 785 729 849 voce'leonis
752 789 875 858 catulus;
932 799 1044 848 caeteros
1058 788 1169 864 quidem
1183 787 1298 846 dicimus
1311 785 1462 858 suscitatos,
1483 787 1619 846 Christum
1637 809 1730 850 resur·

74 879 170 937 clauso
189 880 289 955 prodiit
309 879 422 948 tumulo,
442 879 490 954 qui
503 879 539 937 de
552 877 675 952 patibulo
690 894 744 937 non
758 869 877 937 descen·
932 879 1045 950 rexisse,
1066 879 1113 956 qui
1138 879 1211 936 solus
1235 877 1333 936 virtute
1350 873 1461 950 propria
1474 875 1561 934 victor
1582 881 1680 948 prodiit
1694 882 1729 939 de

7 961 8 970 ’
75 967 128 1024 dit.
139 970 181 1024 dn
192 984 257 1026 vero
272 969 300 1025 id
314 969 404 1041 majus
416 969 462 1036 sit,
478 968 582 1026 inimici
594 969 679 1026 nostri
693 969 747 1026 sint
759 969 877 1042 judices,
932 968 1075 1041 sepulcro:
1090 968 1225 1044 siquidem
1240 975 1268 1024 et
1280 966 1309 1022 in
1323 967 1377 1025 boc
1390 963 1506 1024 vicitleo
1515 965 1550 1022 de
1565 966 1635 1022 tribu
1649 969 1727 1026 luda.

76 1055 126 1128 qui
141 1065 196 1114 tam
209 1058 316 1115 curiose
334 1057 490 1116 munierant
503 1067 720 1127 monumentum,
739 1058 880 1132 signantes
933 1057 1070 1130 Quantum
1092 1057 1203 1131 poterit,
1228 1057 1312 1114 immo
1332 1055 1397 1130 quid
1417 1070 1472 1114 non
1490 1072 1571 1130 posse
1594 1055 1729 1115 videbitur

77 1147 200 1218 lapidem
214 1164 277 1205 cum
288 1146 458 1207 custodibus.
478 1147 556 1204 Hun'c
580 1147 653 1204 enim
676 1148 796 1222 lapidem
818 1164 880 1204 ma·
933 1149 1037 1219 vivens,
1054 1157 1083 1208 et
1095 1147 1189 1207 dicens
1207 1147 1299 1206 Patri:
1323 1149 1484 1219 Resurrccr',
1510 1152 1538 1204 ct
1553 1146 1644 1206 edituo
1667 1165 1731 1205 ram

74 1253 165 1312 gnum
178 1237 268 1309 valde,
288 1238 324 1296 de
346 1254 400 1313 quo
424 1236 553 1296 mulieres
567 1237 619 1294 illae
638 1238 744 1296 devote
765 1237 881 1296 invicem
934 1247 1027 1301 tecum
1041 1241 1127 1312 (Prot.
1148 1237 1360 1310 cxxxvru,18);
1381 1235 1428 1311 qui
1449 1243 1503 1293 tam
1517 1244 1615 1310 potens
1630 1235 1733 1294 exstitit

75 1327 277 1401 querebantur,
306 1327 377 1385 iacta
412 1328 468 1399 jnm
504 1327 705 1386 resurrectione
741 1327 882 1386 Dominica
934 1329 1082 1402 deputatus
1095 1327 1293 1398 commortuis,
1310 1325 1443 1384 sedinter
1457 1333 1578 1383 mortuos
1593 1326 1686 1386 liber?

78 1419 200 1476 recoluit
213 1420 343 1492 asperus,
359 1417 566 1490 acrabittene
583 1417 712 1489 scriptum
728 1424 779 1488 est,
794 1436 881 1494 sopor
971 1422 998 1475 8.
1018 1419 1076 1475 Nec
1088 1433 1154 1475 vero
1174 1415 1402 1472 resurrectionem
1420 1413 1524 1470 distulit
1538 1413 1608 1471 ultra
1624 1413 1731 1475 tertiam

6 1498 8 1516 ³
77 1521 145 1564 crem
156 1507 266 1578 (deul.
278 1507 515 1576 xxrrrr,2;llurc.
527 1521 588 1574 xvv,
598 1507 636 1580 3).
648 1507 880 1580 Constatproinde
933 1508 1017 1578 diem,
1042 1515 1073 1564 ut
1101 1506 1237 1580 propbeta
1263 1500 1350 1561 fidelis
1381 1503 1543 1574 inveniatur,
1573 1505 1620 1577 qui
1644 1504 1730 1564 dixit:

76 1594 171 1652 clauso
186 1593 286 1652 exiisse
302 1594 404 1652 tumulo
420 1595 570 1654 redivivum
580 1611 689 1669 corpus,
701 1597 774 1671 quod
789 1597 880 1656 clauso
939 1591 1301 1668 Vioificobitrrospostdoas
1312 1593 1422 1662 dicuin
1432 1594 1476 1653 dte
1486 1594 1573 1652 tertio
1582 1594 1733 1653 suscitabit

78 1681 200 1758 Virginis
222 1691 302 1758 utero
320 1691 413 1740 natum
428 1685 563 1757 processit
576 1684 605 1742 iu
627 1685 721 1754 vitam,
738 1693 766 1743 et
784 1685 819 1742 ad
837 1686 880 1742 di·
934 1704 985 1746 nor
999 1688 1077 1758 (Osce
1095 1700 1134 1755 vr,
1152 1687 1190 1758 3),
1209 1684 1296 1742 Decet
1314 1683 1440 1740 nimirum
1458 1690 1488 1740 ut
1502 1683 1730 1757 quemadmodum

6 1773 7 1778 ’
76 1770 196 1844 scipulos
219 1771 318 1830 clausis
342 1771 462 1830 introivit
477 1771 569 1846 janctis
590 1773 618 1829 iu
640 1773 802 1834 conclavim.
825 1774 882 1834 Sed
933 1783 1015 1850 caput
1038 1772 1186 1850 praecessit,
1215 1783 1365 1845 sequentur
1392 1773 1523 1830 membra.
1553 1775 1584 1830 ln
1611 1771 1732 1847 patibulo

76 1869 119 1917 est
138 1861 214 1918 locus
227 1860 301 1918 unde
315 1861 414 1920 clausis
428 1861 515 1920 uoluit
533 1861 686 1936 procedere
699 1863 801 1936 januis,
816 1879 880 1922 car-
934 1874 1011 1924 sexta
1024 1863 1092 1922 leria
1115 1862 1231 1922 redemit
1244 1863 1392 1930 hominem,
1412 1862 1473 1934 ipsa
1486 1863 1530 1920 die
1553 1879 1607 1937 qua
1628 1863 1732 1924 iecerat

76 1966 126 2007 cer
143 1950 240 2023 utique
260 1951 431 2028 gehennalis.
457 1949 597 2024 Confregit
617 1952 751 2024 siquidem
775 1951 880 2012 ferreos
896 1935 919 2015 fl
934 1954 1073 2013 hominem
1100 1953 1130 2010 in
1160 1951 1250 2011 initio:
1280 1951 1407 2024 sequenti
1435 1951 1479 2008 die
1503 1951 1731 2011 sabbatizavit-iu

74 2050 183 2112 vectes,
198 2040 328 2116 repagula
347 2039 473 2100 universa
496 2040 631 2110 contrivit,
657 2048 686 2098 ut
709 2040 796 2100 libere
816 2059 881 2102 snos
934 2051 1120 2114 monumento,
1145 2047 1330 2100 consummato
1353 2055 1438 2113 opere
1462 2042 1536 2114 quod
1559 2052 1730 2116 susceperat;

74 2131 218 2198 educeret,
235 2145 304 2204 quos
326 2129 481 2188 redemerat
494 2130 528 2187 de
542 2147 624 2188 manu
646 2129 748 2188 inimici
771 2142 799 2190 et
821 2132 880 2205 ple·
933 2134 1105 2210 tertiapero,
1124 2147 1184 2206 quae
1202 2129 1290 2203 prima
1313 2129 1417 2186 dierum
1440 2138 1492 2200 est,
1515 2131 1641 2204 primitie
1663 2133 1730 2190 dor·

74 2219 117 2276 nis
128 2221 330 2294 egrederentur
340 2220 425 2292 portis
433 2221 542 2295 agmina
553 2219 638 2296 [olias
647 2223 766 2280 additor
775 2229 879 2282 sancto
933 2223 1075 2281 mientium
1095 2221 1219 2295 apparuit
1239 2219 1335 2277 mortis
1352 2219 1450 2292 victor,
1473 2233 1560 2278 novus
1577 2222 1669 2280 bomo.
1690 2225 1732 2281 lta

75 2309 149 2384 rum]
164 2308 363 2380 dealbatorum,
374 2310 419 2385 qui
432 2308 556 2370 laverant
565 2309 648 2368 stolas
658 2326 732 2379 suas,
748 2313 879 2370 etcendi-
934 2321 961 2370 et
972 2328 1031 2385 uos,
1046 2313 1202 2387 quicumue
1217 2311 1358 2384 sequimur
1371 2317 1452 2383 caput
1466 2319 1599 2383 nostrum,
1616 2318 1673 2368 tota
1685 2311 1730 2371 dic

73 2397 125 2454 dns
141 2414 190 2455 ees
207 2397 331 2456 fecerant
349 2398 378 2454 in
398 2399 533 2472 sanguiue
546 2400 633 2474 Agrai,
657 2399 786 2458 candidas
801 2417 880 2474 pror·
932 2405 984 2460 hac
998 2417 1052 2477 qua
1065 2401 1191 2475 plasmati
1204 2407 1233 2458 et
1247 2399 1381 2472 redempti
1395 2414 1498 2470 sumus,
1519 2416 1577 2458 non
1591 2417 1730 2460 cessemus

72 2502 121 2543 sus
135 2487 164 2544 in
180 2488 327 2560 sanguine3
350 2487 413 2563 quia
433 2487 515 2544 exivit
533 2503 595 2547 cum
614 2503 648 2546 eo
662 2488 735 2570 etin
749 2505 783 2548 eo
795 2489 878 2546 etiam
932 2508 1015 2566 agere
1039 2489 1238 2565 penitentiam,
1263 2503 1318 2546 non
1340 2503 1477 2546 cessemus
1502 2489 1599 2547 tollere
1620 2506 1729 2550 crucem

72 2592 147 2649 aqua
170 2577 317 2650 dealbans3
342 2584 371 2634 et
395 2576 577 2635 testimonium
601 2577 729 2650 perhibet
751 2578 810 2653 ipse
831 2578 878 2653 qui
931 2589 1063 2650 nostram,
1083 2585 1292 2654 perseverantes
1305 2577 1333 2634 iu
1352 2594 1395 2647 ee,
1410 2577 1479 2634 sicut
1492 2577 1551 2651 ipse
1565 2595 1728 2652 persevera·

7 2689 8 2694 ¹
72 2665 154 2724 vidit.
174 2669 318 2724 Autcerte
339 2665 470 2724 candidas
488 2667 517 2722 in
536 2665 680 2742 sanguine,
699 2666 795 2748 sed'id
813 2684 878 2726 san·
931 2672 979 2743 rit,
994 2671 1084 2730 donec
1101 2669 1174 2728 dicat
1191 2668 1308 2742 Spiritus
1327 2674 1357 2724 ut
1371 2667 1605 2741 requiescamusa
1626 2670 1729 2730 labori·
1837 2695 1850 2708 ·

72 2756 159 2829 guina
181 2755 257 2829 rigni
279 2755 378 2814 novelli
400 2755 500 2825 lacteo,
523 2755 641 2814 candido
664 2763 692 2814 et
715 2756 876 2834 rubicundo,
930 2764 981 2820 bus
1003 2761 1112 2820 nostris.
1140 2759 1285 2816 Neminem
1298 2757 1450 2827 audiamus,
1466 2757 1574 2828 iratres,
1591 2775 1646 2817 non
1664 2777 1727 2820 car·

72 2845 145 2903 sicut
159 2846 245 2902 babes
258 2845 287 2904 in
301 2845 412 2904 Cantico
430 2845 616 2906 canticorum:
639 2848 768 2904 Dilectus
784 2864 876 2917 mcor,
930 2869 995 2910 nem
1012 2861 1041 2909 et
1050 2849 1223 2923 sanguinem,
1233 2863 1289 2905 non
1303 2848 1428 2922 spiritum
1441 2847 1600 2922 quemlibet,
1612 2850 1729 2910 descen·

71 2933 416 3008 aitsponsaccodldrrsct
429 2933 877 3004 merendunetccrurcemittt·
930 2958 990 3002 sum
1017 2956 1034 2997 a
1060 2955 1140 2998 cruce
1168 2937 1339 2995 suadentem.
1365 2937 1545 2995 Persistemus
1575 2936 1604 2995 in
1634 2956 1727 3010 cruce,

72 3025 122 3083 bos
136 3025 236 3097 (cont.
250 3041 279 3092 r,
303 3022 591 3098 supremasque
614 3023 643 3080 in
667 3024 737 3082 stola
759 3025 876 3084 candida
929 3032 1075 3089 moriamur
1097 3031 1125 3088 iu
1145 3043 1242 3099 cmce,
1266 3029 1436 3101 deponamur
1453 3027 1568 3086 aliorum
1589 3032 1725 3102 manibus,

8 3135 9 3142 ι
72 3121 99 3169 et
119 3113 245 3186 fulgureo
266 3112 340 3171 vultu
360 3111 436 3169 testis
459 3128 568 3188 quoque
590 3113 798 3174 resurrectionis
824 3131 874 3190 ap·
929 3137 984 3180 non
998 3127 1093 3181 nostra
1113 3117 1233 3178 levitate.
1258 3118 1345 3192 Caput
1364 3123 1487 3174 nostrum
1510 3118 1662 3192 deposuere
1676 3123 1727 3180 viri

72 3210 163 3276 paret.
889 3213 1013 3332 cjusti3
1037 3226 1089 3269 nos
1105 3225 1172 3268 vero
1187 3207 1348 3284 dignatione
1362 3208 1516 3282 suaangeli
1533 3209 1619 3266 sancti
1643 3212 1727 3285 depo·

8 3315 9 3343 r
107 3297 134 3348 6.
149 3293 210 3348 lam
225 3289 250 3348 si
264 3290 436 3350 confutandis
456 3291 611 3350 ludaeorum
634 3291 776 3350 calumniis
797 3293 874 3352 sulti·
928 3311 1004 3370 nant,
1024 3309 1055 3358 ut
1076 3304 1264 3359 consummata
1286 3296 1399 3355 viriliter
1421 3296 1465 3355 die
1483 3298 1581 3368 crucis,
1605 3302 1727 3358 secunde

71 3395 135 3438 cere
156 3379 266 3438 videtur
288 3382 341 3439 boc
360 3380 461 3454 ipsum,
476 3382 549 3455 quod
569 3381 661 3441 clauso
682 3399 811 3456 egressus
833 3395 875 3444 est
928 3409 989 3467 quae
1004 3397 1067 3465 post
1081 3397 1199 3448 mortem
1210 3395 1262 3448 est,
1276 3386 1583 3461 quiescamussueviter,
1600 3387 1722 3446 domnia-

70 3478 260 3540 monumento,
275 3469 319 3528 cui
330 3471 492 3530 insultantes
504 3470 646 3533 dicebant:
667 3474 697 3532 st
716 3492 769 3534 rec
788 3477 876 3536 lsrael
927 3495 989 3536 mus
1002 3477 1117 3536 feliciter
1125 3475 1154 3534 iu
1164 3473 1305 3548 sepulcris,
1316 3481 1508 3548 exspectantes
1517 3475 1625 3531 beatem
1634 3493 1721 3548 spem,

9 3599 10 3602 ,
71 3566 124 3628 cst,
141 3563 291 3620 descendat
308 3562 341 3620 de
359 3578 462 3620 cruce:
486 3561 620 3620 curiosius
638 3579 757 3638 namque
776 3580 875 3623 monu·
929 3579 955 3630 et
978 3569 1125 3627 adveutum
1150 3566 1245 3641 gloria
1272 3565 1365 3638 magni
1391 3562 1452 3631 Dei,
1481 3563 1528 3638 qui
1552 3565 1725 3624 resuscitabit

70 3659 194 3708 mentum
209 3649 336 3708 claudere
352 3657 379 3708 et
399 3651 511 3723 signare
526 3653 697 3720 studuerant,
718 3669 799 3726 quam
812 3653 874 3710 infi-
926 3662 1145 3731 corporanostra
1158 3655 1357 3714 tertiadennm
1367 3651 1421 3723 die,
1438 3652 1604 3726 configurata
1615 3657 1723 3728 corpori

70 3757 137 3818 gere
153 3739 264 3807 clavos3
284 3739 308 3795 si
320 3739 404 3811 iptrur
416 3739 480 3798 vicit
498 3740 542 3798 leo
557 3740 592 3798 de
607 3740 679 3818 tribu
692 3740 762 3799 luda
773 3742 803 3798 in
822 3744 874 3801 boc
926 3746 1055 3804 claritatb
1067 3761 1134 3802 sure.
1160 3743 1260 3800 Fetent
1278 3740 1460 3816 quatriduani,
1481 3742 1550 3800 sicut
1564 3743 1599 3800 de
1623 3745 1723 3803 Lazaro

70 3831 130 3903 ipso
155 3844 299 3901 processu,
319 3835 347 3886 et
370 3830 458 3900 maius
481 3829 677 3889 demonstravit
700 3847 769 3906 opus
791 3851 872 3907 quam
925 3836 1065 3894 scribitur:
1088 3837 1154 3893 lom
1176 3835 1257 3906 tctct,
1283 3833 1420 3902 Dominam
1448 3831 1658 3908 mcotndocoos
1680 3839 1723 3893 cst

8 3960 10 3984 .
70 3926 215 3992 petereut3
232 3919 323 3992 ipsum
336 3920 392 3990 jam
415 3919 625 3978 resurrectionis
648 3921 807 3980 miraculum
829 3925 876 3982 cui'
925 3928 1003 3986 enim
1016 3926 1108 4000 (loon.
1123 3939 1165 3993 xv,
1180 3922 1236 3996 39).

8 4039 10 4076 2
71 4007 171 4082 poterit
194 4007 373 4081 comparari?
390 4007 519 4084 Legimus
542 4009 655 4084 quidem
679 4011 877 4072 nonnullorum·
961 4020 988 4072 9.
1012 4013 1176 4073 Adiurentio
1198 4010 1315 4070 filiorum
1337 4011 1427 4069 Adam
1447 4017 1571 4086 quartam
1595 4012 1723 4074 tornavit

70 4098 241 4170 praecessisse
256 4096 481 4164 resurrectiones,
502 4105 547 4154 aut
566 4099 652 4172 magis
666 4108 741 4158 certe
754 4102 871 4160 suscite-
925 4105 1009 4174 dem,
1024 4119 1105 4178 quam
1120 4119 1136 4158 a
1153 4101 1269 4159 Domino
1284 4116 1339 4158 non
1358 4101 1473 4175 accepit.
1493 4102 1641 4175 Propterea
1663 4119 1723 4162 cor·

9 4221 11 4258 2
71 4187 168 4259 tiones,
185 4187 235 4246 sed
248 4186 328 4246 istius
341 4186 533 4260 praeambulas,
549 4188 648 4261 quibus
662 4197 691 4246 et
704 4189 806 4263 duplici
820 4192 872 4267 pri·
924 4195 997 4267 rupti
1026 4201 1099 4265 sunt,
1128 4199 1156 4250 et
1182 4190 1379 4248 abominabiles
1410 4189 1473 4248 lacti
1500 4198 1564 4248 aunt
1594 4200 1722 4266 unquam

69 4275 167 4352 vilegio
181 4277 303 4335 noscitur
317 4277 586 4350 praeeminereNam
600 4278 692 4336 caleri
706 4280 816 4353 quidem
827 4298 871 4340 re-
924 4287 1047 4358 jumenta
1069 4297 1129 4355 quae
1156 4280 1186 4336 in
1208 4287 1330 4338 stercore
1351 4294 1401 4337 sno
1424 4286 1596 4352 putruerunt.
1618 4282 1722 4342 Divinae

8 4385 10 4390 ¹
69 4374 244 4424 surrexerant
258 4365 343 4441 [alios
357 4367 474 4424 additur
487 4366 597 4442 mortui]
616 4367 714 4425 iterum
729 4369 868 4428 morituri:
925 4371 1060 4447 siquidem
1074 4368 1252 4428 ordinationis
1266 4375 1308 4426 est
1321 4369 1440 4426 triduum
1450 4369 1522 4444 quod
1536 4370 1720 4443 prediximus,

69 4454 191 4512 Christus
213 4471 361 4528 resurgens
384 4473 419 4514 er
442 4456 555 4514 mortuis
580 4457 636 4530 jam
660 4474 715 4517 non
741 4461 868 4534 moritur;
924 4462 952 4519 in
970 4461 1076 4534 labore,
1090 4461 1119 4518 iu
1134 4458 1237 4533 requie,
1258 4458 1286 4516 in
1306 4460 1516 4518 resurrectione.
1538 4461 1598 4518 Non
1612 4461 1722 4533 placent

69 4559 142 4601 mors
156 4543 194 4602 illi
215 4545 287 4602 ultra
305 4560 360 4602 uon
375 4545 567 4602 dominabitur.
593 4546 635 4603 lili
657 4548 757 4605 mortui
778 4549 870 4610 denuo
886 4563 909 4644 n
925 4555 983 4611 baec
995 4552 1058 4608 tiliis
1072 4550 1220 4620 bominum,
1236 4549 1286 4608 sed
1303 4565 1380 4608 suem
1393 4550 1487 4608 volunt
1504 4549 1635 4622 praeierre
1648 4551 1721 4610 diem

9 4669 13 4706 ·.
68 4648 136 4706 opus
164 4632 267 4694 babent
303 4633 402 4692 iterum
435 4633 608 4692 resuscitari:
640 4636 764 4695 Christus
796 4643 869 4714 quod
925 4642 1082 4700 differentes
1104 4639 1304 4715 paenitentiam,
1332 4647 1363 4696 ut
1390 4637 1563 4711 indulgeant·
1577 4640 1722 4712 voluptati.

9 4761 13 4800 ι
69 4727 564 4794 mortuusesrpeccotnmortuusest
578 4725 678 4794 semel;
693 4726 876 4800 quodantem'
923 4736 986 4791 Nun
1000 4742 1043 4790 est
1055 4732 1113 4787 baec
1130 4729 1191 4787 dies
1209 4744 1289 4801 quam
1304 4727 1368 4786 lecit
1381 4728 1532 4786 Dondnus:
1549 4731 1722 4802 quatriduani

9 4839 11 4890 ς
68 4813 143 4882 vivit,
158 4811 223 4870 vivit
236 4807 296 4868 D‘eo
311 4811 400 4884 (Rom.
414 4829 452 4882 vv,
468 4819 494 4884 9,
513 4813 569 4888 to),
583 4815 648 4874 vivit
660 4815 690 4872 iu
703 4817 868 4878 eternitate.
923 4823 987 4880 neti
1005 4829 1078 4888 sunt,
1099 4826 1127 4876 et
1151 4819 1207 4890 jam
1222 4815 1318 4874 fetent.
1333 4817 1395 4874 Nou
1409 4817 1484 4876 novit
1497 4817 1576 4889 banc,
1593 4821 1666 4893 quod
1686 4823 1722 4882 de

9 4941 14 4982 ,
68 4901 164 4960 Merito
178 4899 309 4975 'proinde
338 4902 537 4976 resurgentium
568 4903 694 4977 primitiae
725 4906 867 4980 Christus3
923 4911 1006 4970 llaria
1029 4917 1123 4968 natum
1147 4915 1199 4976 est,
1223 4905 1371 4964 Sanctum:
1398 4906 1479 4964 tertia
1501 4911 1649 4967 resurrexit
1664 4913 1720 4971 die.

9 5032 14 5072 ,
69 4993 114 5066 qui
129 4991 167 5048 ita
181 4989 373 5058 resurrexerit,
393 4985 478 5050 895
498 4999 527 5048 ut
548 4993 649 5052 cadere
670 5010 726 5054 non
746 4997 867 5070 adjiciat,
922 5019 959 5060 ne
976 4995 1318 5071 videretcorrnptionem.
1340 4996 1518 5070 vertiturque
1535 5000 1576 5058 leo
1595 5000 1629 5060 de
1644 5003 1721 5063 tabu

10 5123 14 5162 ς
69 5082 114 5156 qui
128 5080 203 5140 solus
217 5079 306 5154 arrigit
317 5079 556 5138 immortalitatem.
921 5092 1004 5150 drudo.
1023 5088 1136 5148 Occisus
1154 5094 1200 5144 est
1214 5101 1310 5163 mnus,
1330 5085 1379 5144 sed
1390 5084 1433 5144 leo
1454 5086 1526 5144 vicit.
1546 5089 1602 5146 Leo
1620 5091 1720 5166 rugiet,

10 5217 12 5254 ,
103 5175 130 5228 i.
145 5171 193 5226 list
208 5169 290 5238 aliud,
309 5168 337 5225 in
351 5184 406 5243 quo
420 5168 627 5229 resurrectionis
647 5173 728 5246 hujus
741 5173 866 5236 innotes-
921 5181 983 5256 quis
995 5195 1051 5238 nou
1071 5176 1199 5237 tinebirt·
1214 5177 1280 5245 Leo,
1305 5175 1426 5249 inquam,
1441 5175 1604 5236 lectissimus
1627 5181 1722 5238 bestia·

10 5303 15 5344 ι
69 5266 113 5315 cat
127 5257 212 5330 gloria
228 5257 384 5333 singularis.
400 5257 467 5330 Quis
485 5258 557 5316 euim
580 5259 608 5316 in
622 5261 729 5320 caeteris
742 5265 868 5326 omnibus
923 5287 992 5341 rum,
1012 5270 1060 5344 qui
1073 5269 1108 5326 ad
1132 5266 1232 5326 nudius
1245 5265 1355 5339 pavebit
1369 5281 1522 5338 ooomsum,
1547 5268 1650 5327 scilicet
1664 5270 1720 5328 Leo

70 5346 209 5404 suscitavit
231 5347 376 5420 aliquando
404 5349 602 5422 semetipsum?
633 5349 774 5412 lneffebile
796 5355 868 5414 istud
922 5361 957 5420 de
971 5360 1043 5417 tribu
1056 5358 1135 5418 luda.
1151 5358 1273 5417 Pereant
1289 5354 1337 5430 qui
1349 5355 1564 5428 abnegaverunt,
1580 5358 1628 5430 qui
1641 5359 1721 5417 dixe-

10 5485 15 5526 ,
69 5443 120 5505 est,
142 5444 173 5490 ut
191 5451 208 5492 a
224 5443 312 5491 morte
326 5450 356 5492 se
375 5435 474 5494 excitet
488 5436 547 5510 ipse
568 5440 613 5512 qni
632 5439 745 5498 dormit.
773 5441 869 5518 singu.
922 5457 1003 5509 ,unu
1021 5451 1082 5509 Non
1109 5446 1243 5505 hebernus
1270 5461 1366 5519 repam
1390 5446 1448 5504 stri
1473 5445 1609 5510 occuram
1626 5447 1720 5522 (loon.

70 5521 127 5578 lare
141 5527 200 5589 est;
217 5535 271 5576 non
285 5527 327 5578 est
340 5519 387 5595 qui
401 5521 490 5594 faciat,
506 5539 562 5583 non
572 5533 709 5600 estusque
724 5525 758 5582 ad
772 5542 865 5590 unum.
922 5552 985 5608 m,
1014 5535 1070 5608 tt),
1095 5533 1214 5592 Pansam
1242 5530 1287 5602 qui
1310 5529 1457 5600 digerunt-5
1487 5532 1623 5592 porum,
1645 5536 1720 5596 qum

71 5605 176 5664 Eliseus
198 5605 334 5680 propheta
356 5614 493 5666 mortuum
516 5609 657 5694 suscitarit
675 5612 702 5685 (l
706 5613 726 5672 V
740 5616 806 5692 itaq.
826 5631 866 5690 rv,
921 5637 1041 5698 rapuere
1055 5634 1140 5694 asper
1157 5634 1209 5678 not
1227 5619 1304 5700 (Lao.
1329 5628 1399 5697 ιιι..
1416 5617 1470 5688 ll).
1493 5617 1574 5676 Redit
1586 5619 1721 5695 siquidem

72 5691 127 5763 35),
142 5691 191 5750 led
206 5689 333 5773 anirum»
347 5696 402 5750 ¹¹0⁶
421 5695 608 5770 &meldim
622 5697 696 5754 Εῢῦθ
715 5698 788 5758 essim
802 5709 869 5776 quot
922 5712 1037 5782 accepto
1053 5707 1150 5782 repro,
1170 5709 1199 5760 et
1217 5700 1303 5760 malos
1321 5698 1393 5770 mele
1412 5700 1519 5776 perdet.
1541 5703 1626 5762 Vultis
1639 5721 1721 5764 nosse

12 5761 18 5818 ³
73 5779 161 5836 annis*
176 5778 506 5853 ja'cel'i'n'mondmeirtd,
525 5778 598 5859 quod
607 5775 637 5841 'a'
650 5781 763 5844 se'nor'r‘
776 5778 867 5861 polest
924 5793 992 5868 quia
1008 5791 1079 5848 redit
1098 5797 1211 5862 accepto
1231 5787 1343 5860 reguo?
1366 5787 1442 5843 iloto
1464 5793 1506 5848 cst
1528 5791 1609 5858 ruiti,
1625 5790 1713 5863 inquit
