4116 6348
207 443 260 504 rss
823 413 999 510 v'salutatus
1020 445 1059 505 ιι
1080 443 1241 506 ottausts.
1808 437 1864 506 ret

208 569 402 641 poenitentiam.
413 555 568 646 incorpore
581 574 683 648 quippe
692 591 837 650 possumus
852 574 922 632 mala
937 575 1003 647 pati,
1019 589 1043 668 q
1058 575 1181 629 bortatur
1196 571 1309 629 disens:
1328 573 1443 632 Obsecro
1454 573 1688 646 primoomnium
1709 571 1775 644 fieri
1784 573 1860 631 obse·

208 670 236 718 at
250 662 318 716 bona
334 661 451 730 operari,
469 661 524 719 Pati
540 663 641 721 soilioet
655 681 705 737 pro
720 666 871 723 summissis
885 664 1001 732 delictis,
1059 665 1212 729 erutiones,
1227 661 1381 727 erutiones,
1394 663 1614 733 postulationes,
1634 663 1797 736 pretiorum
1810 677 1860 718 uo-

208 748 315 821 operari
331 765 380 825 pra
398 750 580 823 adipiscendis
599 754 707 810 aeternis
723 757 852 825 praemiis.
867 753 920 826 Qui
937 769 1005 830 ergo
1061 753 1153 809 tiones
1166 753 1194 823 (l
1209 750 1318 820 limat,
1329 751 1367 821 t).
1388 751 1455 806 Nam
1469 749 1671 808 obsecrationes
1696 749 1859 814 remeando,

208 853 322 908 corpore
334 847 418 905 earet,
435 839 534 914 dignos
549 841 713 912 paenitentiae
723 843 828 899 tructus
841 843 928 900 lauare
942 855 1008 915 quo
1060 840 1195 897 orationes
1211 855 1291 911 puro,
1309 837 1502 910 postulationes
1512 837 1613 909 amplo.
1630 839 1778 911 gratiarum
1788 835 1859 894 atle-

210 925 292 985 modo
317 928 406 986 valet?
425 927 460 984 Et
487 932 654 1002 notandum,
668 933 739 1006 quod
764 934 920 1005 poenitentia
946 947 1007 1002 quar
1059 931 1164 986 stiones
1179 927 1247 985 flunt
1266 926 1366 984 elieetu
1381 928 1492 984 devoto.

211 1029 372 1088 percorpus
394 1016 509 1088 geritur,
525 1018 616 1076 bretis
634 1028 675 1075 est
690 1028 717 1076 et
734 1019 811 1077 levis.
827 1020 929 1090 brevis,
944 1019 1007 1090 quia
1095 1022 1122 1077 t.
1152 1017 1274 1074 Diximus
1288 1019 1323 1074 de
1348 1015 1496 1090 gonoribus
1519 1013 1691 1070 affectionum
1707 1023 1734 1070 et
1756 1015 1859 1072 oratio-

209 1102 332 1171 oorporis
344 1111 431 1159 morte
454 1106 632 1163 terminatur:
649 1109 726 1173 levis,
746 1109 808 1181 quia
823 1125 873 1182 per
887 1108 1006 1165 societa-
1059 1121 1140 1163 uum:
1171 1105 1294 1163 dieamus
1319 1103 1398 1160 etiam
1425 1119 1479 1176 qua
1493 1101 1606 1174 puritate
1622 1102 1656 1158 sit
1672 1101 1812 1159 orandum.
1828 1102 1861 1156 Et

211 1199 264 1245 tem
278 1191 401 1260 eorporis
415 1192 501 1249 lertur
518 1193 634 1252 facilius.
651 1197 749 1256 Gratis
765 1198 899 1270 siquidem
920 1203 1004 1260 esset,
1058 1195 1168 1268 quidem
1186 1194 1234 1251 tria
1249 1193 1375 1252 videntur
1391 1191 1454 1247 mibi
1469 1191 1581 1247 bieesse
1606 1189 1768 1256 necessarie,
1799 1190 1860 1262 qui-

208 1279 231 1334 si
247 1293 305 1332 eam
320 1279 393 1334 solos
407 1283 513 1336 animus
526 1293 655 1354 portaret.
671 1288 737 1342 Cum
752 1301 818 1343 vero
833 1293 860 1343 et
874 1286 926 1359 ipsi
940 1302 1004 1343 eor-
1057 1286 1110 1341 bus
1125 1283 1255 1340 orationis
1269 1281 1382 1339 intentio
1396 1279 1508 1336 tirmiter
1524 1288 1565 1334 est
1575 1278 1759 1350 astringenda.
1784 1279 1860 1335 Gon-

210 1366 267 1437 pori
286 1367 346 1436 ejus
359 1367 472 1438 partitur
487 1373 601 1441 pondus,
614 1382 714 1446 quanto
729 1377 817 1448 magis
831 1376 892 1430 inde
906 1389 1005 1446 eorpus
1058 1371 1176 1429 siderare
1191 1386 1310 1443 namque
1333 1371 1415 1426 debet
1430 1367 1511 1440 isqui
1524 1374 1593 1433 orat,
1608 1366 1714 1439 etquid
1738 1367 1816 1439 petit,
1833 1375 1862 1422 et

207 1466 343 1521 oneratur,
364 1463 438 1512 tanto
459 1459 577 1527 amplius
596 1461 705 1518 animus
730 1473 901 1520 exoneratur.
919 1463 1004 1520 bueus
1061 1462 1150 1532 ipsum
1166 1477 1247 1534 quem
1265 1463 1340 1529 petit,
1355 1468 1382 1515 et
1396 1475 1424 1515 so
1435 1457 1578 1531 ipsumqui
1591 1457 1667 1528 petit.
1681 1458 1710 1512 ln
1726 1463 1858 1512 moutam

208 1543 288 1598 etiam
312 1544 417 1601 videtur
438 1547 607 1604 necessarius
631 1565 692 1606 esse
717 1559 743 1606 et
770 1551 858 1614 utilis,
887 1549 1004 1608 Euolesia
1056 1549 1129 1622 quod
1144 1553 1220 1620 petit,
1236 1549 1290 1606 duo
1305 1550 1386 1605 debet
1400 1548 1548 1616 attendere,
1565 1554 1595 1603 ut
1605 1546 1754 1604 seeundum
1769 1545 1859 1601 Deum

208 1631 313 1688 scilieet
329 1632 389 1688 ritae
402 1636 565 1706 praesentis:
581 1637 608 1691 in
623 1655 676 1708 qua
687 1639 809 1710 quisquis
823 1639 886 1694 dum
898 1638 924 1692 in
940 1654 1002 1694 eor·
1056 1637 1091 1692 sit
1105 1637 1180 1707 qood
1196 1634 1323 1707 postulat,
1339 1646 1366 1694 et
1379 1640 1472 1694 utboo
1483 1639 1572 1710 ipsum
1586 1636 1613 1690 in
1625 1650 1730 1691 summo
1744 1631 1861 1690 alieuius

208 1736 271 1788 pore
284 1721 358 1792 visit,
374 1723 560 1790 paenitentiam
576 1732 647 1781 reete
661 1741 741 1798 agere
756 1727 880 1801 negligit,
898 1726 1000 1782 nullum
1054 1724 1191 1781 desiderio
1207 1725 1315 1781 babeat.
1336 1727 1420 1782 Verbi
1443 1725 1573 1799 gratia,·si
1601 1731 1716 1782 mortem
1745 1722 1858 1792 inimici,

206 1809 234 1863 iu
250 1808 341 1865 tuturo
359 1810 453 1868 salutis
467 1811 615 1869 remedium
629 1814 752 1870 obtinere
768 1815 874 1886 poterit.
1058 1813 1081 1868 si
1096 1813 1234 1870 lesionem
1263 1829 1311 1869 seu
1326 1813 1507 1884 dejectionem
1530 1814 1645 1885 proximi
1659 1815 1762 1870 oranda
1777 1813 1862 1884 petie·

425 1898 535 1958 1298
555 1901 672 1960 saeuo
699 1902 779 1960 ctltt.
1019 1857 1042 1936 Β
1060 1901 1103 1963 rit.
1121 1916 1175 1957 non
1190 1911 1229 1957 est
1243 1902 1395 1958 seeundum
1420 1903 1508 1957 Deum
1523 1903 1583 1958 talis
1596 1903 1694 1970 oratio,
1722 1917 1785 1957 enm
1803 1901 1861 1972 ipsa

387 1991 424 2047 De
446 1991 646 2061 assuetionibus
665 1993 823 2048 orontium.
1058 1987 1206 2060 praeoipiat,
1218 1996 1245 2044 et
1258 1987 1344 2045 dieat:
1361 1989 1475 2060 Dtlipite
1488 1990 1619 2047 iuimicus
1632 1993 1739 2046 uestros
1748 1991 1862 2059 leuetu-

244 2080 269 2150 ι.
286 2075 359 2133 Sient
373 2093 447 2154 teger
467 2079 500 2134 ad
517 2079 660 2150 medicum,
676 2081 715 2136 sie
738 2095 798 2136 osse
811 2080 891 2137 debet
907 2095 1003 2151 peeca-
1057 2077 1112 2135 oite
1126 2078 1170 2134 lis
1184 2079 1234 2149 qut
1247 2078 1369 2136 oderunt
1383 2093 1440 2146 uos,
1457 2081 1536 2132 erute
1550 2091 1602 2150 pro
1624 2077 1861 2149 persequentibus

208 2170 250 2219 tor
268 2163 302 2220 ad
318 2165 470 2222 Creatorem
485 2184 575 2223 suurn.
591 2167 644 2236 Qui
661 2183 727 2244 erge
741 2181 868 2242 pensator
882 2175 933 2236 est,
950 2169 1002 2224 do·
1056 2172 1085 2227 et
1106 2167 1351 2226 calumniantibus
1365 2183 1412 2224 uos
1432 2166 1544 2238 (lluttlt.
1561 2181 1588 2231 v,
1606 2164 1782 2236 asteismo
1798 2179 1861 2236 peo-

207 2253 253 2308 bet
267 2267 345 2309 orare
354 2255 452 2323 Deum,
462 2256 532 2311 sicut
546 2271 619 2330 aeger
628 2256 773 2315 medicum.
789 2259 899 2313 Duobus
913 2264 1002 2313 autem
1056 2262 1178 2314 natorum
1197 2256 1396 2322 remissionem,
1414 2255 1438 2311 si
1452 2255 1571 2327 Spiritus
1584 2254 1672 2310 senati
1694 2253 1819 2326 gratiam,
1837 2254 1861 2309 si

207 2342 294 2397 modis
312 2341 456 2414 impeditur
476 2344 564 2400 oratio
584 2345 734 2416 peccatoris
761 2346 835 2403 :vel
854 2346 937 2416 nulla,
961 2343 1004 2400 rel
1056 2345 1184 2402 virtutem
1215 2355 1296 2417 atque
1322 2344 1491 2414 sapientiam,
1528 2343 1551 2397 si
1581 2341 1672 2409 iidem,
1708 2341 1859 2408 veritatem,

205 2429 287 2484 nimia
307 2431 378 2487 luue.
397 2431 477 2488 Nulla
501 2431 561 2488 luae
580 2432 727 2489 illustratur
746 2433 793 2505 qui
821 2443 929 2502 praecata
952 2451 1004 2491 sua
1054 2433 1195 2503 justitiam,
1210 2433 1398 2500 bumilitatem,
1413 2431 1579 2504 patientiam,
1609 2431 1859 2496 mansuetudinem,

204 2533 255 2575 neo
277 2518 358 2586 videt,
375 2535 426 2576 nee
450 2519 645 2578 confiteare
673 2523 812 2578 contrario
836 2521 919 2577 nimia
943 2523 1003 2578 luce
1058 2530 1085 2576 at
1112 2531 1209 2578 caetere
1232 2521 1380 2593 spiritualia
1409 2520 1571 2577 ebarismata
1600 2519 1754 2594 quaesierit,
1783 2527 1809 2576 st
1828 2535 1861 2576 ea

203 2606 337 2671 obruitur,
357 2607 405 2681 qui
424 2625 456 2666 es
470 2616 544 2665 tauta
558 2610 646 2675 videt,
663 2617 692 2664 ut
706 2611 740 2664 de
755 2608 923 2684 indulgentia
937 2608 1002 2666 des·
1057 2609 1202 2682 cogitando
1229 2611 1406 2668 vehementer
1430 2608 1609 2666 allectaverit:
1625 2607 1684 2664 ιιι
1711 2607 1859 2665 seeundum

204 2685 290 2766 peret.
305 2697 408 2753 llorutn
423 2704 520 2753 neuter
541 2705 610 2754 orat.
625 2698 698 2768 Quid
713 2699 801 2774 erga?
816 2699 1004 2772 'temperanda
1057 2701 1142 2756 Deum
1171 2705 1213 2756 est
1228 2699 1326 2766 oratio,
1352 2706 1378 2756 et
1401 2701 1460 2755 ιιι
1474 2711 1539 2754 rere
1568 2705 1685 2754 moretur
1704 2696 1802 2754 audiri.
1818 2695 1860 2754 De

202 2791 244 2839 est
258 2783 313 2852 lux,
329 2796 356 2842 ut
374 2796 485 2856 pennata
507 2803 555 2842 sua
580 2785 668 2844 videat
682 2800 810 2859 peccator
828 2794 856 2843 et
870 2787 1002 2844 eonfitea-
1058 2787 1213 2858 hujusmodi
1245 2787 1318 2843 euim
1345 2787 1513 2844 orationibus
1545 2785 1663 2860 loquitur
1695 2799 1743 2858 per
1764 2784 1858 2840 isaiam

203 2879 257 2940 tur,
275 2889 306 2930 ae
330 2888 378 2943 pro
398 2875 465 2947 ipsis
488 2883 559 2940 oret,
575 2887 602 2931 ut
626 2876 808 2933 remittantur.
827 2875 915 2934 Primo
936 2890 1003 2951 ergo
1055 2878 1144 2933 Deus:
1162 2877 1320 2950 Antequam
1330 2876 1464 2942 sument,
1474 2892 1523 2949 epo
1532 2874 1805 2944 euuudtum3udltue
1819 2875 1858 2930 tt·

204 2962 265 3033 eius
281 2962 368 3018 oratio
382 2962 461 3020 debet
479 2962 538 3020 lieri
552 2967 704 3022 tereeuudo
719 2965 830 3021 ellectu.
846 2965 902 3022 lloc
915 2971 1003 3021 ιιιιιι
1058 2969 1093 3024 lis
1109 2965 1283 3039 loquentibus
1307 2982 1354 3038 epo
1374 2965 1490 3023 audium
1510 2966 1574 3038 (lau.
1591 2979 1655 3032 ιιι,
1672 2964 1726 3033 stt.
1745 2963 1813 3020 Sunt
1831 2970 1859 3020 et

205 3049 243 3118 lit,
257 3065 319 3106 oum
334 3051 446 3108 neudum
466 3060 590 3122 peccator
612 3054 696 3110 audet
719 3069 767 3126 per
785 3053 905 3123 seipsum
924 3069 1003 3110 aece-
1059 3055 1119 3121 alia,
1132 3069 1194 3127 quae
1208 3071 1270 3111 eum
1284 3053 1394 3117 desunt,
1406 3068 1422 3108 tt
1433 3053 1490 3108 Deo
1504 3054 1613 3120 dantur,
1627 3061 1655 3108 et
1669 3059 1784 3123 possunt
1797 3065 1858 3108 osse

205 3139 268 3195 dere
280 3139 314 3193 ud
329 3139 428 3206 Deum,
444 3140 493 3196 sed
507 3140 605 3214 quaerit
618 3141 738 3212 aliquem
760 3151 882 3198 sanetum
897 3142 1005 3210 virum;
1021 3141 1043 3220 c
1061 3143 1102 3199 vel
1113 3157 1167 3199 uon
1180 3157 1240 3198 essa
1255 3141 1402 3197 seeundum
1413 3141 1510 3208 Deum,
1524 3146 1656 3212 quantum
1670 3140 1802 3194 duntaxat
1818 3138 1860 3193 in-

209 3226 326 3297 aliquem
348 3236 471 3286 sanetum
494 3245 638 3302 pauperem
657 3230 765 3301 spiritu,
780 3231 826 3302 qui
852 3230 887 3287 sit
909 3230 936 3285 iu
958 3246 1007 3286 ore
1062 3237 1142 3288 teresi
1156 3229 1217 3286 lunis
1230 3231 1263 3286 ad
1279 3245 1359 3303 quem
1370 3230 1539 3297 roleroutur3
1556 3237 1585 3285 ut
1599 3235 1642 3284 est
1652 3227 1774 3300 eorporis
1789 3228 1860 3283 sani-

209 3314 361 3370 restimenti
380 3315 488 3373 Domini
511 3325 636 3390 tanquam
663 3317 777 3386 fimbria,
794 3333 841 3388 par
863 3333 943 3390 quem
960 3319 1007 3374 ba·
1061 3325 1111 3385 tus,
1129 3319 1252 3389 pecunia,
1266 3327 1478 3389 oaetrrammque
1490 3333 1578 3373 rerum
1597 3314 1753 3371 ailluentia:
1784 3329 1858 3388 quae,

209 3405 269 3459 beat
291 3419 441 3461 aceessum.
466 3405 552 3477 llujus
574 3405 703 3462 orationis
728 3408 816 3465 tenuit
844 3414 938 3478 typum
961 3407 1006 3463 illa
1060 3410 1110 3463 etsi
1139 3423 1155 3462 e
1184 3406 1318 3482 Deosint,
1335 3414 1492 3462 nontamen
1517 3413 1579 3461 sunt
1594 3405 1686 3476 megui
1704 3403 1858 3477 pendenda,

208 3494 364 3565 evangeliea
382 3494 487 3564 mulier,
512 3511 573 3568 quse
597 3494 700 3552 lluxum
723 3495 865 3568 sanguinis
889 3495 1005 3567 petieba·
1061 3511 1111 3552 uec
1138 3511 1171 3552 ex
1195 3494 1330 3552 desiderio
1358 3494 1529 3566 possidenda.
1549 3493 1678 3552 Similiter
1697 3505 1725 3549 at
1748 3493 1776 3548 in
1800 3493 1859 3564 ipso

208 3591 269 3653 ιιι,
285 3581 399 3653 cupiens
412 3598 465 3652 que
480 3582 569 3638 sanari
589 3583 712 3650 accesit,
726 3592 752 3638 et
773 3584 842 3638 intra
857 3599 887 3640 se
902 3583 1006 3658 eogita-
1059 3600 1140 3657 quum
1162 3582 1238 3654 petit,
1254 3582 1334 3640 debet
1362 3582 1416 3640 duo
1444 3581 1629 3640 considerare:
1657 3579 1813 3645 bonitatem,
1834 3591 1858 3637 et

207 3669 246 3725 vit
261 3669 355 3727 dicens
380 3688 388 3726 t
413 3673 444 3729 Si
463 3673 580 3746 tetigero
594 3674 737 3743 fimbrium
755 3674 918 3732 vestimenti
932 3677 1004 3748 ejus,
1060 3674 1235 3743 majestatem.
1251 3672 1411 3740 bonitatem,
1424 3671 1572 3744 quagratis
1591 3669 1674 3732 velita
1691 3679 1717 3726 at
1731 3669 1859 3740 maiesta-

206 3760 286 3817 suluu
313 3774 361 3819 ero
380 3760 488 3822 (lluttls.
503 3775 547 3832 ιι,
561 3763 617 3832 tl).
634 3760 757 3817 Secunda
780 3762 866 3817 oratio
885 3761 915 3816 tit
939 3777 1006 3831 puro
1061 3769 1127 3830 tem,
1144 3779 1196 3834 qua
1207 3761 1287 3832 plane
1304 3757 1416 3818 lm
1430 3760 1515 3831 possit
1524 3761 1589 3817 dare
1604 3758 1731 3832 quidquid
1747 3758 1857 3831 petitur.

206 3847 306 3902 allecta
323 3866 330 3902 ι
346 3855 374 3903 ιι
388 3848 438 3904 boe
452 3847 482 3904 lit
496 3849 604 3920 quaudo
618 3849 722 3906 seilicet
744 3857 868 3920 patrator
887 3853 943 3920 jem
958 3867 1008 3924 per
1061 3852 1111 3907 Sed
1131 3859 1158 3906 et
1177 3851 1204 3905 io
1228 3849 1319 3921 seipso
1346 3849 1392 3922 qui
1407 3849 1482 3919 petit,
1505 3849 1585 3905 debet
1595 3847 1773 3903 nibilominus
1802 3847 1858 3903 dun

207 3935 329 4005 seipsum
356 3935 467 4002 secedit,
492 3947 517 3993 ιι
546 3953 591 3993 ιιι
621 3937 730 4010 proprio
757 3935 907 3996 oonlitetur.
936 3939 1007 3995 Talis
1061 3941 1211 4004 attendere,
1227 3937 1251 3994 id
1268 3949 1319 4003 est,
1330 3945 1360 3994 ut
1373 3953 1424 4010 pro
1448 3938 1504 3993 suis
1527 3937 1633 3994 meritis
1647 3938 1711 3993 nibil
1728 3947 1858 4010 aceeptu-

207 4021 338 4080 orationis
366 4025 472 4099 reliquit
501 4027 582 4084 nobis
604 4028 759 4097 exemplum
786 4028 832 4084 illa
862 4029 1006 4100 peoeatrix,
1062 4043 1122 4084 rum
1132 4035 1214 4099 putet,
1231 4027 1278 4082 sed
1289 4025 1577 4084 deDeimiseriuordia
1600 4031 1703 4082 tautum
1726 4024 1858 4099 quidquid

208 4130 269 4186 quta
284 4113 410 4188 lacrymis
425 4116 521 4182 rigatit
536 4119 617 4186 pedus
631 4117 749 4182 Domini,
764 4127 791 4173 et
814 4117 920 4189 capillis
934 4119 1007 4188 oapi·
1061 4116 1204 4189 rogaverit,
1233 4116 1439 4188 impetraturum
1455 4121 1554 4186 speret.
1576 4114 1653 4169 Tune
1666 4127 1732 4186 ergo
1759 4113 1859 4170 dieitur

208 4203 243 4258 tis
257 4205 297 4259 sui
321 4205 406 4270 tersit,
427 4205 461 4260 de
477 4221 530 4277 qua
543 4205 642 4263 dietum
659 4215 699 4262 est
714 4220 731 4261 a
745 4207 860 4263 Domino
876 4224 884 4260 :
901 4209 1006 4264 Remtt·
1062 4220 1110 4261 cot·
1135 4219 1242 4274 purum,
1263 4203 1371 4276 quando
1387 4203 1436 4258 tria
1461 4204 1519 4258 baeo
1531 4217 1593 4273 quae
1607 4199 1678 4255 diota
1692 4208 1767 4267 suut,
1783 4207 1810 4256 et
1823 4216 1858 4255 en

207 4295 311 4350 tumtur
324 4295 351 4350 ei
362 4296 481 4366 peecata
494 4295 597 4360 multu,
613 4295 749 4367 quonium
762 4295 866 4352 dilexit
880 4296 1007 4351 multum
1063 4295 1143 4349 ttthD
1158 4309 1213 4367 qno
1226 4294 1297 4350 dieta
1318 4299 1390 4357 sunt,
1406 4291 1516 4365 cogitat.
1534 4291 1565 4346 lit
1578 4288 1703 4363 quisquis
1716 4289 1767 4345 bae
1780 4287 1857 4360 puti-

206 4381 285 4448 (tuo.
300 4395 352 4448 ιιι,
368 4383 424 4454 tt).
440 4381 529 4437 Tertia
545 4381 631 4440 oratio
652 4381 800 4438 ellunditur
814 4384 905 4454 amplo
924 4382 1006 4440 allec·
1023 4419 1047 4496 Β
1064 4390 1116 4439 tutu
1136 4390 1163 4437 et
1178 4383 1324 4439 intentione
1348 4381 1437 4436 cordis
1449 4379 1578 4445 oraverit,
1592 4378 1717 4434 exauditi
1732 4393 1761 4432 se
1774 4377 1856 4441 seiat3
1940 4405 1943 4412 ·

207 4479 234 4524 tu
250 4487 257 4525 t
274 4477 303 4527 et
316 4475 367 4526 boe
388 4471 427 4536 lit,
442 4471 551 4542 qnando
571 4471 595 4526 is
614 4471 662 4543 qui
682 4485 731 4541 pro
749 4487 777 4526 se
799 4483 932 4538 susurrat,
948 4481 1006 4527 orat
1063 4471 1136 4542 quia,
1156 4472 1225 4526 sieut
1240 4478 1350 4526 testatur
1363 4470 1459 4526 Petrus
1478 4468 1637 4540 apostolus:
1656 4469 1716 4524 lton
1730 4471 1773 4524 est
1789 4483 1856 4539 per-

203 4558 259 4629 jam
281 4573 329 4630 pro
347 4557 416 4614 aliis.
433 4559 479 4614 Sio
504 4568 649 4615 oraverunt
669 4559 792 4630 Apostoli
820 4575 869 4630 pro
894 4561 1006 4617 muliere
1061 4577 1195 4619 sonorum
1204 4565 1334 4633 acceptor
1348 4558 1758 4630 oeusseusoomatpootequt
1772 4556 1855 4612 limet

206 4647 357 4702 Chananaea
371 4662 422 4718 pro
436 4645 491 4702 lilia
504 4663 553 4702 sua
568 4655 683 4720 rogante
699 4664 706 4704 :
723 4649 853 4715 Dimitte,
871 4649 1004 4719 inquiunt,
1060 4651 1149 4706 Deum
1159 4652 1187 4706 et
1204 4648 1503 4720 opetuturjustittum,
1518 4650 1650 4718 ueoeptus
1662 4648 1705 4702 est
1720 4643 1766 4700 t'ltt
1780 4642 1854 4716 (tet.

207 4736 300 4806 ittam,
315 4736 383 4808 quio
396 4737 504 4793 cuntot
515 4740 579 4810 post
594 4753 646 4794 uos
660 4735 772 4806 (llattla.
783 4753 828 4802 xv,
839 4737 895 4808 23).
905 4737 1006 4806 Quarta
1062 4755 1088 4807 x,
1108 4739 1154 4802 st,
1170 4737 1226 4806 35),

207 4823 293 4880 oratio
308 4824 439 4881 emittitur
459 4825 557 4882 deuota
576 4825 685 4896 elireto,
701 4841 762 4898 quae
776 4827 810 4882 de
829 4826 919 4882 cordis
932 4826 1006 4898 puri·
1342 4824 1457 4881 stutto
1475 4823 1565 4882 ctlttt.

208 4919 261 4968 tate
286 4912 343 4968 sine
368 4912 425 4969 ulla
452 4913 618 4970 hesitatione
637 4930 698 4970 eum
727 4914 874 4989 gratiarum
899 4916 1006 4971 actione
1187 4915 1225 4972 De
1237 4913 1388 4986 spirituali
1397 4914 1559 4972 minutione
1573 4928 1730 4986 suopututs.

207 5003 384 5073 depromitur.
403 5003 494 5059 Talem
517 5003 665 5059 orationem
686 5003 748 5060 tao-tt
775 5003 834 5075 ipse
856 5003 1003 5071 Dominus,
1091 5003 1225 5062 blinueudi
1253 5004 1394 5077 sanguinis
1421 5002 1522 5076 duplex
1544 5009 1586 5060 est
1600 5017 1690 5058 musa.
1720 5003 1858 5058 Interdum

206 5089 316 5162 qnando
342 5090 549 5161 quatriduanum
570 5095 603 5147 de
622 5099 797 5148 montrmento
816 5092 944 5148 [ιιιιιιιι
963 5109 1006 5149 re·
1062 5093 1187 5165 qualitas,
1200 5091 1338 5148 interdum
1354 5091 1488 5165 quantitas
1507 5093 1604 5150 obeat:
1620 5105 1672 5148 nee
1684 5090 1775 5146 minus
1794 5101 1858 5161 per·

207 5168 355 5246 suscitarit,
371 5189 399 5236 et
411 5178 449 5234 ait
464 5200 470 5236 ε
487 5181 583 5250 Pater,
599 5183 708 5253 pretias
723 5197 773 5254 opo
788 5181 851 5246 titt,
866 5182 934 5254 quio
954 5199 1007 5239 uu·
1060 5180 1167 5240 uitiosa
1194 5175 1373 5239 immoderrita
1387 5181 1562 5250 abundantia,
1588 5196 1669 5253 quam
1705 5179 1857 5250 surruptiu.

207 5267 498 5340 intimationem,
516 5271 572 5339 ιι).
587 5269 667 5326 Tales
686 5268 824 5326 orationes
846 5269 939 5326 docuit
957 5285 1007 5328 nos
1059 5269 1177 5344 Sanguis
1198 5269 1295 5325 animae
1315 5285 1393 5336 mee,
1409 5271 1532 5328 uoluntas
1547 5285 1620 5328 mea.
1643 5268 1751 5324 Nuturae
1771 5265 1857 5339 siqui-

207 5356 357 5426 bpostolus
372 5357 460 5413 lasere
475 5357 636 5427 trequentes,
651 5357 744 5414 disens
760 5375 767 5412 ε
783 5359 849 5417 Siue
863 5361 1007 5418 intumuis-
1060 5360 1120 5414 dem
1130 5366 1323 5431 coguatusproe
1336 5359 1442 5414 eaeteris
1458 5357 1619 5414 humoribus
1627 5355 1740 5429 sanguis
1750 5355 1858 5422 dieitur,

207 5445 427 5514 stemmatum
436 5445 565 5505 omutttu
573 5447 683 5520 protiur
692 5449 768 5519 opitu
779 5449 806 5517 (l
822 5449 911 5506 Tuus.
921 5464 948 5515 v,
960 5450 1004 5516 t'l,
1060 5456 1087 5504 ιι
1096 5447 1193 5505 animae
1207 5445 1263 5503 vita
1277 5447 1304 5502 in
1318 5448 1455 5504 voluntate
1470 5456 1521 5504 est.
1542 5445 1677 5503 ttinaatur
1698 5457 1763 5519 ergo
1778 5459 1859 5515 prata

208 5533 264 5606 ιιι).
281 5533 334 5590 llas
347 5549 408 5606 quae
422 5533 500 5591 diotae
515 5543 577 5592 sunt
589 5544 708 5610 quatuor
721 5538 873 5592 οιιιιοιιιι
887 5538 1004 5609 speeies,
1060 5538 1194 5604 solanus,
1208 5551 1269 5609 quae
1283 5537 1371 5595 morbi
1386 5551 1470 5594 eauss
1488 5543 1529 5592 est
1543 5533 1698 5607 spiritualis.
1714 5533 1858 5603 illudatur,

207 5622 235 5678 id
262 5629 313 5690 est,
343 5624 535 5697 verecundum,
564 5640 678 5698 pamm,
707 5625 840 5699 amplam,
869 5627 1004 5695 devotam,
1061 5627 1169 5698 inquam
1196 5627 1260 5682 dum
1296 5625 1406 5698 penitus
1430 5623 1572 5681 exhauriri
1595 5622 1780 5690 exstoearina
1803 5637 1858 5678 nou

208 5719 344 5782 nuncupat
361 5713 506 5783 Apostolus
531 5712 592 5770 aliis
610 5712 776 5784 nominibus,
791 5723 820 5772 et
838 5715 871 5771 ad
893 5723 939 5772 eas
954 5705 1005 5772 nos
1058 5722 1155 5786 potest.
1173 5713 1333 5773 Seiuadatur
1353 5721 1382 5771 et
1408 5713 1545 5786 aperiatur
1559 5725 1628 5768 vena
1641 5709 1714 5767 terro
1728 5723 1858 5782 oompan-
