3996 6350
262 417 315 480 ¹³5
726 415 757 474 S.
774 413 943 476 saeuum
960 414 1098 476 tetttts
1114 406 1428 473 demittentes.
1879 399 1937 460 135

262 541 290 596 in
301 539 427 610 idipsum.
441 539 476 592 Δι
490 537 563 594 torte
579 536 720 594 criminari
733 538 807 596 rotet
827 538 1018 609 ἱιιειιιοιειι,
1033 549 1060 596 ει
1075 553 1100 634 Α
1115 535 1270 610 promisso,
1280 532 1423 590 evidenter
1432 529 1512 586 nobis
1524 541 1656 586 comam
1668 523 1828 584 labricarel
1838 521 1937 597 [αἰίιι

261 631 289 685 ιι
303 643 338 684 ea
350 635 426 699 parte
440 625 607 683 alumniam
622 635 728 684 struere
743 627 955 698 machinabitur,
969 629 997 684 in
1007 643 1062 701 qua
1115 624 1252 696 labricetl.

261 732 313 772 nee
334 715 459 782 fratrum,
491 731 545 772 nec
568 715 655 786 ipsius
676 717 763 788 patris
787 717 973 772 testimonium
996 717 1062 772 satis
1151 718 1180 769 3:
1193 714 1290 770 lerito
1302 727 1369 767 sane
1383 711 1449 766 dnm
1466 705 1671 765 circumciditur
1684 704 1761 760 Puer
1775 699 1831 776 qni
1846 707 1936 756 natue

260 804 359 861 efficax
374 805 511 860 rideatur.
535 805 658 860 Necesse
673 814 714 861 est
736 821 803 879 ergo
827 815 856 860 ut
876 807 904 860 in
919 808 970 862 bac
984 813 1062 878 parte
1115 811 1157 858 est
1170 803 1258 869 nobis,
1284 801 1407 857 Salvator
1426 806 1554 864 rocatnr;
1571 795 1646 868 quod
1667 791 1806 850 videlicet
1823 806 1861 847 ex
1877 791 1934 846 boc

260 893 496 964 opituletnrnobis
510 894 588 948 testis
601 893 737 962 internus,
753 894 799 965 qui
815 895 904 969 magis
918 910 966 951 cor
980 911 1061 966 quam
1114 893 1171 961 jam
1185 891 1298 962 coperit
1313 886 1420 960 operari
1434 887 1550 941 salutem
1559 891 1692 952 ιοιιιιιι,
1709 878 1934 936 immwulilttm

261 982 361 1038 lacem
376 982 497 1037 intuetur
511 1000 520 1035 :
535 997 551 1036 a
565 996 620 1054 quo
635 998 702 1037 sane
717 991 745 1037 et
765 982 952 1054 incipiendum
966 991 1018 1048 est,
1034 989 1063 1036 ut
1116 981 1192 1034 illum
1202 995 1251 1050 pro
1259 979 1339 1034 nobis
1349 976 1511 1049 sanguinem
1522 973 1652 1028 fundens.
1663 971 1768 1044 Neque
1779 966 1866 1024 enim
1874 965 1932 1035 iffi

264 1086 321 1126 non
340 1070 417 1142 prius
427 1071 575 1143 quidquam
590 1070 760 1140 concipiatur
774 1070 801 1124 in
818 1071 920 1138 animo,
932 1088 1015 1143 quam
1028 1072 1064 1126 ab
1116 1054 1931 1142 quaerereesthrist'nnis,currolneritl)ominnsChristus

263 1175 299 1215 eo
313 1159 411 1214 salutis
429 1175 530 1214 nomen
544 1159 692 1230 acceperit.
713 1159 763 1215 tbi
785 1174 851 1214 rero
874 1159 986 1231 inopus
1000 1174 1065 1230 pro-
1117 1157 1285 1214 eircumcidi.
1301 1156 1415 1226 Propter
1436 1155 1489 1209 boc
1511 1151 1648 1224 siquidem
1666 1145 1867 1206 circumcisus
1879 1151 1929 1200 est.

1972 1125 1974 1250 l

263 1247 380 1303 cesserit
399 1249 583 1314 manifestum,
599 1247 710 1318 expedit
723 1249 781 1316 jam
796 1247 935 1302 exteriora
953 1263 1064 1318 quoque
1118 1234 1813 1321 propterquodnatus,propterqnodpassus.ffibil
1827 1235 1931 1288 honum
1973 1257 1974 1276 ι

263 1337 317 1391 sibi
332 1337 487 1391 testimonia
501 1335 659 1402 conciliare,
675 1334 746 1390 sicut
760 1333 797 1389 ait
809 1335 957 1405 Apostolus
971 1352 980 1390 :
994 1337 1064 1390 Pro-
1117 1345 1229 1408 propter
1238 1347 1283 1402 se,
1300 1334 1348 1388 sed
1363 1333 1454 1389 omnia
1469 1337 1583 1401 propter
1595 1326 1710 1383 electos.
1725 1326 1791 1382 Nee
1814 1323 1849 1378 in
1869 1335 1930 1392 pst·

265 1424 393 1482 uidentes
405 1424 475 1480 bono
490 1441 548 1480 non
568 1428 681 1478 tontum
702 1439 799 1479 norom
813 1425 881 1488 Deo,
904 1423 953 1479 sed
975 1425 1064 1478 cunm
1118 1433 1179 1481 cato
1192 1424 1312 1498 genitus,
1332 1435 1415 1477 neca
1431 1427 1546 1491 peccato
1558 1415 1750 1483 dmumoisus,
1768 1427 1831 1468 uec
1852 1425 1929 1465 mor-

262 1527 358 1570 uorum
374 1513 532 1569 horninibus
546 1512 586 1582 (ll
597 1513 660 1567 Cor,
675 1527 736 1580 rur,
752 1511 810 1582 tl).
1118 1522 1182 1568 tuns
1197 1522 1240 1569 est
1252 1528 1303 1585 pro
1317 1519 1430 1582 peccato
1453 1524 1513 1576 suo,
1529 1507 1618 1578 magis
1631 1512 1724 1561 autem
1739 1509 1869 1575 propter
1882 1499 1930 1554 de·

451 1629 456 1636 ¹
581 1598 697 1655 SERUO
717 1599 752 1654 Π.
1117 1603 1297 1658 ticunosra.
1320 1600 1396 1669 Quod
1414 1603 1545 1655 uocatam
1569 1599 1622 1658 est,
1643 1593 1745 1666 inquit,
1761 1591 1803 1648 nb
1825 1589 1929 1661 nnoels

436 1691 475 1744 De
489 1690 577 1744 ιιηῑι
593 1688 697 1744 Cbrt'slt
712 1688 888 1745 nominituo.
1117 1693 1287 1764 priusquam
1314 1691 1347 1744 itt
1372 1691 1453 1744 atero
1478 1686 1687 1756 oonclpmlar·
1712 1680 1862 1736 leum
1887 1683 1928 1732 δῖ

300 1781 327 1832 ι.
339 1780 493 1850 Postquam
507 1779 703 1834 consummati
714 1777 854 1833 auntdtca
874 1781 949 1844 octo,
963 1781 998 1832 ιιι
1012 1779 1066 1834 cir·
1119 1777 1213 1851 plane,
1222 1793 1278 1833 non
1293 1775 1450 1846 impositum
1462 1793 1471 1828 ι
1485 1787 1587 1842 nempe
1602 1771 1656 1826 boe
1668 1769 1695 1825 ei
1709 1783 1822 1825 ιοιιει
1838 1773 1883 1821 est
1897 1765 1930 1820 ab

271 1869 484 1925 cumcideretur
498 1868 583 1931 Puer,
598 1871 728 1921 nocetum
742 1872 788 1922 cat
801 1882 904 1921 ιιιιιιι
915 1869 976 1937 ejus
988 1868 1068 1922 testu
1082 1885 1105 1963 Β
1120 1875 1234 1922 aeterno.
1244 1867 1372 1921 enatura
1382 1863 1496 1934 propria
1507 1861 1590 1916 baba
1603 1865 1635 1914 ut
1645 1859 1682 1914 sit
1692 1857 1841 1926 Salvator3
1852 1854 1932 1909 inna-

265 1957 345 2013 (lac.
365 1972 398 2024 ιι,
413 1958 472 2025 tl).
488 1955 532 2010 Ab
554 1953 632 2009 initio
654 1955 731 2009 Deus
753 1954 866 2010 modum
884 1962 1020 2025 acceptat,
1039 1963 1068 2009 et
1121 1965 1179 2010 turn
1192 1963 1235 2010 est
1248 1954 1275 2010 ei
1287 1969 1389 2009 nomen
1403 1954 1466 2020 boe,
1481 1965 1536 2006 non
1559 1949 1676 2004 inditum
1690 1947 1726 2003 ab
1740 1943 1929 2002 humanust

266 2045 333 2098 nibil
356 2061 478 2117 nuquam
504 2043 715 2098 imnsoderatum
739 2042 777 2098 illi
808 2041 911 2114 placuit
934 2042 1067 2114 equitati.
1121 2043 1246 2115 angelica
1259 2049 1395 2098 ereatura.

265 2131 337 2188 ffinc
350 2132 400 2187 luit
414 2133 487 2204 qnod
502 2146 558 2186 non
577 2131 660 2188 modo
674 2131 703 2185 in
716 2133 840 2202 pondere
857 2140 886 2186 et
896 2147 1027 2187 mensura
1039 2139 1069 2188 et
1158 2135 1186 2187 t.
1201 2131 1255 2186 Sed
1264 2130 1330 2203 quid
1340 2129 1467 2196 dicimus,
1477 2126 1551 2200 qnod
1567 2125 1698 2197 egregius
1712 2123 1761 2180 ille
1776 2123 1930 2194 propbeta,

265 2236 383 2276 numero
396 2220 518 2276 condidit
535 2219 674 2288 universa,
689 2220 740 2275 sed
759 2229 787 2275 et
803 2219 930 2291 protinus
949 2219 1002 2292 ipsi
1016 2221 1069 2275 bo-
1123 2222 1196 2278 hunc
1209 2221 1299 2291 ipsum
1311 2235 1427 2290 pnertun
1445 2217 1538 2271 multis
1555 2213 1714 2269 nominibus
1729 2210 1932 2283 appellandmn

263 2310 332 2366 mini
354 2311 466 2365 modum
488 2310 668 2382 praescripsit,
692 2310 852 2365 mandatum
880 2309 1004 2378 contulit,
1024 2309 1070 2364 di·
1123 2310 1182 2366 iore
1196 2307 1357 2380 praedicens,
1372 2307 1426 2362 boc
1439 2321 1524 2360 unum
1533 2303 1653 2358 tacuisse
1664 2299 1871 2373 rideturqnod
1884 2313 1930 2353 so-

264 2413 332 2455 cens
347 2417 354 2454 :
368 2401 498 2456 inomni
508 2401 585 2470 liquo
592 2399 725 2470 peradisi
734 2398 916 2462 comedendo
930 2398 1006 2470 la'qeo
1019 2415 1070 2454 na·
1122 2397 1228 2466 lumtut
1240 2393 1402 2468 prunonuit
1417 2394 1543 2466 angelus,
1563 2397 1592 2446 et
1605 2397 1721 2446 testatur
1736 2386 1932 2459 evangelista)

264 2486 530 2541 temacieutioeboni
535 2490 564 2541 et
570 2485 645 2540 ntuli
653 2487 908 2554 moecenatem.
919 2501 950 2552 ιι,
959 2487 1067 2554 ¹⁶ssss-
1123 2491 1255 2543 nocotnm
1265 2490 1306 2542 est
1316 2499 1417 2541 nomm
1429 2482 1512 2554 ejas?
1525 2478 1679 2534 Exsultarit
1691 2477 1794 2544 lsaias,
1812 2485 1847 2532 ut
1860 2475 1931 2532 ride

264 2572 447 2628 &nselmum
457 2572 539 2644 plane
552 2573 766 2642 mandatumst
777 2573 855 2646 targa
864 2573 978 2629 omnino
986 2589 1070 2629 men·
1124 2583 1167 2632 ret
1180 2575 1256 2630 diem
1268 2575 1360 2636 bunc,
1374 2579 1403 2628 et
1416 2572 1493 2638 ridit,
1509 2577 1538 2626 et
1551 2569 1677 2643 gavisus
1691 2576 1746 2624 est.
1758 2565 1895 2638 Denique
1907 2575 1931 2620 et

263 2661 344 2716 ml
360 2661 416 2716 Sed
437 2668 628 2734 transgressus
641 2670 685 2716 est
703 2662 787 2717 bomo
802 2661 993 2732 prescriptum
1017 2661 1071 2716 sibi
1124 2664 1290 2736 loquebatur
1302 2660 1520 2735 gntutabundus
1545 2667 1573 2714 et
1594 2657 1711 2713 laudatas
1725 2657 1824 2712 Deum
1842 2655 1932 2712 :eser

263 2749 389 2818 nandum,
404 2756 433 2803 et
452 2749 633 2804 constitutum
647 2748 700 2803 sibi
720 2749 868 2803 terminum
886 2759 1071 2822 praetergres-
1126 2759 1214 2810 nutes
1224 2757 1267 2809 est
1282 2753 1371 2815 nobis,
1390 2751 1469 2819 liliata
1478 2749 1563 2804 dotas
1576 2747 1718 2811 ωιιιιῠίι,
1734 2749 1766 2801 et
1775 2746 1880 2815 [notata
1893 2745 1931 2794 etl

264 2853 324 2892 ιιι.
338 2837 418 2892 Unde
431 2843 459 2891 et
472 2845 603 2893 avertens
615 2838 653 2890 ab
666 2851 702 2891 eo
724 2836 823 2891 laniem
837 2853 916 2892 suam
930 2838 1016 2906 Dens,
1027 2837 1072 2893 rix
1125 2843 1310 2914 principatus
1321 2855 1408 2911 anper
1417 2837 1569 2893 banorum
1580 2838 1657 2906 ejulo·
1670 2839 1701 2891 et
1711 2833 1871 2890 mentitur
1883 2844 1930 2883 eo·

266 2924 380 2979 tandem
395 2922 423 2978 iu
436 2923 536 2978 diebus
551 2921 633 2980 m
652 2923 770 2978 sbrahae
783 2923 864 2979 amici
873 2923 916 2979 sni
929 2923 1073 2994 placabilis
1126 2945 1194 2984 meu
1208 2929 1270 2998 ejus
1283 2925 1474 2991 Adnuit-obitis,
1499 2924 1699 2984 Gmsitiort'as,
1715 2921 1811 2982 Deua.
1834 2917 1931 2978 Fortis.

266 3010 329 3067 fieri
346 3010 493 3082 incipiens,
508 3028 604 3066 rursus
619 3011 734 3066 modum
748 3011 874 3080 instituit,
889 3012 1074 3084 promulgavit
1127 3019 1214 3072 Potor
1223 3015 1319 3087 saturi
1327 3014 1436 3076 aneoli,
1451 3015 1585 3083 Princeps
1593 3011 1673 3084 pacis
1687 3009 1756 3079 (lan.
1773 3023 1818 3074 ιι,
1828 3009 1871 3070 θ).
1882 3003 1935 3058 ΙΙ·

267 3100 372 3173 ιεςειι,
398 3102 525 3156 sednon
546 3099 631 3171 priori
660 3098 779 3155 similem
804 3115 1014 3172 usquequaque.
1036 3105 1075 3160 lia
1128 3119 1183 3176 gne
1206 3101 1319 3176 quidem
1331 3101 1458 3173 nomina;
1481 3099 1532 3156 sed
1552 3099 1600 3154 ubi
1622 3107 1785 3154 estnomen
1802 3093 1934 3166 quodest

267 3186 405 3260 ιὶᾳιιιειι
419 3188 453 3244 ad
472 3190 610 3244 cautelam
624 3187 724 3256 tuerat,
741 3189 801 3244 heo
815 3188 852 3242 ad
866 3185 1021 3256 medelam,
1037 3187 1075 3242 ibi
1089 3223 1114 3302 c
1129 3204 1425 3262 superumnenomen,
1440 3201 1543 3244 nomen
1554 3187 1631 3256 lesu,
1646 3186 1674 3240 in
1684 3199 1743 3257 qno
1757 3197 1850 3239 omne
1862 3195 1934 3252 fena

267 3275 418 3348 prohibitio
445 3275 529 3344 beta,
553 3292 589 3332 ne
619 3277 796 3348 superfluitas
823 3277 1010 3348 subintraret;
1030 3276 1076 3332 bio
1128 3278 1272 3336 beentur?
1285 3279 1367 3335 Forte
1380 3279 1409 3334 in
1423 3276 1602 3334 bisomuibus
1614 3291 1701 3331 unum
1712 3271 1783 3328 illud
1793 3265 1933 3336 invenies

266 3364 325 3434 iam
346 3363 451 3420 indicta
472 3363 608 3422 abscissio
629 3374 683 3432 est,
706 3373 736 3420 ut
756 3365 925 3421 &rumenti
939 3364 1074 3433 remedio,
1130 3367 1181 3424 sed
1202 3383 1364 3438 expressum
1388 3365 1590 3438 quodammodo
1611 3371 1640 3420 et
1662 3362 1799 3418 effusum.
1827 3361 1935 3429 Nempe

268 3467 332 3524 que
345 3451 563 3522 subintrarent,
584 3452 742 3518 tolleretur;
759 3463 899 3525 postremo
908 3453 954 3508 illa
964 3452 1076 3524 quidem
1129 3455 1220 3528 ἰριιιιι
1234 3463 1277 3511 est
1289 3454 1326 3511 de
1334 3469 1389 3528 quo
1397 3453 1538 3526 spemin
1549 3451 1662 3508 Cantico
1671 3449 1778 3506 amoris
1794 3465 1805 3503 t
1825 3448 1936 3516 oleum,

269 3539 299 3595 iu
322 3542 424 3597 arbore
444 3542 509 3596 data
526 3549 570 3595 est
587 3539 643 3610 lex,
658 3556 693 3596 ue
709 3541 798 3597 lmctu
812 3545 874 3612 ejus
895 3547 1073 3607 vesceretur,
1130 3544 1371 3617 iuquit,cs1'osum
1383 3529 1487 3603 nomeu
1501 3547 1587 3600 tuam
1600 3541 1725 3613 (Cende.
1740 3553 1763 3609 r,
1778 3539 1824 3608 a).

269 3626 332 3684 bae
345 3629 374 3683 in
388 3629 500 3701 proprio
519 3643 648 3699 corpore,
662 3637 692 3684 ut
711 3643 776 3684 caro
789 3630 916 3702 preputii
931 3629 1076 3686 scindere-
1166 3638 1194 3690 5.
1208 3633 1300 3688 llabes
1313 3646 1380 3702 ergo
1395 3647 1480 3688 unum
1494 3630 1523 3686 in
1537 3630 1580 3686 bis
1593 3629 1722 3686 omnibns
1735 3623 1937 3700 appellationi·

275 3723 330 3770 tur.
349 3716 408 3772 b'ee
421 3715 535 3771 dubium
549 3731 616 3772 sane
634 3716 702 3788 quin
720 3725 820 3772 mera
834 3733 946 3790 qnoque
964 3717 1077 3772 humani
1130 3722 1184 3777 bus
1197 3722 1304 3789 tasum
1323 3735 1376 3778 nee
1394 3721 1508 3777 omnino
1521 3727 1569 3775 aut
1582 3719 1674 3776 vocati
1690 3725 1791 3790 posset
1811 3723 1864 3772 aut
1880 3729 1937 3771 ease

270 3803 401 3877 eorporis
428 3806 553 3862 membra
582 3804 801 3861 additamentum
827 3805 894 3860 illud
927 3804 1077 3862 Leriatban
1130 3809 1265 3880 Sdntor,
1290 3810 1314 3866 si
1333 3810 1403 3866 torte
1420 3807 1561 3882 quidpiam
1575 3808 1673 3864 borum
1693 3804 1850 3864 defuisset.
1870 3804 1938 3859 Nou

269 3903 430 3967 occuparet,
466 3910 604 3952 venenum
644 3893 750 3952 scilieet
781 3893 1022 3967 concupiscentie,
1049 3900 1080 3950 et
1131 3899 1198 3972 qnid
1220 3914 1275 3955 non
1294 3913 1359 3956 vere
1370 3897 1561 3954 admirabilem
1574 3912 1640 3952 eum
1654 3893 1757 3968 singuli
1772 3909 1883 3950 manus
1896 3905 1938 3948 ea·

270 3982 461 4041 immoderate
476 3991 561 4057 atque
583 3981 745 4040 inordinatae
768 3980 900 4037 illecebra
917 3978 1076 4052 uoluptatis,
1131 3987 1214 4059 perti,
1228 3987 1258 4042 in
1279 3985 1429 4042 mutatione
1446 3986 1540 4059 utique
1558 3986 1730 4042 voluntatum
1751 3979 1940 4038 nostraruml

270 4074 453 4144 utgeneralia
468 4073 597 4147 ιιιιιιι
619 4070 755 4128 abscissio
770 4070 902 4127 omnibus
920 4068 1079 4125 necessarie
1131 4076 1190 4132 tine
1202 4090 1304 4146 nempe
1317 4082 1360 4130 est
1382 4072 1541 4132 sdrationis
1553 4080 1657 4130 nostrae
1669 4071 1862 4147 principium,
1874 4065 1940 4127 ἰιι

271 4162 425 4218 rideretur.
1132 4161 1279 4233 incipimus
1292 4178 1423 4233 respuere
1437 4162 1510 4235 qnod
1524 4159 1718 4235 diligebamus,
1743 4159 1851 4218 dolere
1872 4156 1941 4214 nade

307 4250 493 4318 zeelem,
507 4247 572 4320 quia
584 4247 756 4323 singulorum
768 4245 961 4302 membrorum
969 4244 1080 4300 abscis-
1132 4250 1302 4318 laetabamur,
1320 4249 1450 4322 amplecti
1471 4250 1546 4324 quod
1559 4249 1736 4320 timebamtas,
1759 4248 1852 4321 sequi
1871 4244 1941 4320 quud

274 4337 382 4393 eonem
395 4338 524 4392 buum
541 4335 634 4391 ΜΒ
647 4334 791 4409 tragditas,
805 4341 834 4388 et
847 4331 980 4387 neumis
991 4331 1080 4387 aetans
1133 4338 1316 4412 fugiebamus,
1329 4346 1425 4412 optare
1438 4339 1512 4413 quod
1524 4340 1785 4398 contemnebamus.
1806 4337 1942 4393 Admin-

275 4425 420 4482 infirmitas
427 4423 586 4482 nullatenus
595 4423 757 4492 sustineret,
767 4421 814 4493 pio
821 4420 1011 4477 moderamine
1024 4420 1081 4476 dis-
1134 4427 1197 4482 bilis
1209 4426 1290 4498 plane
1304 4427 1351 4500 qui
1368 4429 1427 4484 bec
1440 4437 1570 4500 operatur
1592 4426 1738 4485 mirabilia
1754 4426 1816 4484 Seu
1837 4425 1941 4482 nibilo-

275 4515 512 4587 positiosnperna
534 4511 654 4583 pruridit
671 4511 745 4567 utin
763 4509 984 4583 eapotissimum
1001 4516 1268 4632 pattenminuset
1287 4516 1692 4575 consiliarinmsoseeabibeat
1711 4529 1839 4574 maesse
1856 4514 1942 4574 estin

276 4601 500 4676 eoncupiscentia
509 4601 691 4675 castigaretur
705 4599 733 4655 in
743 4615 798 4672 qna
810 4598 1005 4656 rebementins
1017 4614 1081 4656 eam
1134 4604 1269 4664 electione
1291 4604 1459 4677 paenitentiae
1480 4606 1584 4664 etrite
1601 4603 1788 4675 odinatione,
1814 4619 1860 4661 ne
1878 4603 1941 4662 loett

276 4691 375 4748 sarire
384 4691 567 4747 constablei
580 4688 729 4748 violentius
740 4687 892 4762 mellenti·
907 4689 939 4744 ln
951 4687 1028 4746 omni
1041 4688 1080 4744 si·
1135 4695 1170 4752 sit
1184 4694 1263 4753 nobis
1285 4692 1368 4752 191
1380 4695 1485 4768 absque
1504 4694 1619 4752 seientia
1636 4693 1722 4764 aelus,
1744 4700 1777 4750 et
1800 4691 1940 4750 ιοΙιιιιιῐ

277 4781 390 4854 quidem
409 4779 660 4838 contradicentimn
680 4777 789 4850 spiritui
818 4777 971 4836 rebellione
992 4794 1082 4835 mem·
1134 4781 1215 4838 bonae
1227 4781 1373 4852 prudentia
1384 4780 1469 4838 desit.
1484 4782 1556 4838 Sane
1568 4796 1639 4853 opus
1653 4789 1697 4838 est
1711 4787 1743 4837 nt
1756 4780 1858 4838 Deum
1876 4795 1940 4855 qno·

276 4869 402 4938 brorum,
415 4868 505 4926 solum
528 4868 595 4925 illud
614 4867 791 4941 usqueadeo
809 4877 958 4923 contumax
971 4866 1082 4922 inrem-
1135 4885 1190 4942 que
1202 4869 1361 4940 probemus,
1375 4868 1404 4926 in
1417 4868 1579 4926 remissione
1592 4868 1722 4926 videlicet
1742 4868 1883 4941 priorum
1897 4869 1942 4924 de·

278 4967 334 5026 ιιι,
353 4965 384 5013 ιι
397 4967 494 5015 ωιιη
507 4971 620 5015 omnem
633 4953 785 5013 voluntatis
807 4953 1035 5011 deliberationem
1047 4953 1083 5008 ad
1134 4958 1261 5015 lictorum
1277 4973 1284 5012 ι
1299 4959 1363 5031 qnia
1384 4973 1437 5015 nec
1456 4957 1516 5014 sine
1537 4959 1589 5016 bac
1611 4959 1686 5014 salus
1701 4958 1786 5016 nobis
1807 4969 1941 5018 cuman

279 5047 439 5105 inbuncstoa
457 5055 485 5102 ot
507 5046 617 5102 ilicitoa
637 5051 732 5102 motus
751 5051 886 5116 assurgat.
911 5045 982 5098 Nam
1009 5041 1083 5115 qnod
1135 5053 1237 5118 potest,
1251 5051 1280 5102 et
1292 5053 1472 5118 nemopotest
1489 5046 1628 5104 dimittere
1645 5055 1773 5120 peccata,
1790 5047 1854 5105 nisi
1873 5047 1944 5106 solus

279 5137 340 5194 baro
360 5133 534 5193 circumcisio
546 5141 644 5192 oetan
666 5133 713 5190 die
736 5131 831 5201 tiebat,
847 5148 925 5204 spem
939 5146 1084 5188 commen-
1136 5135 1221 5190 Deus.
1237 5134 1338 5191 Verum
1352 5151 1387 5191 ne
1400 5134 1429 5190 id
1442 5134 1554 5208 quidem
1571 5135 1673 5193 sufficit
1684 5136 1722 5193 ad
1735 5136 1881 5210 ιιιιιιειι,
1897 5135 1943 5193 nis'

278 5225 361 5280 dabat
374 5222 454 5296 regni
467 5219 601 5292 celestis,
624 5222 700 5295 qnod
714 5219 845 5278 videlicet
860 5220 1025 5293 adprimnm
1039 5235 1085 5277 re·
1137 5222 1236 5279 todem
1260 5237 1370 5296 qnoque
1392 5223 1567 5296 experiamur
1580 5223 1610 5281 in
1634 5226 1828 5301 expugnando
1853 5227 1945 5300 impo-

279 5313 366 5368 lleaus
378 5311 488 5368 dierum
509 5311 631 5368 circulus
650 5311 786 5384 praeferre
804 5311 951 5383 quamdam
973 5323 1084 5366 corouae
1136 5319 1328 5384 ιιιιιειιοις
1344 5315 1429 5370 neab
1446 5313 1552 5371 eisdem
1571 5331 1681 5372 rursiam
1701 5315 1945 5389 concupiscentiis

279 5400 402 5472 speeiem
414 5400 565 5458 eductu.
576 5401 647 5457 llinc
656 5409 700 5458 cst
713 5400 787 5474 quod
796 5407 893 5458 ochra
910 5399 1084 5474 potissimum
1138 5417 1310 5474 superemur,
1325 5408 1353 5458 et
1366 5401 1433 5458 bant
1446 5403 1595 5460 mrissima
1607 5413 1703 5461 nostra
1721 5407 1827 5477 peiora
1840 5403 1945 5480 priori·

280 5485 341 5542 dies
359 5495 424 5560 post
443 5489 633 5546 solemndates
653 5488 808 5562 precipuas
825 5488 993 5557 celebratam
1013 5485 1084 5544 etin
1137 5489 1199 5546 bus
1215 5491 1366 5550 videturne
1377 5494 1436 5563 jam
1453 5492 1555 5566 aliquid
1570 5493 1669 5552 deesse
1682 5493 1947 5555 Salvatoritl’latte

278 5589 408 5636 mue
423 5577 544 5646 Domini,
555 5577 654 5650 primae
667 5577 831 5635 beatitudini
845 5577 990 5650 copulatur
1002 5582 1082 5634 octa·
1137 5578 1250 5636 deesset
1262 5581 1336 5652 quod
1354 5579 1505 5637 munuum
1520 5589 1573 5652 es,
1596 5581 1650 5640 nisi
1669 5591 1700 5640 et
1712 5591 1796 5656 pater
1809 5593 1896 5643 easet
1908 5583 1945 5639 fn·

279 5679 314 5726 ra
328 5665 476 5736 (Uottbr,
490 5671 517 5738 ³,
535 5665 1085 5740 ld),utetelsstisreguidemnmiterata
1138 5665 1193 5726 turi
1207 5667 1310 5739 secoli,
1334 5674 1504 5740 utperaum
1527 5669 1682 5728 audientia
1701 5671 1945 5734 immortalitatem

1975 2467 1977 2600 l
