4150 6348
165 465 219 529 165
672 465 707 530 ΙΝ
726 461 828 528 insto
848 462 978 528 omtlbtt
991 461 1187 530 stlorotttttt
1203 465 1312 536 ,stulto
1327 471 1349 532 l.
1771 477 1824 552 ιιι

164 599 206 648 est
219 605 304 666 super
318 606 369 650 eos
383 593 477 650 lumen
491 593 582 650 unitus
606 591 742 651 Dominioi
757 613 765 650 r
781 601 809 652 et
831 593 894 652 lieet
908 611 963 654 non
981 607 1004 687 Α
1021 607 1084 651 eum
1102 591 1215 652 1⁰80
1228 597 1304 654 uoltu
1317 612 1377 657 sno.
1389 601 1506 670 Interim,
1521 604 1642 678 inqnem,
1659 612 1822 668 conuertun-

165 680 294 753 plenem,
316 681 418 740 babent
442 689 532 739 temen
555 683 676 740 laetitiam
701 684 812 740 multam
836 685 865 743 in
888 693 970 752 corde
1027 684 1178 742 turanimae
1201 684 1299 744 ittein
1318 688 1436 760 requiem
1455 705 1541 759 snam,
1557 693 1643 752 donec
1656 695 1747 753 venne
1761 698 1821 755 dies

164 783 225 838 suo,
242 769 331 827 donec
348 771 440 827 reniet
457 770 518 828 dies
539 771 596 838 ille,
612 787 665 844 qna
677 772 800 845 implebit
815 789 863 832 eos
877 777 973 841 laetitie
1026 789 1080 846 qna
1095 773 1207 832 introire
1226 782 1380 834 mercentur
1398 777 1425 834 in
1440 780 1563 852 requiem
1590 781 1709 841 Domini.
1723 787 1821 847 Adbuc

165 883 223 932 tum
237 893 269 934 ex
284 893 408 934 sermone
421 879 447 947 ι,
462 895 539 934 nom.
555 881 581 946 ³,
597 880 643 936 ubi
659 879 696 936 eit
709 883 863 950 unimus,eb
879 888 974 948 bento·
1026 881 1136 936 omnino
1154 882 1327 938 determinata
1342 891 1393 950 est,
1413 884 1466 940 nisi
1492 886 1565 958 quod
1587 888 1730 944 concilium
1754 893 1816 950 Flo·

167 965 229 1004 rum
243 965 315 1005 nnnc
335 951 421 1005 solam
438 951 612 1022 conspicuam
627 967 685 1007 esse
702 953 800 1009 Christi
815 959 970 1016 numantia.
1026 951 1170 1019 rentinnm,
1186 969 1247 1010 cnm
1258 955 1322 1010 dicit
1339 963 1492 1012 sanctornm
1506 959 1612 1013 animas
1628 961 1745 1028 perlecto
1766 962 1818 1021 lrui

152 1027 235 1088 tem,
258 1036 313 1078 non
337 1022 423 1090 ipsam
448 1022 627 1078 diuinitatem.
650 1024 729 1079 Pium
753 1027 889 1094 ejusmodi
913 1035 971 1090 loen
1025 1022 1161 1096 felicitate,
1176 1025 1428 1096 perfectioritnmen
1443 1027 1571 1084 irnituras
1589 1044 1652 1083 cunt
1674 1031 1730 1084 sois
1754 1049 1816 1088 cor-

167 1099 312 1148 oecurrent
335 1091 363 1145 in
377 1093 526 1157 bernardo,
541 1095 641 1166 quibus
655 1111 750 1150 corum
765 1096 873 1156 videtur
887 1119 969 1160 ecce·
1025 1095 1147 1166 poribus,
1175 1104 1315 1167 limitum
1350 1097 1555 1166 resurrexerint
1580 1099 1666 1154 videti
1692 1101 1817 1171 cuiquam

167 1161 234 1216 dere
257 1162 405 1227 sententie,
431 1165 477 1235 qni
501 1166 599 1219 docent
622 1166 726 1221 animas
747 1168 881 1236 justorum
906 1182 970 1246 post
1044 1168 1111 1222 ossii
1129 1168 1162 1223 ad
1177 1170 1318 1251 Augustini
1332 1169 1491 1224 sententium
1506 1169 1660 1227 deilectere.
1687 1171 1818 1242 Quamvis

166 1233 237 1288 bano
252 1233 342 1300 uitem,
360 1241 422 1289 unte
441 1236 599 1308 generalem
619 1252 765 1308 corporum
790 1246 969 1301 ressurrectio.
1024 1181 1075 1292 Ono
1097 1237 1141 1292 alii
1163 1247 1263 1294 rectius
1290 1256 1344 1298 non
1376 1240 1409 1296 de
1437 1241 1582 1310 intentiori,
1605 1242 1652 1296 sed
1673 1244 1821 1300 extensiori

168 1319 230 1360 nem
251 1313 278 1358 ιι
301 1318 452 1360 ιιιιιιιιιιιιι
465 1307 608 1376 jndicirnn,
633 1323 688 1364 non
710 1310 814 1365 admitti
837 1314 871 1368 ad
894 1316 968 1372 ittam
1022 1308 1589 1383 beatitudinepotentesseintelligendnm,
1606 1320 1717 1384 propter
1730 1314 1817 1370 besti·

169 1374 361 1458 beatitudinem
375 1393 435 1458 qoae
448 1377 477 1432 in
491 1378 541 1432 liei
562 1376 667 1436 visione
680 1381 824 1448 consistit;
850 1389 898 1440 sed
922 1388 967 1444 in·
1022 1379 1140 1436 tudinem
1157 1382 1290 1452 wimiis,
1305 1398 1367 1455 (ι1ιὲ
1385 1384 1419 1438 id
1442 1384 1558 1455 priorem
1578 1384 1674 1440 iflimae
1702 1385 1817 1442 hialim·

168 1445 247 1501 terim
261 1462 364 1502 uersert
388 1465 417 1502 ιιι
437 1449 552 1520 quodam
572 1449 698 1506 felicitate
718 1449 887 1524 imperfecta,
905 1475 967 1530 quae
1023 1449 1113 1506 dinem
1128 1451 1247 1507 accedet.

165 1515 289 1572 dolorem
317 1518 431 1589 quidem
454 1534 561 1574 omnem
585 1521 757 1594 excluderet,
781 1523 964 1600 refrigerium,
1056 1521 1156 1576 Eodem
1171 1523 1253 1579 modo
1266 1524 1348 1580 ttrbt
1362 1523 1390 1581 S.
1406 1525 1534 1588 Bernttdi
1549 1525 1727 1598 intelligenda
1741 1537 1816 1588 sunt.

165 1587 294 1658 quietem,
309 1588 409 1654 lucem,
426 1590 553 1664 gaudium
569 1599 720 1662 prestaret,
736 1596 857 1651 nondum
872 1611 966 1655 rumen
1020 1591 1135 1648 Tantum
1151 1593 1223 1648 enim
1237 1602 1318 1668 negat
1335 1595 1438 1652 enimes
1460 1606 1613 1653 sanctorum
1629 1607 1681 1653 tam
1698 1599 1817 1670 perfecte

164 1674 256 1714 earum
285 1660 452 1716 desiderium
478 1661 606 1728 expleret.
632 1664 689 1719 lloc
717 1663 844 1721 docuisse
872 1667 966 1726 ierunt
1019 1662 1197 1719 nuntiidtte
1213 1666 1406 1736 Dromonem
1423 1666 1589 1727 risnraesint
1615 1670 1731 1740 fictitiis
1754 1686 1815 1727 00?-

163 1729 299 1788 Joannem
310 1731 389 1788 XXll
407 1731 571 1802 pontificem,
587 1744 615 1791 et
634 1733 832 1792 Parisiensibus
853 1739 964 1798 theoto·
1020 1733 1142 1804 poribus.
1172 1736 1239 1790 Nam
1262 1737 1316 1792 boo
1335 1752 1397 1792 eum
1412 1738 1512 1793 sentire
1536 1741 1650 1808 probant
1666 1739 1717 1796 ists
1730 1743 1816 1796 uerba

165 1801 211 1875 gis
225 1800 299 1857 idem
322 1803 462 1858 mandasse
486 1805 651 1860 docendum.
667 1805 744 1870 Huic,
762 1808 884 1879 inquam,
899 1812 963 1884 opi·
1020 1819 1103 1862 serm.
1119 1808 1135 1861 3
1150 1805 1184 1860 de
1199 1805 1332 1862 Omnibus
1348 1810 1458 1876 sanctis,
1473 1808 1572 1878 quibus
1595 1811 1636 1866 sic
1649 1825 1754 1867 earnem
1770 1813 1814 1867 nl-

166 1871 243 1926 nioni
269 1872 375 1931 uidetur
396 1873 488 1930 lavere
511 1877 663 1931 bernardus
681 1877 866 1947 compluribus
885 1883 962 1952 locis,
1019 1875 1154 1946 loquitur:
1182 1894 1195 1928 ι
1218 1876 1323 1932 Animae
1337 1887 1472 1935 sanolaete
1494 1879 1665 1937 desiderant:
1695 1882 1819 1953 ipsarum'

165 1941 266 2013 quibus
296 1944 342 1999 bic
373 1944 452 2001 simul
485 1954 512 2002 et
538 1946 619 2002 semel
651 1947 801 2004 antidotum
832 1950 965 2010 adhibet-0
1018 1945 1076 2001 sine
1092 1955 1116 2003 te
1132 1947 1375 2021 complementis,
1396 1948 1489 2019 perfici
1512 1950 1608 2022 glorie,
1633 1955 1815 2010 consummari

165 2029 221 2074 non
236 2016 285 2070 ebs
300 2031 330 2072 re
353 2016 442 2072 inerit.
463 2018 540 2087 Nam,
556 2025 655 2090 praeter
669 2020 750 2075 verbe
765 2020 855 2091 citata,
872 2039 966 2082 rursus
1019 2016 1156 2076 beatitudo
1175 2033 1232 2074 110⁰
1257 2026 1353 2090 potest.
1372 2022 1449 2076 Adeo
1467 2021 1599 2093 siquidem
1629 2022 1703 2093 'littei
1726 2023 1753 2080 in
1781 2025 1814 2080 iis

165 2089 282 2142 serm.3
308 2087 343 2142 de
362 2087 495 2144 Omnibus
512 2089 621 2156 sanctis,
647 2096 702 2146 tres
725 2090 789 2146 lacit
812 2093 964 2152 animarum
1019 2089 1180 2146 desiderium
1208 2089 1262 2147 hoc
1285 2093 1415 2164 naturale,
1441 2099 1471 2146 ut
1498 2092 1613 2148 necdum
1636 2100 1690 2147 tots
1717 2109 1810 2150 earum

166 2168 320 2212 sanctarum
337 2159 587 2228 statius:primum,
603 2160 629 2215 io
645 2175 760 2233 corpore
776 2165 963 2238 corruptibiii;
1019 2159 1128 2216 ιΠθιῑίῠ
1154 2159 1238 2216 libere
1262 2169 1358 2233 pergat
1388 2163 1417 2218 in
1435 2163 1535 2226 Deum.
1565 2164 1611 2217 sed
1642 2165 1814 2222 contrahatur

167 2230 325 2297 secundum,
350 2230 409 2286 sine
432 2246 565 2299 corpore;
594 2231 720 2299 tertium,
745 2233 773 2288 in
800 2235 966 2294 beatitudine
1017 2232 1225 2356 quodammodo,
1242 2243 1269 2288 et
1283 2247 1377 2304 rugam
1394 2233 1483 2303 faciet,
1504 2233 1568 2289 dum
1582 2232 1726 2288 inclinatur
1740 2235 1814 2291 desi·

167 2309 364 2356 comsummata
380 2319 387 2358 :
402 2301 530 2374 primum,
547 2304 574 2357 in
587 2304 769 2359 tabernaculis
781 2323 789 2372 ;
803 2309 962 2379 secundum,
1037 2303 1094 2357 erio
1110 2302 1158 2358 tui.
1174 2319 1187 2354 ι
1205 2303 1236 2358 Et
1249 2317 1331 2358 serm.
1344 2305 1378 2358 et
1392 2304 1426 2360 de
1440 2303 1548 2359 Diuers.
1567 2319 1574 2357 ι
1595 2306 1640 2362 ιιι
1655 2305 1780 2374 perfecte,
1797 2325 1810 2361 ι

167 2357 304 2442 inatri1s3
328 2372 447 2440 tertium,
469 2373 498 2428 in
526 2374 607 2429 domo
630 2373 690 2439 Dei,
706 2375 733 2430 in
756 2391 836 2448 qnam
854 2377 964 2435 domum
1019 2372 1116 2444 inquit,
1141 2393 1154 2423 ι
1184 2374 1408 2445 contemplatione
1434 2374 1580 2431 diuinitatis
1615 2377 1813 2446 quodammodo

164 2448 250 2510 negat
276 2457 322 2498 ees
344 2443 404 2500 sine
428 2444 589 2515 corporibus
609 2444 761 2502 intraturas.
786 2447 819 2502 Et
839 2463 922 2504 serm.
947 2450 965 2505 ι
1018 2446 1197 2508 retardentur,
1213 2444 1277 2500 dom
1291 2443 1379 2501 adhue
1393 2447 1618 2502 resurrectionem
1633 2445 1676 2503 sui
1690 2446 1813 2520 corporis

163 2510 229 2566 dicit
242 2511 346 2569 animas
364 2523 517 2588 martyrum
539 2531 600 2571 esse
623 2517 674 2571 sub
694 2515 782 2584 altari,
798 2519 863 2590 quie
877 2519 963 2575 solnm
1018 2514 1046 2570 itt
1061 2513 1114 2568 fine
1129 2515 1222 2570 taetuli
1237 2515 1462 2586 praestolantur.»

163 2581 257 2637 uident
279 2583 375 2640 coristi
394 2587 609 2654 humanitatem
628 2593 689 2657 post
708 2601 854 2660 corporum
875 2601 965 2646 autem
1054 2585 1260 2641 stolternardns
1273 2585 1419 2658 Augustini
1434 2587 1596 2643 sententiam
1621 2588 1648 2643 in
1674 2603 1706 2644 et
1724 2603 1753 2644 re
1767 2605 1812 2645 se·

163 2655 392 2712 resurrectionem
412 2656 569 2712 eraltandes
593 2672 653 2713 esse
677 2673 757 2729 super
779 2658 863 2715 altere
877 2662 911 2717 ad
926 2662 965 2718 vi·
1017 2665 1203 2727 cuiusquam
1224 2658 1388 2729 etseqnitnr
1419 2657 1449 2714 S.
1475 2660 1568 2715 Tbom.
1591 2659 1739 2716 lionauent.
1762 2661 1812 2716 lii-

37 2775 58 2789 ,
162 2723 285 2780 dendnm
309 2728 371 2796 ejus
385 2727 564 2783 diuinitatem.
584 2727 683 2783 Similis
698 2729 827 2788 locnsest
841 2747 965 2790 sermone
1016 2727 1109 2782 third·
1130 2736 1158 2782 tit
1180 2727 1279 2784 Marsi!-
1300 2727 1451 2784 scribentes
1477 2729 1505 2784 itt
1533 2729 1597 2786 diti·
1627 2733 1671 2796 49,
1695 2730 1713 2785 4
1740 2740 1811 2789 tent.

162 2795 181 2850 6
195 2795 223 2850 in
239 2796 416 2854 Dedicatione
429 2798 569 2864 Ecclesiae,
586 2807 614 2854 et
627 2798 700 2854 elibi.
1016 2799 1132 2854 Tametsi
1144 2798 1174 2854 S.
1189 2799 1305 2855 Thomas
1318 2799 1478 2854 sententium
1498 2807 1592 2870 postes
1606 2803 1726 2857 mutarit.
1741 2803 1811 2858 Nam

197 2866 285 2922 Porro
304 2869 454 2924 communis
479 2876 633 2924 sanctornm
654 2871 762 2924 Petrum
787 2878 815 2928 et
833 2872 963 2930 Ecclesiae
1018 2872 1044 2926 1.
1065 2871 1131 2940 Qu,
1150 2871 1178 2933 1,
1193 2878 1244 2924 att·
1259 2871 1286 2933 5.
1301 2879 1394 2941 aperte
1404 2868 1491 2939 docet,
1506 2871 1578 2941 quod
1594 2881 1733 2939 resumpto
1747 2885 1811 2929 cor-

161 2935 304 2992 doctornm
328 2940 460 2994 sententia
473 2947 524 3007 est,
545 2941 651 2996 animas
666 2942 785 3011 priorum
800 2945 962 3016 corporibus
1017 2955 1082 3012 pore
1096 2939 1237 2996 beatitudo
1259 2941 1356 2996 animae
1383 2949 1488 2998 crescet
1509 2956 1564 2996 non
1591 2941 1734 3014 intensive,
1762 2945 1812 3000 sed

163 3007 269 3062 solutas
284 3022 338 3063 non
354 3012 435 3065 modo
453 3012 508 3080 jem
534 3011 605 3066 coelo
630 3021 750 3080 receptas
772 3028 844 3079 esse,
860 3023 961 3070 etcum
1016 3011 1164 3068 extensive.

161 3078 304 3135 cbristor
340 3095 416 3145 nere,
431 3081 479 3137 sed
501 3081 658 3164 simpliciter
679 3083 772 3138 beatus
786 3099 855 3151 esse,
871 3095 897 3140 at
911 3085 962 3141 Dei
1052 3082 1187 3138 Caeterum
1204 3080 1316 3138 dentato
1334 3081 1488 3138 animarum
1502 3089 1653 3141 sanctarum
1666 3092 1729 3156 post
1743 3085 1812 3144 bono

161 3155 312 3221 conspectu
339 3151 389 3208 rui.
402 3153 439 3208 De
454 3153 597 3218 Augustini
613 3153 684 3209 circa
698 3154 767 3209 benc
782 3155 961 3226 quaestionem
976 3168 999 3248 g
1014 3152 1106 3220 uitam,
1127 3161 1220 3209 censet
1239 3152 1325 3224 primo
1335 3154 1488 3210 bernardus
1501 3171 1548 3210 eas
1561 3171 1622 3211 asse
1635 3156 1662 3210 in
1683 3157 1764 3222 coelo,
1781 3167 1811 3212 ut

161 3221 293 3276 sententia
303 3223 377 3278 uarie
390 3230 511 3280 censent.
528 3224 649 3296 Suntqui
660 3232 756 3294 potent
766 3225 840 3281 illum
850 3226 885 3282 de
899 3229 959 3284 loco
1016 3225 1090 3297 clare
1114 3229 1225 3280 testatur
1238 3223 1322 3280 uariis
1340 3225 1366 3279 in
1386 3225 1464 3292 locis,
1493 3224 1609 3280 maxime
1636 3243 1716 3284 sarm.
1735 3229 1752 3282 1
1775 3230 1810 3283 de

161 3291 313 3348 animarum
331 3295 466 3363 justarum
488 3295 598 3350 haesisse
621 3296 777 3366 ancipitem,
796 3309 884 3352 ntrnm
902 3301 958 3366 jam
1016 3294 1149 3352 Omnibus
1160 3295 1270 3360 sanctis,
1282 3295 1327 3350 ubi
1341 3295 1492 3367 distigttens
1507 3297 1576 3352 inter
1589 3297 1677 3352 sinnm
1692 3297 1810 3354 Abrnlrae
1841 3305 1849 3316 ¹

160 3363 191 3418 in
206 3364 277 3420 eoelo
291 3365 344 3420 sint
357 3381 390 3418 an
405 3365 476 3420 aiibi.
493 3364 551 3421 Lib.
567 3367 600 3420 dc
622 3381 686 3423 cure
707 3383 756 3436 pro
780 3371 896 3424 mortuis
910 3386 960 3444 ge·
1015 3375 1042 3426 et
1056 3366 1363 3430 animarumbeatarnm,
1380 3366 1443 3423 dicit
1459 3385 1472 3418 ι
1488 3367 1561 3422 ilium
1576 3367 1658 3424 luisse
1680 3369 1708 3424 in
1733 3381 1809 3425 tetre·

160 3435 260 3505 rende,
274 3451 333 3507 cap.
349 3439 376 3500 e,
393 3437 481 3492 Encb.
501 3453 562 3509 cap.
578 3440 641 3502 tos,
656 3437 703 3492 lib.
726 3453 775 3496 ιιι.
793 3439 832 3494 [ιι
847 3440 961 3497 Ciuitate
1014 3440 1080 3503 bris,
1096 3438 1169 3493 bunc
1183 3438 1209 3492 in
1223 3438 1283 3493 luce
1297 3439 1396 3505 multu,
1411 3439 1441 3494 in
1451 3438 1557 3494 inierno
1571 3438 1658 3503 illum,
1678 3439 1758 3496 istum
1780 3441 1809 3495 in

160 3503 223 3574 Dei,
239 3521 300 3578 cap.
317 3511 343 3574 9,
369 3514 397 3562 ιι
416 3507 490 3576 alibi,
515 3507 618 3564 animas
637 3509 774 3579 justorum
795 3510 910 3568 collocat
932 3512 961 3566 in
1014 3509 1094 3568 coelo.
1109 3529 1120 3558 ι
1137 3507 1272 3575 Secundo,
1289 3509 1447 3577 ‹recepisse
1454 3509 1509 3578 jem
1524 3511 1607 3565 stolas
1619 3510 1750 3582 singulus,
1760 3511 1807 3566 sed

160 3577 277 3634 occultis
291 3577 410 3644 sedibus,
425 3578 454 3634 in
478 3582 589 3646 secretis
609 3588 636 3636 et
658 3579 755 3635 abditis
774 3583 959 3652 receptaculis.
1014 3581 1134 3638 nondum
1154 3578 1285 3650 duplices,
1304 3600 1314 3628 ι
1330 3595 1410 3635 serm.
1441 3582 1457 3635 3
1482 3580 1514 3634 de
1537 3581 1669 3638 Omnibus
1696 3582 1805 3662 sanctis,

160 3647 252 3702 Tract.
269 3649 303 3703 ts
325 3649 353 3704 in
374 3649 517 3720 ioannem,
532 3650 603 3706 inter
616 3666 650 3705 ea
668 3666 729 3723 quae
743 3653 876 3724 promissa
895 3654 960 3726 illis,
1014 3651 1060 3709 obi
1080 3649 1218 3718 explicans
1244 3651 1339 3706 stolam
1363 3659 1516 3722 utrumqne,
1541 3673 1552 3702 ι
1570 3652 1656 3723 Stols,
1672 3671 1684 3703 ι
1711 3654 1807 3722 inquit,

158 3725 189 3772 et
203 3718 324 3774 nondum
343 3720 475 3792 praestita,
500 3727 623 3777 numerat
645 3721 724 3779 uitem
748 3734 876 3778 aeteroem
898 3741 960 3781 cum
1015 3721 1144 3795 «prima,
1158 3720 1217 3793 ipsa
1235 3729 1276 3776 est
1290 3737 1371 3789 quam
1389 3722 1516 3788 diximus,
1531 3722 1645 3779 felicitas
1661 3731 1687 3778 ιι
1700 3725 1808 3795 requies

157 3789 276 3863 angelis,
301 3798 328 3847 et
352 3792 399 3846 lib.
425 3811 433 3848 ι
457 3793 588 3858 ιιιιιιιι.,
611 3807 672 3866 cap.
698 3794 733 3847 ti
773 3794 841 3850 dicit
864 3797 960 3852 merito
1014 3797 1192 3850 animarum:
1212 3793 1330 3848 secunde
1352 3808 1428 3860 uero,
1453 3792 1639 3852 immortalitas
1666 3802 1694 3849 et
1721 3795 1810 3868 gioria

158 3861 245 3932 qnaeri
264 3861 298 3916 de
320 3863 420 3919 sanctis
444 3863 599 3919 bominibus
620 3863 676 3933 jam
700 3837 844 3932 defunctis,
869 3873 960 3938 utrum
1013 3879 1167 3936 corporum.
1190 3862 1308 3918 »Tertio
1327 3863 1453 3936 deniqne,
1476 3865 1549 3936 quod
1576 3867 1657 3920 etiam
1685 3865 1809 3925 irusntor

158 3929 212 4014 ipsi
230 3931 327 3989 saltem
340 3933 448 3991 dicendi
463 3935 516 3990 sint
529 3938 585 4005 jem
600 3933 627 3990 in
646 3935 691 3990 iila
709 3935 883 4006 possessione
898 3952 960 3993 con-
1012 3936 1116 3994 visione
1130 3931 1230 4001 diuino,
1246 3933 1312 3989 satis
1326 3943 1417 4004 aperte
1432 3935 1509 3990 stiam
1534 3936 1631 4005 promit
1645 3937 1807 3992 sententiam

158 4003 307 4066 sisterem
323 4019 378 4075 qne
399 4016 506 4062 sanctos
525 4006 640 4079 angelos
659 4021 717 4061 esse
741 4007 958 4065 nondubitntur.
1012 4005 1134 4064 uariisin
1155 4004 1232 4059 loeis.
1248 4002 1318 4058 Nem
1346 4005 1393 4060 lib.
1423 4006 1463 4060 Oe
1478 4003 1619 4077 diligendo
1648 4009 1713 4077 Deo,
1734 4007 1807 4063 cirea

160 4071 230 4128 Vide
243 4073 342 4130 similia
356 4077 427 4144 apud
437 4078 574 4133 eumdem.
585 4077 631 4133 lib.
643 4091 681 4132 ιιι
694 4076 729 4133 de
742 4077 843 4134 Genesi
851 4079 883 4134 ad
895 4078 958 4148 titt,
1014 4077 1093 4134 finem
1109 4074 1175 4131 dicit
1194 4091 1201 4129 :
1230 4095 1243 4127 ι
1264 4075 1397 4148 llertyres
1422 4076 1565 4133 immersos
1592 4093 1652 4134 esse
1675 4079 1810 4134 immenso

158 4159 221 4226 cap.
236 4147 280 4201 ab.
295 4147 364 4202 ltem
371 4147 398 4202 in
413 4150 483 4220 psnl.
494 4163 576 4204 xxrut
591 4166 597 4205 :
616 4148 694 4203 «Post
702 4149 777 4224 *banc
790 4148 882 4216 vitam,
897 4170 908 4201 tt
921 4151 960 4206 in·

158 4226 229 4284 qntt,
244 4237 255 4266 ι
271 4218 513 4274 nondumerisnbi
529 4218 713 4290 ernntsnncti,
727 4220 826 4291 quibus
836 4221 960 4290 dicetur;

163 4287 269 4351 Vertite,
285 4287 435 4355 benedicti,
449 4311 459 4340 ι
472 4298 525 4346 ιιι.
542 4290 607 4346 llide
621 4290 701 4363 epist.
719 4295 767 4346 ttt
783 4291 817 4346 ad
833 4290 956 4363 Fortun.;

157 4357 250 4414 Tract.
267 4361 300 4414 53
315 4367 342 4416 et
365 4363 413 4415 ttt
437 4361 464 4417 in
485 4362 634 4430 Jonnnem3
649 4364 748 4433 Eupos.
763 4363 832 4434 psal.
849 4379 956 4433 iuuuu;

157 4443 245 4485 serm.
261 4433 273 4484 l
290 4446 369 4502 super
382 4431 454 4504 psal.
472 4447 572 4496 xcu111;
588 4432 633 4491 lib.
649 4434 688 4488 De
703 4433 798 4503 spiritu
814 4440 839 4488 ιι
853 4435 953 4501 ιιιιιιι,

154 4502 956 4644 itt..iiilltleeittttltttltttulit*

194 4641 294 4698 Verum
309 4658 363 4698 non
377 4645 411 4700 de
425 4645 657 4716 loco,sedpotiue
671 4646 705 4701 de
719 4653 787 4701 stato
802 4647 955 4703 animorum
1006 4647 1064 4718 ism
1094 4642 1225 4701 meruisse
1251 4641 1384 4700 introd'ooi
1408 4645 1436 4700 in
1460 4646 1560 4701 Sancte
1583 4653 1746 4712 sanctornm,
1761 4648 1809 4702 ubi
1916 4708 1918 4714 ,

1013 4151 1111 4222 pelago
1121 4144 1214 4203 eeterni
1228 4146 1349 4212 luminis,
1364 4157 1393 4204 et
1410 4147 1552 4204 luminosae
1566 4149 1737 4205 aeternitatis.
1750 4167 1763 4200 ι
1776 4149 1808 4204 Et

1013 4237 1028 4276 e
1049 4221 1132 4277 istola
1145 4218 1179 4273 nd
1201 4216 1298 4275 iratres
1323 4218 1357 4275 de
1382 4218 1509 4274 Hibernia
1536 4218 1624 4275 dicit:
1651 4241 1663 4269 ι
1681 4219 1809 4276 Animam

1041 4291 1215 4347 alacbiaenon
1233 4291 1287 4358 iarn
1310 4289 1337 4344 in
1361 4287 1414 4344 lide
1427 4289 1576 4359 ambulare,
1597 4289 1644 4346 sed
1670 4290 1698 4347 in
1719 4292 1810 4362 specie

1020 4376 1145 4436 regnare.
1162 4360 1219 4415 »Bt
1233 4374 1357 4416 sermone
1366 4362 1400 4415 de
1415 4362 1520 4430 eodem,
1530 4360 1592 4417 dicit
1607 4379 1614 4417 r
1641 4382 1651 4412 ι
1669 4365 1740 4418 Eum
1749 4363 1808 4434 pari

1010 4434 1097 4506 glorio
1109 4439 1136 4487 ct
1149 4430 1277 4486 lelicitnte
1294 4447 1408 4502 regnare
1438 4449 1499 4488 cnm
1524 4431 1636 4503 angelis.
1654 4451 1666 4486 ι
1684 4433 1769 4489 Serm.
1791 4438 1806 4490 3

1011 4504 1093 4562 indie
1109 4501 1269 4571 Palmnrnm,
1285 4520 1360 4562 unm.
1375 4505 1495 4570 5,serm.
1513 4506 1525 4557 l
1543 4503 1707 4570 Pentecost,
1723 4521 1805 4561 serm.

1009 4576 1074 4634 ide
1089 4577 1202 4630 decens.
1216 4592 1223 4644 ;
1238 4574 1303 4628 item
1315 4590 1397 4630 sarm.
1413 4579 1429 4630 6
1450 4577 1477 4629 in
1499 4573 1578 4630 Cant.
1598 4573 1662 4629 dicit
1675 4577 1807 4647 quosdam

155 4713 298 4782 ambigere
311 4715 504 4786 Angtustinum,
520 4716 656 4773 studiosus
677 4717 738 4786 eius
757 4716 840 4772 lector
861 4718 955 4775 adver·
1010 4718 1120 4774 uideant
1143 4715 1240 4770 faciem
1263 4717 1366 4780 stantis,
1382 4715 1409 4770 id
1429 4727 1471 4771 est
1484 4715 1636 4772 claritatem
1654 4717 1805 4773 incommu-

156 4787 206 4842 tet.
224 4783 313 4867 Sensit
326 4787 373 4859 qui
391 4789 545 4912 peanimas
566 4799 718 4868 sanctornm
736 4788 830 4844 uidere
847 4787 957 4861 quidem

156 4853 246 4910 Deum
262 4855 363 4914 iacree
401 4871 502 4929 aorem,
512 4858 560 4914 sed
576 4874 630 4915 non
641 4865 676 4913 tta
685 4858 804 4931 periente
820 4859 958 4933 quomodo

56 4935 66 4952 ‘
154 4925 287 4982 videbunt
296 4934 357 5000 post
371 4930 593 4985 resurrectionem
604 4949 613 4998 ;
625 4929 706 5001 idque
719 4937 875 5002 propterea,
887 4929 959 5004 qnod

156 4997 287 5054 naturalis
301 5015 394 5055 earnm
408 4997 553 5082 appetitus,
565 5016 619 5072 quo
631 4999 753 5056 feruntur
768 5017 832 5071 erge
847 5018 958 5073 corpus,

157 5077 190 5124 nt
203 5068 228 5124 ei
252 5084 360 5125 tursum
384 5078 512 5127 uniantur
533 5072 677 5145 ipsumque
701 5072 896 5140 administrent,
915 5089 959 5129 re·

158 5149 281 5196 moretur
303 5157 360 5212 ees,
377 5141 524 5214 quominus
547 5152 605 5200 tota
624 5144 774 5198 intentione
797 5144 917 5200 ferentur
932 5145 959 5199 in

154 5210 255 5280 Deum,
276 5219 303 5268 et
319 5213 432 5283 proinde
450 5215 567 5271 nondum
587 5214 759 5286 pervenerint
774 5215 808 5272 ad
823 5213 959 5286 aeqnnlita-

157 5289 214 5338 tem
229 5285 398 5356 angelornm,
413 5286 459 5357 qui
473 5286 547 5340 nutto
571 5286 767 5354 impedimento
788 5287 960 5342 retardentur

157 5353 307 5424 quominus
334 5357 382 5412 toti
397 5355 518 5412 serentur
540 5355 678 5412 inlisum.
694 5357 750 5413 lloo
764 5357 855 5429 ipsum
869 5363 959 5412 tamen

156 5439 213 5480 noo
229 5425 266 5482 ite
287 5425 373 5483 sensit
394 5426 575 5501 Augustinus,
593 5437 624 5484 ut
636 5429 664 5485 id
687 5436 821 5499 procerte
836 5429 958 5484 baberet.

154 5495 240 5561 Nem,
255 5495 315 5556 lieet
329 5498 378 5554 lib.
401 5513 460 5555 uxtt
485 5499 518 5555 de
532 5498 635 5555 Genesi
652 5498 686 5556 ad
707 5497 757 5554 litt.
777 5499 805 5555 id
825 5496 959 5556 offirmare

156 5565 299 5640 uideatur,
320 5577 438 5626 attamen
460 5578 564 5638 postea,
578 5569 626 5625 lib.
651 5586 661 5626 1
684 5569 815 5639 sermon,
835 5585 895 5641 oap.
913 5571 956 5636 tt,

157 5636 297 5714 significat
310 5655 340 5696 se
363 5641 452 5716 edbno
466 5639 599 5698 dubitare.
620 5639 687 5710 Qnoe
728 5641 820 5697 uldam
834 5641 957 5716 questio,

157 5725 194 5766 nn
204 5704 336 5768 uidelicet
347 5713 445 5770 animm
459 5711 599 5770 beatorum
609 5711 647 5769 ita
660 5727 695 5786 pe
722 5721 779 5770 ecte
793 5713 879 5770 Deum
889 5729 959 5770 nunc

155 5781 338 5855 tiricastro
366 5791 429 5856 post
449 5783 683 5856 resurrectionem,
709 5784 825 5843 necdum
851 5784 958 5857 quidem

1013 4788 1100 4846 labilis
1114 4785 1176 4842 Dei.
1191 4783 1294 4841 Similia
1307 4787 1429 4856 quedam
1451 4787 1610 4859 generaliter
1638 4787 1673 4844 de
1700 4796 1807 4846 sancto-

1013 4875 1074 4916 rum
1088 4858 1228 4914 animabus
1255 4863 1367 4913 testatur
1385 4873 1466 4916 serm.
1485 4863 1502 4912 t
1531 4865 1558 4914 et
1578 4862 1594 4914 ὅ
1612 4858 1647 4914 de
1675 4858 1808 4916 Omnibus

1012 4930 1111 4988 sanctis
1130 4930 1202 4983 etde
1220 4925 1303 4984 Obitu
1318 4928 1468 4997 llnmberti,
1479 4927 1560 5000 epist.
1571 4933 1615 4997 98,
1625 4947 1653 4988 n.
1669 4933 1696 4996 8,
1712 4947 1808 4987 rursus

1013 5005 1091 5074 epist.
1102 5002 1163 5062 266.
1180 5005 1207 5054 et
1225 4999 1290 5054 aiibi
1303 4999 1410 5068 sepius.
1428 5001 1460 5056 Et
1474 5000 1533 5057 haeo
1546 5000 1653 5073 quidem
1676 5001 1808 5058 sententia

1013 5073 1123 5128 delinita
1147 5071 1228 5128 estin
1247 5070 1361 5128 oonmlio
1384 5071 1548 5138 Florentino,
1575 5074 1602 5129 in
1624 5086 1681 5146 qno
1707 5074 1807 5129 Patres

1013 5143 1149 5208 definiere,
1165 5163 1177 5194 ι
1202 5141 1305 5196 animas
1319 5152 1444 5216 purgatas
1457 5143 1485 5198 in
1503 5143 1602 5200 coelnm
1622 5161 1685 5201 mou
1711 5143 1805 5215 recipi,

1013 5224 1040 5272 et
1053 5215 1151 5272 intueri
1165 5213 1237 5270 clare
1252 5213 1338 5284 ipsum
1353 5215 1440 5270 Deum
1455 5213 1554 5271 trinum
1582 5223 1610 5270 et
1629 5231 1712 5273 nnnm
1726 5213 1806 5272 sinnii

1013 5295 1092 5343 est.»
1128 5286 1177 5341 Cui
1200 5284 1313 5340 accessit
1340 5286 1476 5342 decretum
1503 5283 1611 5340 concilii
1642 5285 1804 5354 Tridentini,

1013 5373 1080 5414 sess.
1097 5357 1141 5422 25,
1157 5355 1301 5412 asserentis
1317 5375 1330 5409 ι
1350 5367 1459 5412 sanctos
1478 5353 1541 5411 cum
1554 5355 1662 5412 Christo
1678 5371 1805 5430 regnare,

1011 5437 1039 5486 et
1052 5436 1153 5486 aeterna
1166 5426 1293 5483 felicitate
1306 5427 1333 5482 in
1351 5427 1422 5484 ooelo
1436 5426 1500 5483 lrni.
1517 5447 1529 5478 ι
1558 5425 1623 5482 ilidc
1637 5428 1740 5484 Bened.
1754 5427 1806 5483 Ju-

1013 5502 1075 5558 stio.
1092 5501 1120 5556 in
1148 5498 1227 5570 epist.
1242 5498 1277 5554 ad
1291 5498 1421 5572 Philipp,
1431 5513 1520 5571 cept,
1531 5489 1549 5570 j
1561 5500 1606 5564 il,
1616 5496 1645 5554 in
1659 5497 1806 5580 illeverbtt.

1014 5572 1082 5630 ltili
1094 5570 1424 5638 nenecessitatem
1436 5570 1697 5637 metueremus
1711 5571 1805 5626 obser·

1012 5649 1056 5702 unt
1076 5659 1109 5700 ex
1125 5641 1535 5716 chrysostomo,Tbeopbyiacto
1551 5640 1726 5723 connisum
1741 5657 1806 5698 uere

1013 5729 1062 5786 pro
1077 5715 1152 5772 lucro
1162 5713 1312 5783 habendam
1323 5729 1382 5771 esse
1396 5721 1520 5782 mortem,
1536 5715 1589 5768 ntsi
1604 5720 1695 5771 stuttnt
1711 5713 1806 5783 insto·

1012 5803 1072 5844 rum
1087 5785 1183 5844 enimae
1198 5787 1231 5842 ad
1245 5785 1296 5844 Dei
1309 5791 1482 5860 conspectum
1497 5784 1657 5843 evehantur.
