4116 6348
274 373 324 435 7))
746 367 773 425 S.
795 361 963 426 Blhunttbl
982 355 1117 420 tuentis
1134 355 1452 420 ditum-tnbbultsts
1871 367 1929 430 m

274 511 332 558 tore
345 497 531 574 prenitentinm
545 503 643 570 egente
656 496 786 564 (bunna,
803 493 866 565 till:
886 493 953 563 Qum
962 489 1070 547 cstirto
1086 498 1111 577 Α
1128 483 1226 541 dicitnr
1249 483 1421 556 splendorem
1442 502 1521 543 suum
1543 502 1598 544 non
1620 505 1635 544 e
1659 505 1690 548 se
1713 490 1821 560 hebens,
1837 493 1887 551 sed
1910 511 1928 550 e

273 587 466 661 quoeoscsndit
486 601 537 660 per
557 581 701 641 denatum
714 585 787 638 sicut
796 577 905 653 virpulc
919 577 1003 649 lumi,
1017 581 1068 629 etc.
1127 573 1184 629 sele
1199 573 1305 630 trahere
1324 592 1330 629 :
1348 577 1504 648 quantoque
1518 575 1605 649 magis
1618 577 1684 634 solis
1696 581 1853 651 conspectui
1869 597 1928 640 Μ.

277 671 387 732 1919
402 673 556 731 Ascendere
581 678 668 727 autem
685 669 781 726 dicitur
801 669 859 723 haec
874 666 967 722 anima
987 662 1072 734 poeni·
1124 661 1212 718 nenda
1230 663 1389 734 opponitur,
1399 671 1474 720 tento
1488 663 1589 733 majore
1603 665 1645 722 sni
1660 675 1736 738 parte
1750 668 1784 724 ab
1799 669 1924 740 ejusdem

273 769 336 821 tens
356 779 408 837 per
422 763 681 824 desertum,terram
697 754 904 814 scilicetinuiam
919 759 945 809 et
956 753 1072 823 ineque-
1123 749 1189 806 solis
1207 749 1309 806 lamine
1332 749 1491 809 illustretur.
1515 753 1646 812 Similiter
1668 758 1858 830 congregatio,
1873 775 1924 817 sen

273 867 343 921 sem,
360 857 535 925 peccaterum
546 863 655 906 suorum
671 843 846 903 recordando.
858 839 983 900 Ascendit
996 841 1071 897 sirum
1123 853 1237 912 erresque
1252 837 1340 896 fidelis
1353 839 1452 905 anima,
1467 839 1492 896 si
1505 843 1562 898 veri
1577 842 1647 900 Solis
1665 845 1804 901 obtutibus
1822 846 1924 903 chm-

272 943 394 1016 vr'rpulo,
409 939 503 997 eedem
525 945 634 1010 peccate
656 933 795 991 humiliter
814 930 978 987 confitendo.
1002 927 1070 996 Qum
1124 935 1169 984 tur
1191 927 1332 996 intuenda,
1348 930 1408 984 sine
1430 929 1513 988 dubio
1527 947 1560 988 ex
1581 931 1686 990 risione
1704 933 1777 991 illins
1799 936 1924 994 admittet

273 1029 410 1086 confessio
425 1035 496 1084 recte
511 1025 570 1082 lieri
585 1023 782 1096 meretrcem
795 1022 872 1094 sumi
884 1018 993 1082 dicitnr,
1008 1015 1072 1088 quie
1124 1015 1248 1089 protinus
1267 1016 1294 1072 in
1308 1033 1338 1072 se
1351 1016 1437 1074 decus
1448 1017 1585 1091 quoddam
1600 1020 1821 1091 pulchritudinis,
1837 1031 1864 1080 et
1878 1039 1923 1080 re·

273 1133 321 1190 per
334 1119 427 1190 plures
447 1123 622 1189 peccatoram
637 1112 752 1185 specics,
780 1118 907 1182 tunquam
930 1106 1022 1162 fumus
1035 1103 1071 1160 de
1123 1113 1256 1162 nustatem
1272 1105 1410 1162 castitatis.
1429 1106 1507 1163 Unde
1524 1107 1554 1162 tit
1569 1115 1597 1164 ut
1612 1123 1646 1166 ex
1670 1111 1730 1180 eius
1745 1111 1850 1168 lumine
1862 1129 1923 1168 ere-

272 1205 409 1263 thnribulo
424 1221 473 1277 per
502 1205 579 1274 piare
592 1201 724 1258 toramine
740 1199 885 1254 derivetur.
914 1195 947 1250 Et
977 1203 1071 1248 noten-
1123 1207 1203 1251 scens
1221 1201 1248 1250 et
1262 1193 1414 1266 proficiens,
1431 1195 1560 1252 etiamad
1585 1197 1775 1270 perfectionem
1791 1203 1924 1273 prorem-

273 1296 338 1351 dum
347 1293 420 1368 quod
434 1309 495 1349 curn
519 1291 609 1347 lamus
628 1303 768 1361 nunquam
780 1285 878 1342 habeat
897 1281 1070 1356 splendorem
1124 1291 1177 1352 tur,
1193 1289 1223 1339 ut
1238 1294 1312 1339 recte
1327 1283 1432 1341 dicetur
1446 1284 1481 1342 de
1493 1283 1539 1340 illa
1552 1287 1624 1358 quod
1641 1290 1765 1358 seqnitur
1780 1305 1788 1344 τ

272 1397 465 1456 nonnunquam
478 1387 567 1436 tannen
581 1379 680 1434 hahere
695 1375 782 1448 possit
793 1374 917 1430 odorem
935 1369 1015 1440 Quod
1027 1368 1071 1426 bic
1161 1373 1187 1428 l.
1204 1372 1300 1430 Electa
1311 1376 1345 1429 ut
1358 1372 1408 1430 sel.
1428 1371 1518 1442 Quere
1533 1381 1561 1429 ut
1575 1375 1638 1431 seit
1650 1376 1692 1431 An
1712 1376 1774 1433 ides
1792 1377 1857 1449 quie
1870 1376 1924 1434 lul-

272 1472 363 1527 lnmus
397 1468 579 1527 confessionis
599 1467 710 1523 odorem
736 1461 878 1537 quemdam
898 1457 1070 1532 pietettsba-
1124 1461 1229 1533 gebnnt
1242 1459 1923 1538 iustisientsolinregnoPutrisecrnmlffletth.

272 1559 344 1626 beet,
360 1553 571 1612 innuitarexhis
584 1569 646 1626 qnae
665 1551 891 1624 subjunguntur:
914 1549 1072 1603 Exoremu-
1122 1565 1187 1616 xm,
1203 1551 1259 1622 ld.)
1273 1549 1328 1608 Sed
1352 1548 1391 1606 ibi
1404 1549 1478 1606 unde
1492 1549 1561 1607 siem
1582 1550 1624 1608 eol
1646 1551 1799 1626 hulpsbnnt,
1819 1556 1873 1610 nisi
1887 1554 1922 1610 de

274 1645 348 1702 trdus
362 1641 517 1717 murrhoeet
532 1643 633 1708 theurus,
643 1639 802 1698 etunieersr'
809 1635 1069 1710 puluerispr'pnrcn-
1124 1639 1269 1712 splendore
1281 1638 1523 1710 restisnuptielisi
1532 1640 1644 1712 (deut.
1659 1655 1733 1709 xxu,
1742 1645 1798 1712 tl.)
1808 1642 1873 1714 lpse
1882 1653 1925 1702 est

274 1735 344 1790 terii
369 1731 466 1804 (dont.
489 1745 530 1803 nt,
559 1731 596 1799 t).
631 1727 836 1785 contessionem
859 1724 939 1780 debet
961 1737 1070 1796 semper
1123 1728 1207 1793 enim,
1222 1726 1384 1800 quareque
1398 1729 1425 1784 in
1440 1727 1519 1784 terris
1532 1727 1614 1800 positi
1628 1730 1765 1788 vestiendi
1778 1741 1858 1789 erent
1871 1731 1922 1797 illr,

271 1818 397 1878 comiteri
411 1833 504 1891 myrra
518 1826 545 1874 et
556 1819 627 1887 thus,
644 1817 672 1874 id
686 1823 728 1872 est
742 1813 914 1872 mortilicetio
924 1811 1023 1881 cernis,
1043 1821 1070 1868 et
1084 1775 1107 1854 Β
1124 1815 1223 1888 quibas
1234 1815 1334 1871 dictum
1351 1823 1409 1874 est:
1425 1816 1472 1874 l'oe
1486 1820 1583 1875 erstem
1597 1819 1729 1876 sedstct'n
1743 1821 1870 1887 claime
1880 1820 1926 1878 do

271 1909 358 1966 eretis
372 1910 473 1966 cordis.
489 1907 610 1964 Attemm
629 1906 701 1962 enim
716 1905 773 1960 sine
792 1904 886 1968 nitere,
903 1909 950 1956 aut
964 1915 1068 1974 parum,
1124 1921 1177 1964 nce
1191 1903 1359 1962 induemini
1365 1905 1472 1961 uirtute
1485 1919 1522 1962 ee
1533 1906 1591 1964 olto
1607 1909 1685 1977 (luc.
1699 1923 1783 1978 narr,
1794 1909 1849 1978 lu).
1861 1909 1926 1966 tter.

272 2007 318 2056 eut
328 1997 394 2054 nibil
409 1998 532 2069 prodest.
542 1997 609 2050 Nam
625 1997 648 2050 si
661 1995 723 2068 quis
742 2008 849 2050 earnem
868 1987 1021 2054 mortificet,
1043 1997 1072 2044 et
1125 1993 1222 2050 virtute
1245 1993 1393 2060 charitatis,
1408 2009 1488 2064 qnam
1504 1995 1586 2050 vestis
1604 1995 1650 2052 ille
1667 1995 1795 2068 nuptialis
1811 1997 1923 2070 signifi.

271 2101 350 2143 orare
365 2085 527 2151 dissimulet,
544 2083 679 2158 superbus
692 2088 733 2138 est
751 2089 778 2137 et
798 2080 896 2136 dicitur
914 2078 940 2135 ei
962 2091 969 2129 ε
987 2079 1068 2135 Nun·
1124 2090 1177 2150 cst,
1192 2081 1316 2154 quisquis
1330 2081 1440 2137 indutus
1460 2078 1549 2152 luerit,
1565 2099 1677 2156 samque
1695 2084 1724 2139 in
1738 2099 1769 2140 se
1782 2093 1858 2142 recte
1875 2101 1924 2142 or·

271 2175 337 2249 quid
349 2173 524 2233 nmnducolo
539 2189 637 2230 carnee
657 2177 817 2239 taurorum,
837 2169 1071 2241 carraccetenses
1125 2170 1269 2238 dinenerit,
1285 2167 1335 2226 erit
1354 2170 1448 2241 procul
1468 2169 1551 2226 dubio
1576 2171 1703 2228 terribilis
1727 2173 1851 2230 hostibus
1865 2175 1925 2230 sais

270 2262 417 2322 hircorum
430 2261 552 2334 potabo?
566 2259 652 2326 (Psoi.
665 2274 740 2327 xnus,
759 2259 815 2325 l's‘.)
824 2257 888 2312 ltcm
902 2255 926 2311 si
942 2253 1068 2320 oraverit,
1125 2271 1155 2312 ut
1168 2266 1315 2315 ceutronum
1330 2259 1402 2313 ecies
1415 2257 1548 2315 ordinata.
1564 2260 1633 2316 Nem
1646 2261 1680 2317 de
1694 2261 1801 2318 caeteris
1813 2261 1922 2334 quidem

270 2358 414 2408 etcernem
427 2365 504 2406 sunm
519 2347 678 2405 mortificare
696 2346 850 2419 neglexerit,
866 2344 957 2400 audin
974 2361 981 2398 :
1000 2341 1071 2413 Quid
1125 2345 1271 2402 virtutibus
1297 2353 1517 2418 quantascunque
1545 2349 1604 2404 sine
1631 2348 1759 2406 maritate
1786 2350 1922 2406 babuerit.

267 2442 375 2498 uocatis
401 2456 456 2508 me,
473 2441 603 2504 llorns'nc,
620 2439 747 2502 bomine,
762 2438 791 2491 et
813 2450 872 2493 nort
893 2434 992 2504 locitis
1007 2449 1071 2504 quur
1125 2449 1179 2491 nen
1194 2441 1290 2492 camut
1307 2435 1609 2494 senseresensere
1622 2436 1922 2510 cheritetemetipsam

271 2528 333 2586 dico
344 2527 445 2599 libere.
462 2543 502 2598 vr,
514 2527 574 2596 ih.)
593 2534 619 2581 ct
640 2525 708 2580 illud
735 2541 742 2582 :
772 2525 827 2594 Qui
847 2525 950 2580 sverm
972 2535 1071 2578 aurem
1124 2521 1276 2578 ordinatum
1294 2522 1321 2577 iu
1337 2523 1394 2578 acie
1411 2520 1521 2581 tusa
1538 2524 1664 2596 viderint,
1680 2525 1753 2581 illico
1765 2525 1919 2597 precipites

270 2633 354 2674 suom
366 2609 405 2676 'ne
419 2617 519 2674 nodiot
535 2617 622 2689 lepem
635 2615 727 2672 oratio
741 2613 803 2686 ejus
821 2615 877 2670 ιη’)
891 2609 1071 2670 exsecrabilis
1125 2617 1243 2683 aguntur
1256 2611 1284 2666 in
1297 2609 1400 2686 lugam.
1414 2612 1506 2668 Potest
1519 2613 1546 2667 in
1566 2627 1599 2668 en
1619 2615 1692 2684 quod
1706 2612 1804 2670 dicitur
1826 2619 1917 2672 stectu

271 2709 363 2779 (Pron.
380 2719 480 2777 rnatu,
496 2705 534 2776 s).
551 2705 701 2775 Utrumque
719 2717 785 2773 ergo
803 2700 879 2757 elteri
894 2698 1069 2772 sulirsgetur,
1124 2705 1160 2757 ut
1173 2701 1225 2768 sol,
1236 2701 1434 2773 perseverantie
1448 2700 1573 2774 intelligi,
1583 2718 1644 2773 quae
1658 2711 1759 2759 tantum
1773 2704 1915 2764 electorum

270 2792 334 2849 dum
351 2802 456 2850 constat
469 2793 542 2867 quod
553 2796 667 2848 atterum
682 2791 740 2846 sine
753 2790 837 2846 altero
844 2789 1015 2859 reprobetur.
1123 2795 1174 2844 est.
1190 2789 1221 2845 ln
1234 2803 1268 2846 ee
1281 2797 1371 2845 entrrn
1387 2791 1460 2862 qnod
1474 2791 1605 2862 seqnitur,
1623 2793 1761 2850 terribilis
1777 2797 1921 2850 utcastm

306 2885 333 2937 2.
342 2881 471 2954 Sequitur
484 2897 491 2935 ι
506 2877 1001 2952 utuntverstpctvertrptcrnenrnrtt.
1008 2878 1071 2933 l’ost
1124 2893 1192 2932 runs
1210 2879 1285 2936 ecies
1305 2877 1451 2950 ordinate,
1465 2877 1592 2934 discretio
1615 2885 1700 2934 meter
1713 2881 1851 2949 uirtutaun,
1873 2895 1921 2952 per

274 2971 488 3028 recordationem
521 2978 546 3024 et
569 2967 766 3025 contessionem
794 2975 979 3038 peccatorum,
1010 2974 1070 3036 post
1122 2981 1205 3038 quam
1227 2973 1363 3022 terrentur
1385 2975 1412 3020 et
1435 2966 1563 3038 lugentur
1584 2967 1731 3038 demones,
1747 2968 1922 3040 requiruntur

270 3055 507 3114 mortificationem
522 3066 549 3113 et
561 3056 709 3113 orationem
731 3054 897 3112 exhibendus
910 3062 952 3109 est
970 3057 1072 3110 tructus
1085 3049 1108 3129 t
1123 3063 1150 3108 et
1168 3062 1361 3111 conserventur
1385 3057 1509 3112 virtutes.
1534 3054 1652 3112 Possunt
1675 3055 1771 3110 etatis
1795 3055 1881 3112 mults
1895 3057 1921 3109 in
2029 3125 2030 3132 ἵ

270 3147 513 3218 neencsynurun.
529 3143 597 3212 Quis
610 3145 680 3200 Mne
694 3144 779 3214 pulrts
803 3143 937 3210 dicuntur,
962 3141 1069 3214 qrrisde
1123 3141 1306 3198 bec-secunde
1321 3141 1467 3200 emissione
1488 3157 1609 3215 congrue
1632 3152 1659 3198 et
1683 3143 1794 3217 iuteltipi
1808 3157 1836 3201 et
1848 3142 1919 3212 diem

271 3239 378 3292 terrene
406 3233 556 3291 substantie
589 3229 859 3304 finntzpigmnntarti
898 3245 974 3299 aero,
1005 3229 1069 3302 quia
1122 3231 1168 3286 sed
1186 3233 1244 3288 htec
1257 3245 1342 3304 panes
1355 3231 1390 3286 de
1404 3230 1496 3286 multis
1510 3230 1610 3286 dixisse
1625 3231 1749 3288 sulliciet.

270 3321 462 3381 saevissimum
482 3321 594 3379 odorem
619 3322 754 3376 emittunt.
770 3319 839 3375 llinc
863 3319 992 3391 estquod
1006 3319 1069 3375 Cor·
1158 3321 1185 3376 s.
1200 3318 1291 3376 'l'ertie
1303 3317 1414 3376 emissio
1427 3318 1554 3376 conuenit
1567 3321 1669 3376 sanctis
1683 3319 1920 3392 predicatoribus,

268 3413 339 3470 nelle
354 3415 422 3470 bene
431 3411 521 3483 menti
530 3411 631 3469 dictum
641 3419 701 3468 cst:
726 3409 873 3466 Oreticum
886 3413 944 3466 tute
957 3414 985 3467 et
1003 3411 1069 3466 elec
1122 3409 1287 3482 dequcrnm
1302 3411 1356 3464 vitu
1369 3415 1397 3464 et
1410 3407 1533 3464 doctrina
1546 3409 1627 3464 etiam
1643 3424 1695 3464 anx
1710 3409 1756 3464 illa
1769 3409 1822 3464 snb
1834 3407 1920 3465 adrni-

267 3517 392 3575 snosyrtoe
401 3507 459 3559 tum
470 3499 862 3569 ascenderunthtctx‚3).vel
871 3497 1069 3570 unmmripub
1123 3497 1228 3554 ratione
1237 3497 1390 3570 profertur:
1409 3499 1476 3568 Qum
1487 3501 1529 3554 est
1541 3499 1599 3556 istc
1612 3513 1673 3568 oue
1681 3499 1810 3556 mandit
1824 3499 1858 3557 ds
1870 3497 1920 3556 de-

269 3585 343 3649 uer's't
358 3588 730 3666 pipmcntnrtiideodicitnr,
743 3588 1068 3659 quianonsotnmnregnu
1123 3585 1921 3660 emtodclr'ce'isaffluencinntcnrupcrdilectumsuum?
2029 3629 2030 3640 .

268 3679 317 3736 sed
332 3679 412 3734 etiem
426 3677 539 3733 minima
552 3693 669 3749 qnaeqne
683 3683 792 3747 peccata
810 3675 973 3733 conterende
1005 3685 1069 3732 sunt
1121 3675 1243 3740 (denuc.
1258 3689 1319 3744 vnn,
1340 3677 1380 3746 5.)
1400 3675 1429 3730 ln
1445 3674 1532 3746 prime
1545 3674 1688 3730 emissione
1701 3676 1803 3733 diuam
1816 3674 1918 3745 inerat,

268 3761 529 3836 perconlessionem,
540 3773 568 3822 et
593 3761 722 3821 diluende
748 3781 795 3836 per
820 3765 1066 3835 compunctionem.
1124 3763 1244 3831 Quoeesl
1259 3763 1390 3836 istnpuoe
1402 3761 1921 3835 aroenditperdeserrunr51nnsess

268 3853 333 3912 lime
346 3853 380 3910 de
394 3855 480 3926 prime
493 3843 639 3910 emissione
652 3853 722 3910 dieta
737 3852 884 3910 subiciant.
1122 3857 1187 3915 tem,
1200 3853 1267 3921 Qum
1279 3851 1408 3909 moendit
1418 3851 1451 3909 de
1462 3853 1570 3911 desmte
1581 3869 1588 3910 :
1599 3853 1662 3925 quie
1671 3852 1799 3908 nimirum
1813 3852 1852 3909 ibi
1861 3867 1921 3925 pte·

307 3943 333 3999 3.
350 3943 477 4000 Secunda
493 3950 535 3998 rst
549 3943 604 4001 vite
627 3942 823 4000 continentium
850 3942 878 3999 in
892 3943 1009 4000 clanstro
1024 3943 1066 3998 rel
1122 3937 1239 3996 nitentes
1251 3947 1441 4011 compungunt
1453 3939 1550 4011 spinae,
1566 3955 1615 4011 per
1628 3955 1697 4012 quus
1717 3941 1861 4010 incedunt;
1877 3941 1919 3998 hir

267 4046 370 4088 emmo.
388 4033 417 4087 ln
433 4033 484 4088 hac
493 4032 640 4089 emissione
655 4032 726 4088 nnlla
737 4031 873 4088 litdeserti
890 4029 1002 4097 mentio,
1021 4037 1067 4088 ent
1119 4042 1185 4085 vero
1201 4028 1329 4085 docteres
1341 4027 1474 4101 quidquid
1497 4027 1647 4086 desectio
1668 4029 1811 4102 subripere
1826 4037 1919 4103 potae·

267 4119 333 4176 lumi
349 4137 398 4177 seu
414 4119 592 4194 poenitentioe3
607 4119 909 4192 sedlncis,splendoris,
923 4127 1004 4193 elque
1013 4119 1066 4178 uir·
1119 4124 1191 4184 runt,
1213 4116 1321 4174 sublimi
1334 4124 1423 4174 mente
1438 4118 1617 4180 calcaverant.
1630 4118 1693 4176 ldeo
1708 4118 1809 4175 dcturn
1822 4127 1876 4188 est,
1886 4119 1920 4176 dc

266 4209 507 4282 tntis.Deniquein
522 4211 605 4280 bnjm
619 4209 700 4266 lande
714 4207 911 4280 angelicarum
925 4218 1065 4267 cantetur:
1122 4206 1230 4265 deserto
1253 4207 1363 4266 deliciis
1381 4209 1515 4278 aldum.
1529 4207 1582 4264 Sed
1605 4209 1779 4281 querendum
1793 4219 1845 4275 est,
1858 4225 1918 4281 qne

270 4297 333 4366 Qooe
352 4302 393 4355 est
406 4299 464 4354 isto
478 4313 542 4371 quoe
555 4295 684 4356 escendit
692 4298 767 4355 aiem
780 4313 886 4356 eurora
899 4313 1067 4369 concerpere
1082 4333 1106 4414 Β
1122 4294 1175 4350 sint
1193 4295 1250 4354 illue
1265 4295 1379 4367 delicie,
1394 4296 1492 4369 quibas
1515 4295 1624 4354 affluere
1646 4298 1774 4355 dicuntur
1789 4307 1837 4369 ;et
1858 4301 1917 4370 quis

265 4387 387 4458 pulchro
400 4387 523 4453 aluno,
531 4387 716 4455 electuutsol,
724 4385 858 4444 terribilis
867 4389 1066 4444 utcastrorurn
1121 4383 1167 4441 ille
1194 4383 1315 4450 dilectas,
1340 4391 1385 4440 eut
1405 4389 1461 4441 'car
1487 4401 1571 4458 snper
1596 4402 1656 4444 enm
1675 4386 1753 4443 inniti
1779 4386 1916 4444 dicentur.

265 4476 340 4532 ncier
354 4475 638 4547 ordinctedmontt'c.
651 4489 686 4541 ur,
701 4474 742 4546 9.)
755 4475 785 4530 ln
800 4474 898 4545 unibus
915 4475 1006 4531 serbis
1020 4475 1066 4530 tri.
1117 4475 1213 4547 Neque
1225 4474 1298 4531 enim
1313 4489 1406 4546 peraae
1420 4475 1587 4532 estimandus
1601 4483 1672 4544 sunt,
1687 4491 1749 4549 qum
1763 4489 1779 4532 e
1791 4477 1917 4550 supernis

264 4562 326 4634 ples
339 4561 495 4634 virtusejus
508 4562 668 4633 ostenditur,
678 4563 825 4632 humilitas,
846 4562 967 4632 metitus,
979 4565 1064 4621 cheri-
1118 4561 1224 4620 civibus
1239 4562 1345 4620 delicie
1368 4563 1552 4620 nominantur.
1570 4563 1708 4637 Siquidem
1728 4565 1917 4634 hujuscemodi

265 4655 317 4707 tes.
332 4653 438 4707 Aurora
457 4650 559 4724 quippe
578 4649 641 4708 finis
654 4661 695 4710 est
713 4653 802 4708 noctis
825 4659 852 4708 et
865 4651 971 4708 initium
985 4652 1063 4710 lucis.
1117 4651 1222 4708 deliciae
1235 4651 1335 4708 mentis
1349 4662 1424 4721 snut,
1439 4653 1622 4723 conveneris,
1638 4652 1730 4720 enimi,
1747 4669 1801 4710 non
1815 4669 1915 4726 eorpo-

264 4737 513 4798 Nexeutemritam
525 4739 739 4814 percurrerimus
755 4739 1062 4812 signifieatvitemjusti.
1118 4742 1171 4810 ris;
1186 4743 1309 4815 spiritus,
1324 4757 1377 4799 non
1396 4744 1503 4810 carnis;
1520 4743 1641 4815 rationis,
1654 4759 1707 4800 non
1721 4742 1915 4810 sensualitatis,

264 4825 373 4884 Aurora
390 4843 458 4902 ergo
487 4843 549 4902 quas
564 4830 640 4902 luget
662 4831 799 4896 tenebras,
830 4830 917 4886 iucem
945 4835 1063 4900 nuntiat,
1117 4829 1269 4902 interioris,
1283 4845 1338 4888 non
1358 4831 1501 4889 exterioris
1515 4832 1642 4889 hominis.
1662 4829 1736 4899 Ques
1750 4845 1781 4888 nt
1799 4833 1916 4890 breviter

265 4911 360 4972 merito
374 4915 552 4974 bumilitatem
571 4918 712 4991 designem
725 4917 792 4991 qnia
810 4919 879 4974 sicut
892 4917 938 4973 ille
951 4918 1022 4973 diem
1037 4927 1065 4973 et
1116 4920 1206 4994 atiquo
1224 4921 1485 4996 marcescentem,
1500 4923 1568 4995 ipsae
1580 4933 1643 4981 sunt
1658 4923 1800 4980 abundens
1814 4921 1916 4978 inlude

264 5012 385 5072 nonum,
400 5003 438 5061 ita
453 5005 504 5062 iste
518 5005 612 5063 dividit
633 5007 735 5076 iustum
760 5017 788 5062 et
801 5013 978 5080 peecatorem.
995 5007 1063 5062 Nem
1116 5011 1212 5084 gratiae
1237 5009 1394 5082 spiritualis.
1409 5011 1489 5068 Beate
1512 5012 1558 5068 ille
1576 5012 1675 5079 anima,
1690 5013 1733 5068 cui
1755 5012 1816 5068 telis
1831 5014 1915 5084 pratia

263 5093 336 5162 hinc,
354 5091 382 5150 id
396 5101 436 5150 est
450 5095 651 5164 ublrumilitnte,
666 5097 757 5166 justas
776 5095 892 5168 quisque
909 5095 1015 5167 incipit,
1036 5103 1063 5151 et
1116 5099 1278 5167 infunditur,
1300 5115 1362 5172 qnae
1375 5102 1404 5156 in
1422 5100 1658 5158 benedictionibus
1682 5117 1810 5174 superare
1824 5103 1914 5158 dalea·

263 5181 327 5240 inde
350 5181 468 5254 proficit.
484 5181 560 5239 Unde
582 5183 663 5242 etiarn
690 5183 751 5255 ipse
770 5199 876 5240 eurora
894 5201 1064 5257 concursent
1114 5189 1188 5246 dinis
1201 5187 1373 5261 messuitur,
1388 5199 1419 5245 ut
1431 5189 1562 5261 templum
1577 5189 1625 5244 Dei
1634 5197 1662 5244 et
1676 5190 1817 5247 oraculum
1831 5190 1913 5262 Spiri-

262 5271 401 5344 dicitur‚ut
413 5271 674 5331 videlicetvirtutum
689 5283 825 5330 structura
839 5288 955 5348 surgens
964 5273 1000 5329 ab
1011 5275 1064 5330 hu·
1115 5286 1160 5334 tus
1175 5277 1260 5335 saneti
1285 5275 1427 5334 elicietur.
1442 5277 1500 5333 Tali
1514 5279 1615 5351 quippe
1639 5279 1738 5335 enimse
1751 5277 1849 5336 deesse
1862 5295 1912 5336 non

264 5359 380 5420 militate
395 5373 526 5437 tunquem
542 5363 654 5437 proprio
668 5363 842 5422 fundamento
857 5363 987 5438 erigatur.
1010 5361 1064 5436 lpi-
1116 5374 1231 5439 pensant
1243 5365 1344 5425 divitie
1356 5367 1461 5434 saluts,
1472 5368 1605 5440 sepientis
1620 5377 1647 5426 et
1659 5368 1785 5439 scientie,
1801 5377 1828 5426 et
1841 5369 1913 5441 ejus·

264 5456 310 5507 tur
323 5451 357 5507 ad
386 5452 582 5512 ostendendum
596 5453 657 5524 eius
675 5453 853 5511 humilitatem
881 5453 1039 5510 dictumest
1054 5469 1062 5506 ε
1117 5455 1180 5512 deun
1197 5451 1296 5511 salutis
1308 5455 1429 5529 optimus
1441 5457 1595 5524 thesaurus,
1611 5457 1693 5514 tinror
1711 5457 1829 5516 Domini.
1846 5455 1913 5527 Qui·

264 5537 461 5600 semiannus
484 5558 666 5616 cenmrpcrrs.
680 5541 750 5600 iliad
762 5555 828 5602 rere
842 5541 914 5616 quod
929 5541 1061 5616 seqnitur,
1117 5543 1170 5600 bns
1182 5542 1288 5601 deliciis
1311 5557 1372 5599 cnm
1386 5544 1564 5602 abundaverit
1578 5553 1606 5602 et
1618 5546 1721 5618 repleta
1733 5543 1827 5618 luerit,
1841 5545 1911 5604 exal·

256 5623 427 5686 'Pulchrum
437 5633 517 5698 luno,
534 5631 684 5690 msduurn
702 5632 878 5690 meumst.
902 5633 986 5690 Porro
998 5631 1062 5688 tuns
1120 5641 1157 5690 tet
1172 5633 1231 5704 jem
1244 5633 1271 5690 in
1284 5632 1408 5692 ecdesfis
1421 5633 1578 5707 Dominum
1592 5643 1620 5694 et
1632 5634 1662 5694 iu
1677 5635 1807 5694 mensure
1818 5634 1911 5694 senie-
