4086 6344
151 427 223 492 3a5o
714 427 715 431 ’
775 427 1003 504 neumenia
1020 439 1185 506 mrtnmr-
1745 443 1801 520 886

152 553 266 614 scii'unn
283 551 557 654 prndnlittiuiinm
566 552 687 612 nmium
701 565 753 626 0⁸²,
768 573 846 618 metas
858 564 949 622 ansts
964 568 1278 662 *reiciunbiqatbei
1293 585 1361 626 esre
1377 569 1571 643 perustionem
1586 570 1689 626 bonnm
1712 571 1801 628 bomi-

151 642 289 716 prolcctus
309 660 317 700 ε
335 640 547 714 robisnrnfinw,
577 641 715 703 nobiscnm
733 647 952 736 ptulibnr=qnid⁴
1003 657 1170 717 nanterus
1184 657 1408 714 sanctumlluuid
1421 658 1458 714 de
1471 645 1802 732 rirtobonoquidcenat.-

152 730 218 806 quiri
242 730 303 802 plns
327 729 398 790 ferte
424 730 503 788 robis
527 745 664 791 meruere.
693 735 741 792 un
767 735 952 799 indubitanter
1002 743 1133 817 Eriqait,
1147 735 1802 820 touquumlipcumquodpiuutetumosta'oeus

151 821 293 894 auroquia
306 820 335 876 in
349 819 402 880 boc
415 835 498 881 sensu
512 829 540 878 et
553 821 651 880 ellectu
679 823 770 882 incute
800 828 857 886 siti
876 831 950 890 nudi
1001 837 1135 894 decursus
1141 851 1294 910 aquarum,
1303 836 1511 908 qucdsrucium
1521 853 1605 893 auum
1611 834 1724 892 debitio
1731 841 1802 894 tem-

150 911 216 984 qnid
230 911 284 969 illm
301 911 493 983 respondeant.
523 913 737 972 Emltcbimus
747 921 775 974 ct
789 911 952 979 turonum
1001 943 1067 1002 porc
1076 931 1171 994 suomi
1181 925 1286 998 fcitum
1295 927 1357 997 ejus
1366 941 1425 984 non
1436 924 1543 994 deduci
1553 926 1640 993 (Pscl.
1653 940 1672 992 ι,
1681 925 1718 992 3.)
1728 925 1801 980 nudi

150 1003 185 1058 in
199 1005 238 1059 te.
251 1003 284 1058 lu
294 1006 331 1063 to.
341 1000 475 1072 inquiunt,
487 1002 694 1060 exsultabimus
718 1009 749 1062 ct
766 1008 950 1065 tutabimur:
1000 1015 1144 1071 loremiam
1172 1014 1269 1072 eodem
1297 1015 1393 1086 spiritu
1420 1013 1617 1081 concinentem,
1646 1021 1673 1068 et
1699 1013 1802 1068 eisdem

151 1089 477 1148 nsminnobisnecdnm
490 1106 635 1148 moramur.
651 1093 804 1164 litandum,
822 1091 952 1157 Mentores
1000 1116 1071 1178 pene
1093 1105 1193 1164 serbis.
1218 1107 1280 1162 Eril
1303 1109 1439 1178 tunquam
1464 1103 1585 1174 tionum,
1609 1100 1705 1180 inquit,
1731 1101 1804 1172 quod

151 1177 271 1234 unomen
283 1181 416 1244 invitem,
441 1177 496 1234 11⁰⁰
517 1187 568 1250 nib
593 1182 953 1250 ffl‘lfflimiielsstlsiinemns
999 1187 1804 1268 ptaoucumssrracurdeoursuruouemus.qmduunu-

151 1267 217 1328 dunt
235 1267 339 1332 venius,
362 1266 480 1324 scientes
501 1275 528 1330 ta
555 1269 643 1338 plenis
656 1271 691 1325 ed
716 1283 766 1327 nos
783 1285 952 1332 reversuram
1001 1281 1497 1347 moruncurtenrudiouruasntoosr
1505 1280 1685 1338 limentinum
1694 1279 1804 1335 uenerit

152 1354 295 1411 uberibus.
309 1357 386 1412 Tunc
395 1369 445 1414 nos
463 1357 624 1416 confidimus
648 1359 784 1417 exsultare
814 1355 842 1418 e't
855 1362 952 1432 laetari,
1000 1374 1087 1426 ustus
1098 1368 1211 1439 (terem.
1221 1385 1292 1436 xvir,
1301 1369 1413 1440 8).ltem
1425 1369 1561 1437 Propheta
1573 1385 1579 1424 :
1591 1370 1729 1425 insterni
1742 1367 1802 1439 pul

151 1459 287 1502 memores
300 1443 408 1501 interim
429 1447 540 1503 uberum
559 1453 677 1505 tuorum.
697 1448 776 1519 Quod
788 1451 949 1528 adjungunt,
1001 1443 1802 1530 meliorabituicutcedrusLibanimultiplicabitur(Psul.

152 1547 239 1606 super
249 1535 351 1590 uiuum
362 1534 485 1604 (Cauno.
496 1549 516 1601 ι1
526 1535 564 1607 3),
576 1534 730 1608 significant
744 1553 773 1594 se
788 1539 877 1596 adhuc
892 1541 954 1612 qni·
1003 1559 1062 1616 ner,
1074 1545 1129 1618 ln).
1142 1547 1174 1601 Et
1183 1547 1218 1601 de
1229 1546 1326 1616 seipso
1338 1563 1344 1603 :
1355 1547 1408 1619 tipo
1420 1551 1517 1602 autem
1527 1534 1602 1602 sicut
1615 1535 1689 1603 olion
1703 1545 1806 1616 fructi-

152 1621 213 1677 tlam
229 1636 277 1692 pro
292 1623 335 1677 sui
347 1621 550 1694 imperfectione
569 1624 717 1694 mmsiium
743 1624 949 1702 desideriorum,
1002 1631 1066 1706 soon
1080 1635 1115 1690 ιιι
1136 1635 1216 1691 domo
1240 1635 1391 1704 Deiffrol.
1411 1649 1448 1702 ιι,
1470 1637 1526 1702 ln).
1546 1633 1593 1690 Est
1608 1649 1676 1704 ergo
1690 1631 1805 1690 historie

62 1764 71 1776 .
151 1707 289 1782 qnffllinn
307 1709 506 1783 (itinignnnnn,⁴
533 1710 721 1767 recordatione
741 1711 856 1782 pulsari:
880 1713 952 1772 rinei
1004 1723 1152 1790 hortumct
1171 1721 1231 1792 ipsa
1246 1722 1391 1796 tripertita.
1411 1721 1571 1780 Continetur
1591 1739 1710 1796 namque
1731 1724 1757 1779 iu
1773 1735 1805 1778 ea

151 1797 351 1858 nmenaatlem
364 1797 500 1855 desiduis
513 1799 642 1856 memoria
665 1799 837 1858 abundantias
858 1803 952 1862 suari·-
1004 1811 1068 1867 croti
1095 1819 1122 1868 ot
1149 1818 1229 1868 torro
1244 1811 1357 1877 ornatio,
1382 1811 1575 1879 reconciliatio
1604 1821 1631 1868 et
1657 1799 1803 1883 reparatio.

153 1886 226 1956 lilino
244 1901 326 1960 tium
336 1888 393 1958 inm
408 1887 952 1963 011ub⁰libl¹⁸fli1ffliflffl⁷n¹nnriae⁸nnlt
967 1898 1112 1980 flcruauo
1125 1899 1246 1971 quidem,
1262 1905 1391 1970 tunquam
1413 1899 1486 1954 horti
1501 1899 1568 1955 satio
1581 1901 1639 1956 sive
1663 1899 1804 1972 plantatio.

151 1977 278 2048 nuaram
292 1977 327 2032 tiu
337 1976 480 2043 ubodbm,
496 1978 585 2034 ⁸i⁰⁰n
598 1993 643 2034 mn
661 1978 731 2035 θιὼ
744 1979 845 2037 niuno
867 1995 951 2052 supa-
1006 1986 1207 2044 lteconcllistio'
1225 1986 1432 2058 nutansquasi
1445 1987 1605 2060 germinatio
1628 1997 1749 2044 aetorum
1761 1987 1806 2046 'rel

150 2065 209 2124 rius
221 2063 404 2121 meminissem
419 2063 513 2137 (sarm.
528 2065 568 2138 9).
589 2066 666 2122 Nunc
686 2081 752 2124 rem
788 2069 865 2126 rides
879 2086 952 2142 qno·-
1004 2075 1347 2148 plsotatoruur..-Tempore
1369 2065 1537 2146 nsmpe'nie
1558 2075 1713 2132 rorantibus
1727 2074 1807 2132 coelia

152 2154 234 2213 modu
252 2153 286 2210 de
305 2161 393 2210 matre
407 2161 587 2227 praesumunt,
602 2157 741 2227 quomodo
755 2159 816 2228 eius
839 2159 912 2217 lucra
926 2167 954 2216 ct
1005 2165 1134 2238 damper,
1151 2170 1180 2220 et
1197 2163 1325 2220 nubibus·
1342 2160 1503 2234 pluentibus
1521 2165 1637 2234 justum,
1659 2171 1753 2235 sperta
1767 2173 1810 2222 est

153 2241 310 2314 paudiasua
324 2250 458 2317 reputant,
472 2243 591 2316 pmpriae
604 2243 721 2314 repulsa
736 2245 865 2316 injuriam
881 2247 960 2304 illius
1004 2263 1077 2313 terra
1090 2262 1118 2310 ct
1139 2251 1302 2328 germinarit
1324 2252 1490 2309 salvatorem
1509 2251 1589 2322 (isui.
1613 2267 1681 2320 ιιι,
1706 2252 1742 2323 8),
1758 2269 1807 2324 per

153 2329 353 2402 introductione
366 2333 546 2390 consolantes.
575 2333 686 2389 biinime
700 2333 737 2390 ita
770 2335 954 2406 muniuerunt,
1003 2359 1084 2417 quem
1099 2342 1224 2398 raca-on
1238 2340 1298 2398 omli
1323 2345 1457 2410 terraeque
1474 2339 1674 2396 reconciliatio.
1691 2341 1752 2411 lpse
1766 2347 1809 2398 cst

151 2420 206 2476 nisi
220 2430 333 2476 matram
346 2429 537 2495 agnoscerent.
559 2421 677 2478 lindiam
703 2423 755 2480 boc
777 2425 891 2494 praelati,
907 2425 954 2496 qui
1003 2432 1076 2490 onim
1091 2438 1257 2502 pernostra,
1278 2430 1325 2502 qui
1344 2429 1407 2484 lecit
1421 2438 1534 2500 utraque
1548 2443 1632 2486 unum
1649 2429 1759 2502 (Epiros.
1775 2445 1806 2496 ιι,

151 2507 205 2566 sibi
219 2509 486 2581 commissisaemper
500 2511 593 2568 uolunt
606 2526 667 2568 esse
681 2511 828 2580 iamnidini,
844 2513 955 2571 utilitati
1005 2519 1061 2592 ιι),
1076 2518 1219 2591 pacificans
1240 2516 1268 2572 in
1284 2517 1417 2590 sanguiue
1440 2527 1490 2574 sne
1510 2533 1575 2590 quae
1585 2516 1613 2572 in
1636 2517 1718 2573 terris
1732 2526 1805 2586 sunt,

152 2613 226 2655 raro.
241 2598 402 2668 erudimini,
421 2600 469 2670 qui
489 2599 616 2670 iudicatis
630 2608 741 2658 terram.
766 2603 869 2659 Discite
882 2605 951 2659 sub·
1004 2616 1031 2666 ot
1044 2623 1106 2682 que
1119 2607 1146 2662 in
1158 2605 1234 2663 coelis
1248 2605 1365 2677 (colors.
1377 2621 1397 2671 r,
1409 2607 1466 2675 nni.
1481 2607 1565 2661 Porro
1582 2605 1716 2676 reparatio
1729 2604 1823 2661 intu···

151 2687 270 2746 diturum
295 2697 397 2745 nntres
420 2701 470 2745 ros
501 2703 563 2746 essu
584 2690 694 2756 denne
720 2706 774 2748 non
810 2691 951 2764 dominum
1004 2713 1034 2752 ra
1052 2693 1322 2752 ostiunueaaeeuu.
1344 2693 1405 2748 lirit
1428 2694 1502 2748 enim
1522 2693 1620 2750 coelnm
1646 2707 1756 2760 norum,
1777 2683 1806 2750 et

151 2776 261 2852 studete
278 2777 476 2851 meqisamari‚
495 2793 577 2848 quam
592 2781 697 2836 metui:
720 2786 747 2836 ct
770 2780 794 2836 si
816 2780 956 2836 interdurn.
1005 2795 1076 2842 terra
1095 2793 1165 2842 noia
1186 2801 1192 2836 :
1209 2792 1237 2839 et
1252 2781 1413 2854 colligentur
1426 2782 1492 2836 boui
1506 2781 1645 2838 demedio
1659 2777 1805 2851 malornm,

46 2903 48 2906 .
133 2861 298 2918 ,sescento
325 2869 463 2931 opuscul,
487 2869 600 2933 paterna
623 2862 668 2930 sit,
711 2878 767 2920 non
798 2867 951 2936 tyrannica.
1006 2883 1131 2946 tanquam
1147 2871 1298 2930 lructnsdc
1313 2871 1401 2934 horte,
1417 2869 1444 2925 in
1460 2858 1805 2941 Deipromptusriaropo-

150 2949 250 3008 lintres
267 2949 393 3016 terendo,
409 2957 500 3022 patres
516 2966 566 3007 vos
588 2951 761 3024 mrnpiendo
781 2953 950 3012 cuilibeatis.
1005 2962 1097 3019 naudi.
1113 2963 1145 3018 lo
1160 2961 1205 3018 dic
1219 2961 1280 3025 illu,
1293 2965 1322 3012 ut
1335 2957 1468 3030 scriptum
1480 2963 1532 3025 est,
1547 2960 1603 3016 crit
1615 2974 1732 3031 permen
1750 2959 1806 3015 Do-

151 3041 340 3112 nonsumnte,
359 3040 451 3113 punite
477 3041 627 3110 farinulam
656 3045 812 3118 suspendite
827 3046 951 3114 verbera,
1005 3049 1080 3106 mini
1103 3049 1135 3104 ira
1158 3045 1375 3119 mupuifioeutt'u
1389 3049 1419 3102 et
1432 3041 1533 3118 pterim
1547 3048 1576 3102 ct
1589 3047 1707 3116 fructur
1721 3050 1807 3104 terro

151 3130 292 3200 woducite
313 3129 410 3196 ubera3
431 3139 543 3202 pectore
574 3133 643 3188 lacte
677 3133 863 3206 pinguescant,
897 3149 954 3190 non
1003 3137 1135 3193 sublimis
1156 3135 1233 3206 (isui.
1250 3148 1287 3199 ιι,
1303 3133 1343 3204 n).
1359 3133 1447 3188 lisbes
1470 3131 1555 3205 igitur
1568 3133 1621 3188 tria
1643 3129 1763 3204 tempora
1778 3134 1806 3188 in

152 3219 237 3290 typho
248 3226 382 3292 turgeant.
398 3217 468 3285 Quid
486 3219 585 3292 jugum
607 3229 728 3277 restrum
746 3237 828 3291 super
842 3234 890 3279 eos
901 3239 951 3296 ng-
971 3221 1085 3298 enoris
1099 3221 1219 3278 historici
1234 3237 1341 3276 sensns.

152 3307 284 3382 gravetis,
305 3323 421 3379 quorum
435 3308 523 3379 petius
536 3319 621 3365 onera
634 3317 742 3380 portsre
757 3312 882 3368 (ιιιιιιιι
897 3313 952 3369 Gur
1040 3318 1067 3370 5.
1091 3313 1122 3368 in
1144 3308 1238 3366 llorali
1252 3321 1362 3380 quoqne
1383 3307 1526 3378 disciplina
1545 3308 1598 3364 tria
1612 3321 1693 3381 aeque
1710 3308 1806 3366 anner-

153 3411 262 3452 memus
282 3409 309 3449 a.
327 3403 451 3470 serpente
467 3398 596 3469 perrulns
611 3398 684 3470 legit
699 3399 892 3456 censcientiam
908 3417 953 3456 se·
1003 3409 1062 3458 tere
1075 3411 1127 3467 est.
1150 3399 1233 3455 cellas
1247 3399 1323 3468 qnasi
1340 3405 1396 3454 tres
1408 3398 1435 3452 in
1451 3396 1561 3452 cellario
1575 3409 1641 3450 nnn.
1657 3397 1692 3450 Et
1706 3395 1807 3454 idcireo

152 3483 282 3554 carnotis,
297 3485 331 3540 ati
348 3500 431 3556 quem
448 3501 510 3542 cum
534 3487 622 3559 magis
643 3495 801 3557 marcuerat
823 3497 952 3562 tanquam
1003 3485 1274 3557 fortino-pluraliter
1298 3485 1419 3544 celloran
1438 3483 1517 3550 dixit,
1538 3490 1566 3540 ot
1580 3498 1635 3538 non
1654 3483 1807 3554 cellerium,

153 3571 187 3626 ae
200 3573 287 3630 sinum
301 3588 440 3630 recurrere
466 3573 580 3630 natust
599 3573 628 3630 Si
650 3575 804 3648 spirituales
817 3579 892 3644 ostis,
908 3577 953 3633 in·
1003 3573 1132 3634 cellarum
1150 3569 1274 3631 videlicet
1297 3573 1369 3629 buno
1396 3584 1539 3628 numerum
1567 3569 1702 3643 cogimus.
1733 3572 1807 3629 lutra

152 3659 251 3716 struite
277 3661 435 3732 hujusmodi
457 3661 487 3718 in
504 3661 599 3733 spiritu
621 3663 756 3729 lenitatis3
776 3667 953 3724 considerans
1002 3665 1120 3738 denique
1129 3663 1310 3719 introductam
1318 3675 1348 3718 se
1359 3660 1533 3734 gloriaturic
1547 3662 1651 3719 octium
1660 3662 1808 3718 cinaeum

152 3748 343 3822 unusquisque
364 3767 394 3806 se
408 3750 509 3822 ipsum,
532 3767 567 3806 ne
580 3759 607 3806 at
628 3750 687 3824 ipse
703 3761 819 3810 tentetur
844 3756 950 3826 (Geloi.
1002 3755 1122 3827 (mute.
1134 3766 1166 3823 n,
1182 3751 1220 3824 l).
1231 3751 1289 3806 Nos
1303 3767 1380 3826 ergo,
1396 3751 1460 3822 qnia
1473 3749 1613 3821 legimns:
1627 3753 1668 3808 lie
1681 3751 1805 3808 cocorn-

151 3853 193 3905 ιι,
203 3839 239 3906 ι).
248 3836 376 3910 Alioquin
386 3837 432 3894 illa
442 3840 474 3894 iu
486 3845 600 3912 peceato
609 3857 659 3900 auo
669 3843 808 3901 omricnrr
818 3861 828 3898 .·
838 3844 954 3916 surpui-
1003 3842 1212 3915 oemsupicuti,
1224 3845 1251 3897 cl
1260 3838 1581 3910 cupientiorurittrroo.
1595 3855 1636 3906 ιιι,
1645 3839 1673 3912 9)
1685 3857 1692 3893 ι
1703 3839 1807 3894 huben·

150 3943 221 3984 cern
233 3931 331 3983 nutum
345 3928 415 4000 ejus,
425 3927 463 3982 ait
475 3928 609 3996 damnus
622 3931 825 4003 tauroque-um
838 3931 950 4005 (limen.
1003 3941 1044 3989 tes
1059 3930 1229 3988 occasionem
1251 3943 1285 3984 ex
1310 3928 1442 3983 vocabulo
1466 3925 1539 3998 quon
1561 3926 1677 3998 Spiritus
1697 3936 1813 3983 sancum

151 4014 492 4084 lesmorrensem.
1003 4019 1080 4076 oeilm
1101 4018 1166 4072 nuic
1192 4014 1296 4072 censuit
1324 4014 1525 4086 imponendum
1557 4013 1670 4084 reliquis
1698 4029 1806 4087 qnoque

187 4107 216 4160 3.
226 4103 307 4158 niune
320 4103 447 4174 quoniam
462 4103 557 4160 litterar
571 4105 766 4178 consequentia
780 4121 813 4162 ex
827 4107 871 4162 bis
890 4123 952 4180 quae
1001 4108 1110 4164 duabus
1122 4104 1230 4162 nemina
1249 4101 1432 4174 imponamus,
1447 4100 1621 4158 aromaticum
1640 4100 1699 4167 uui,
1714 4110 1741 4158 et
1754 4117 1806 4157 uu·
1924 4109 1927 4115 “

151 4191 359 4264 praetaxavimus
372 4191 515 4249 manteau
528 4201 578 4262 cst,
605 4193 749 4250 videamus
759 4197 816 4264 jnm
843 4197 879 4251 da·
893 4197 951 4252 col·
1003 4195 1173 4267 guantsriam
1187 4191 1274 4248 alteri.
1290 4191 1394 4247 &usas
1408 4191 1505 4247 burum
1519 4189 1714 4248 vocabulorum
1727 4191 1806 4247 vitle-

151 4280 226 4338 lariis
241 4279 434 4354 namquid
446 4281 624 4353 spiritualiter
636 4283 736 4340 sentire
749 4283 907 4342 debeamus.
920 4287 951 4341 lu
1003 4283 1092 4340 bimus
1124 4287 1228 4353 postes.
1251 4279 1330 4334 Nunc
1357 4289 1459 4334 auram·
1473 4277 1585 4334 sdrarte
1610 4287 1707 4334 cuncto
1732 4277 1807 4348 apud

151 4371 493 4444 oamqusuribusmomio
508 4371 629 4428 nterim
652 4372 686 4428 de
713 4372 791 4430 burto
815 4375 886 4431 etde
900 4391 952 4433 cu·
1004 4387 1135 4443 sponsum
1154 4369 1282 4434 salubria,
1305 4373 1403 4424 cuncta
1429 4367 1524 4424 suevia
1547 4365 1676 4438 reperiri3
1700 4365 1805 4434 vinum,

152 4461 257 4529 niuniu,
272 4463 423 4536 quisnamne
437 4461 641 4535 nuncadjuuqa
657 4461 717 4518 istis
739 4461 867 4534 cellariis,
882 4473 910 4520 et
922 4464 951 4521 in
1004 4470 1154 4536 unguenta,
1169 4465 1300 4516 aromate.
1315 4460 1427 4524 linum,
1438 4455 1576 4530 Scriptura
1587 4463 1664 4522 teste,
1678 4455 1807 4525 letificet

149 4558 313 4622 presentem
326 4549 533 4622 disputationum
555 4565 664 4607 assumo
680 4570 688 4607 ι
704 4566 767 4606 nam
787 4552 868 4608 simul
892 4561 950 4609 tra·
970 4535 1054 4626 ffros-
1075 4551 1201 4608 mminis-
1224 4550 1311 4620 (Psut.
1330 4563 1388 4614 cur,
1414 4549 1470 4618 ts).
1494 4544 1644 4602 Erbitamri
1667 4546 1805 4602 nibilomi-

152 4639 523 4706 otatameliuscninrieem.
537 4639 713 4697 innotescent.
731 4640 764 4696 lit
787 4638 951 4713 quaeramus,
1004 4645 1055 4698 uns
1076 4641 1171 4696 taciem
1194 4638 1221 4693 in
1246 4638 1307 4693 oleo
1325 4637 1400 4708 legis*
1418 4633 1520 4707 (inid),
1546 4647 1602 4707 quo
1625 4633 1721 4705 utique
1742 4634 1806 4704 pul·

153 4728 181 4785 si
196 4727 358 4801 pharetris
373 4727 464 4784 istain
479 4728 624 4800 scripturis
638 4717 880 4801 sanctianortnm,
896 4733 953 4788 cel·
1004 4733 1044 4787 ris
1071 4727 1271 4802 pigmentorum
1299 4724 1459 4793 infrunitum
1486 4730 1516 4778 Ui
1548 4731 1690 4794 unguem
1725 4719 1804 4779 Μ·

152 4817 262 4887 larium,
284 4817 496 4875 cubiculumln
516 4817 583 4888 ipsis
605 4831 703 4889 nempe
730 4817 849 4874 libanam
869 4817 954 4876 linum
1007 4820 1133 4874 Aromata
1149 4831 1206 4872 non
1223 4814 1304 4871 muno
1326 4821 1406 4884 prata
1424 4811 1556 4869 suavitate
1580 4809 1684 4875 odona,
1709 4811 1756 4866 scd
1778 4811 1807 4869 ri

152 4906 249 4964 sitium
269 4907 364 4964 enims
389 4913 516 4964 uniatur
539 4914 574 4962 at.
589 4915 720 4973 moratur,
745 4907 833 4964 emens
858 4918 889 4964 se
917 4908 955 4964 ιιι
1006 4921 1115 4979 quoqne
1130 4903 1252 4960 medendi
1271 4901 1352 4957 utilis«
1366 4905 1440 4956 stunt.
1456 4899 1555 4956 berito
1580 4898 1805 4956 suiutroduotam

151 4997 257 5067 abque
272 4996 355 5054 dubio
374 4996 634 5066 inucnnrramqnem
644 4995 710 5052 sitit.
724 4995 765 5052 Sit
783 4997 873 5069 itequc
887 4999 955 5054 bor·
1006 4993 1075 5050 illue
1096 4991 1214 5048 emittat
1233 4989 1347 5060 'sponsu
1370 4987 1418 5044 nbi
1446 4993 1519 5043 tanta
1544 4987 1676 5045 mtnntlat
1695 4988 1806 5044 unarns

151 5094 200 5150 tus
214 5085 328 5159 simplex
342 5102 373 5143 ac
395 5087 476 5158 plana
488 5083 620 5150 bistonn
634 5084 671 5140 ait
693 5084 832 5142 cellarium
846 5087 957 5144 moralis
1007 5079 1112 5155 gratiss.

151 5189 268 5242 senatus
281 5175 317 5232 sit
331 5175 488 5232 cubiculum.
502 5187 630 5233 mutuum
649 5173 775 5230 theorice
792 5177 958 5246 contempla·
1042 5174 1070 5226 o.
1087 5167 1285 5225 Scribebaoet
1296 5165 1349 5221 alia
1361 5163 1472 5222 nomina
1491 5171 1556 5236 puto
1570 5173 1602 5220 et
1611 5162 1804 5221 evidentiorem
1826 5227 1828 5232 ¹

152 5263 247 5320 nonis
1007 5257 1185 5331 suiqrrenua
1197 5255 1339 5312 rationem.
1354 5253 1387 5309 nt
1401 5252 1431 5308 ιι
1445 5251 1604 5310 socordiae
1618 5252 1831 5318 nominantem.

191 5355 221 5410 ta
235 5351 394 5425 litprlnrum
412 5352 522 5426 quiitem
538 5350 678 5407 bistonum
703 5350 741 5407 etl·
759 5349 869 5408 bertum
891 5361 958 5424 puto
1008 5347 1123 5419 primum
1137 5343 1346 5417 nuncupaverim
1364 5340 1526 5413 discipilum
1543 5341 1699 5404 secundam,
1715 5348 1830 5399 natu-,v

153 5457 211 5500 non
238 5441 375 5500 immerito
398 5441 623 5513 depensuram
636 5440 664 5496 in
678 5455 711 5496 sa
725 5439 893 5498 inveniantur
907 5441 966 5498 riri'
1009 5441 1062 5506 reg
1086 5439 1258 5505 postremam,
1273 5430 1376 5504 grstia.
1399 5431 1430 5485 ln
1444 5429 1529 5502 priori
1545 5428 1628 5485 discis
1647 5429 1722 5499 juxta
1736 5428 1804 5484 etni-

154 5530 296 5597 rirtutum‚
310 5538 441 5604 usquam
468 5530 543 5602 ligno
561 5527 701 5586 iructilera
723 5527 751 5584 in
770 5530 851 5585 barto
864 5530 958 5600 sponsi
1010 5540 1051 5582 cu
1068 5522 1159 5594 pertis
1176 5520 1305 5577 rationem
1326 5519 1439 5575 inferior
1463 5533 1535 5586 esse,
1553 5517 1583 5572 in
1608 5517 1729 5590 sananti
1745 5531 1804 5588 par,

154 5626 185 5677 et
197 5619 225 5674 iu
244 5619 372 5692 paradiso
390 5618 451 5686 liei,
464 5617 500 5676 de
516 5634 635 5691 qnorum
648 5617 840 5686 babitantibus
854 5633 959 5674 mmo·
1009 5613 1038 5669 in
1052 5610 1206 5686 posteriore
1217 5609 1344 5679 superior
1358 5625 1366 5668 :
1381 5610 1433 5663 h'cc
1447 5614 1500 5674 est,
1514 5607 1565 5660 sub
1578 5604 1641 5676 alio,
1657 5619 1719 5660 cnm
1733 5605 1804 5674 elio,

157 5707 550 5782 ribassrastoanrisescmpla,
564 5709 605 5766 tot
617 5705 813 5782 urpirponu
827 5706 878 5767 nn.
888 5705 965 5768 itrto
1009 5713 1092 5774 super
1105 5699 1209 5770 nnuma
1218 5699 1260 5759 rel
1273 5698 1324 5770 sic,
1339 5697 1465 5765 annasse
1478 5709 1583 5766 cumae,
1599 5697 1727 5766 preesse.
1743 5691 1807 5748 nri·
