4118 6346
309 417 362 474 327

765 413 793 467 S.
810 411 987 468 ssuunubt
1000 411 1143 468 neentis
1158 411 1502 480 eblum-vntumtsrs
1920 417 1969 467 :its

309 556 368 596 rum
384 535 522 604 incumbit,
542 550 578 592 ne
595 550 648 592 nos
661 533 790 607 perderet
804 535 832 590 in
851 542 994 592 aternum.
1009 536 1044 590 Et
1053 550 1104 606 pc-
1121 551 1144 628 Α
1162 544 1241 593 terrae
1262 543 1382 600 medium
1403 547 1563 620 appellatur.
1580 547 1620 602 nd
1636 545 1710 600 illam
1733 539 1828 604 euim,
1845 537 1926 592 sicut
1939 539 1967 590 ai

309 636 397 684 tenter
414 627 524 698 quidem
551 624 643 680 omnia
665 623 777 691 fecerat,
801 631 829 680 et
850 624 988 696 sapienter
1014 625 1106 680 omnia

303 720 486 792 gubernabat,
506 727 535 774 et
561 726 737 790 utrarumque
766 733 868 783 rerum,
902 725 956 771 tarn
977 717 1105 788 potentiae

305 824 387 880 quam
404 807 554 878 sapientiae,
569 805 646 879 signa
665 803 883 861 manifestissima
897 806 1060 860 tenebantur
1078 805 1104 860 id

306 897 445 953 creatione
465 903 493 951 et
512 893 719 950 conversatione
743 893 876 950 maclrinae
898 894 1051 949 mundialis.
1072 896 1105 948 Et

307 985 413 1042 bonitas
428 983 537 1055 quidem
552 983 579 1037 in
592 983 649 1038 Deo
667 987 734 1048 crat,
750 989 777 1036 ct
789 983 897 1038 bonitas
910 983 995 1040 multa
1008 982 1104 1048 uimis;

307 1074 356 1130 sed
370 1073 472 1128 lrtebat
484 1073 512 1126 in
531 1071 613 1127 corde
636 1070 732 1134 Patris,
757 1071 919 1126 cumulanda
942 1070 1105 1142 quandoque

307 1178 384 1232 super
409 1178 497 1233 genus
511 1159 625 1216 liliorum
649 1159 737 1216 Adam
751 1158 778 1213 in
803 1165 923 1230 tempore
941 1165 1102 1230 opportune.

306 1248 420 1305 Dicebat
442 1257 532 1305 minen
553 1249 701 1304 Dominus:
734 1251 788 1318 Epo
810 1248 898 1317 copto
920 1246 1105 1317 cogitationes

305 1339 384 1409 pacis
398 1338 510 1408 (terem.
527 1353 611 1404 xxix,
628 1337 684 1407 tl),
699 1342 728 1390 nt
736 1335 854 1392 mitteret
868 1335 947 1391 nobis
960 1333 1047 1398 illum,
1058 1332 1104 1404 qui

307 1431 349 1480 est
373 1440 425 1496 pax
449 1432 551 1488 nostra,
576 1425 624 1498 qui
648 1424 711 1480 iecit
733 1432 848 1494 utraque
876 1439 970 1489 uuum,
996 1430 1025 1477 ut
1048 1424 1104 1492 jam

307 1515 384 1570 daret
404 1529 501 1585 pacem
514 1530 597 1586 super
611 1529 708 1586 pacem
724 1513 765 1568 bis
778 1513 825 1584 qni
846 1512 937 1585 longe,
962 1519 990 1566 et
1008 1525 1104 1583 pacem

308 1602 348 1656 iris
366 1601 414 1673 qui
436 1617 522 1673 prope
546 1601 659 1674 (Epicu.
684 1618 713 1670 ιι,
739 1602 782 1668 ιι,
801 1601 855 1670 tt).
882 1599 1000 1654 Verbum
1023 1599 1105 1672 igitur

307 1689 357 1744 Dei
371 1689 399 1743 in
414 1689 521 1744 sublimi
536 1689 721 1755 constitutum,
742 1696 771 1743 ut
792 1688 826 1742 ad
854 1703 904 1744 nos
927 1687 1106 1743 descenderet

308 1777 418 1850 propria
433 1778 586 1852 benignitas
602 1775 684 1834 981
705 1776 837 1843 ιιιιιιιιι,
853 1776 1037 1831 misericordia
1051 1783 1106 1830 tra-

1159 627 1290 693 medium,
1307 633 1375 688 sicut
1394 636 1426 690 ad
1447 652 1539 692 aream
1564 635 1624 700 Dei,
1648 633 1718 688 sicut
1732 627 1769 685 ad
1783 641 1891 682 rerum
1907 641 1968 680 cau·

1159 733 1228 784 sam,
1244 720 1312 775 sicut
1334 723 1368 777 ad
1392 725 1533 798 negotium
1560 723 1730 786 saeculcrum,
1760 713 1966 786 respiciente

1159 807 1204 877 qui
1219 807 1246 861 in
1261 810 1331 865 coelo
1354 811 1486 885 habitant,
1501 823 1528 870 et
1552 803 1597 886 q'ui
1623 812 1649 866 in
1668 809 1789 873 inferne,
1805 815 1839 860 et
1858 803 1910 874 qui
1927 820 1967 858 ue

1160 909 1367 966 praecesserunt,
1382 912 1410 957 et
1424 917 1475 956 nos
1493 902 1538 973 qui
1562 916 1663 963 sumus,
1678 906 1707 955 et
1730 896 1779 969 qui
1795 903 1965 964 sequentur.

1160 994 1187 1041 et
1201 987 1255 1041 nati
1285 996 1417 1057 natorum,
1434 997 1462 1045 et
1476 991 1521 1062 qui
1536 997 1693 1053 nascentur,
1714 987 1748 1042 ab
1766 984 1841 1038 illis.
1870 981 1912 1035 llli
1929 999 1964 1052 qn

1160 1083 1221 1130 sunt
1240 1075 1267 1129 in
1280 1077 1360 1144 coelo,
1375 1086 1404 1133 ut
1417 1079 1614 1144 resarciantur;
1641 1084 1668 1132 et
1683 1075 1730 1148 qui
1745 1074 1777 1127 in
1794 1069 1928 1126 inferno,
1944 1081 1963 1120 ιι

1160 1162 1325 1237 eripiautnr3
1340 1165 1386 1237 qui
1414 1174 1621 1238 praecesserunt.
1642 1174 1670 1220 ut
1691 1163 1847 1234 propbetae
1878 1158 1964 1212 lideie

1159 1249 1349 1320 inveniantur,
1377 1253 1423 1325 qui
1451 1261 1611 1327 sequuntur,
1627 1259 1657 1308 ut
1676 1249 1893 1326 glorificentur.
1928 1247 1958 1300 Er

1159 1339 1267 1394 beatam
1287 1348 1313 1395 te
1328 1341 1420 1398 dicent
1434 1357 1530 1398 omnes
1549 1339 1741 1415 generationes
1767 1337 1860 1409 (Lac.
1881 1350 1902 1398 r,
1918 1337 1960 1394 ts.

1159 1427 1282 1484 Genitrix
1297 1429 1356 1499 Dei,
1373 1429 1483 1486 domina
1505 1429 1607 1493 mundi,
1631 1427 1725 1501 regina
1745 1424 1828 1482 coeii.
1855 1422 1959 1477 Omne-2

1159 1517 1279 1588 inquam,
1295 1519 1496 1588 generationes.
1512 1519 1580 1574 Sunt
1594 1518 1666 1572 enim
1681 1513 1900 1588 generationes
1914 1514 1954 1566 eci

1159 1613 1185 1660 et
1204 1613 1292 1660 terrae.
1319 1609 1405 1663 Pater
1427 1608 1590 1680 spirituum,
1615 1606 1651 1660 ait
1670 1601 1844 1676 ApostoluS,
1863 1616 1904 1655 ex
1918 1617 1951 1670 qa

1159 1695 1249 1748 omnis
1278 1695 1434 1761 paternitas
1452 1696 1484 1750 ιιι
1504 1696 1570 1750 coetc
1592 1701 1621 1749 et
1635 1693 1665 1747 iu
1688 1685 1767 1748 terra
1790 1689 1956 1742 nominata·

1159 1779 1268 1851 (Epiros.
1280 1795 1320 1849 ru,
1338 1781 1391 1852 tt).
1404 1781 1443 1835 Ex
1455 1783 1505 1837 lroc
1515 1796 1581 1852 ergo
1592 1782 1699 1836 beatam
1709 1786 1738 1832 te
1751 1776 1856 1830 dicent
1874 1789 1956 1829 omne

309 1866 356 1936 xit,
371 1865 472 1922 ueritas
494 1881 547 1937 qua
566 1881 596 1920 se
622 1865 785 1935 promiserat
810 1871 953 1919 venturum
978 1863 1105 1934 compulit
1122 1851 1144 1928 Β
1159 1869 1360 1939 generationes,
1377 1885 1438 1940 quae
1457 1870 1581 1926 omnibus
1600 1865 1835 1940 generationibus
1847 1866 1957 1918 vitamet

309 1953 412 2022 puritas
425 1954 495 2008 uteri
510 1953 650 2024 virginalis
664 1952 738 2008 salva
763 1952 881 2022 Virginis
903 1951 1023 2021 suscepit
1036 1953 1105 2006 inte·
1160 1957 1448 2028 gloriamgenuistffln
1460 1967 1486 2013 ιι
1497 1959 1570 2014 enim
1582 1957 1670 2029 angeli
1681 1953 1905 2024 laeririam,j11sti
1916 1969 1953 2015 gu..

308 2041 418 2110 gritate,
456 2040 578 2112 potentia
606 2040 709 2104 eduxit,
742 2040 897 2096 obedientia
923 2040 950 2094 in
982 2041 1106 2096 omuibus
1160 2037 1770 2118 tiam,peceatoresveniaminveuinnqatias,
1785 2044 1950 2101 inveneram

308 2129 429 2194 deduxit,
446 2128 575 2200 patientia
598 2129 720 2193 armavit,
746 2129 862 2184 charitas
876 2129 967 2186 uerbis
986 2138 1014 2184 et
1028 2130 1108 2184 mira·
1160 2134 1187 2188 in
1207 2141 1351 2190 aternum.
1381 2135 1477 2190 lierito
1504 2134 1531 2190 iu
1556 2144 1582 2191 te
1602 2133 1751 2204 respiciunt
1779 2131 1861 2187 oculi
1890 2139 1956 2184 tcum

308 2217 375 2274 culis
390 2217 582 2276 rnanttcsravit.
1160 2230 1302 2291 creatura,
1332 2221 1395 2293 qnia
1417 2223 1443 2276 in
1467 2231 1504 2290 te,
1527 2231 1555 2278 et
1574 2239 1624 2293 per
1648 2231 1684 2287 te,
1701 2219 1782 2276 etde
1801 2227 1832 2274 te
1849 2218 1954 2285 benigr-

344 2311 372 2362 3.
388 2307 500 2364 Prorsus
513 2306 679 2378 amplissima
690 2307 755 2362 milri
770 2323 840 2364 nnnc
862 2308 976 2364 materia
999 2315 1027 2363 et
1050 2325 1107 2364 ma·
1160 2323 1256 2364 manus
1280 2308 1481 2380 Omnipotentis
1504 2309 1633 2381 quidquid
1656 2315 1803 2364 creaverat
1819 2317 1951 2361 recreant

308 2396 395 2451 lemur
419 2412 541 2452 meorum
559 2395 690 2469 suppetit,
707 2405 735 2452 et
761 2397 892 2452 bonerum
917 2395 1023 2452 Domini
1043 2395 1105 2460 mei,
1197 2400 1222 2451 ιι.
1240 2397 1394 2454 Placebitne
1418 2397 1476 2464 tibi,
1503 2397 1618 2452 Domine
1641 2399 1716 2467 lesu,
1737 2396 1881 2451 utdones
1900 2393 1945 2446 ιιι

310 2492 337 2539 ιι
359 2501 420 2542 cum
448 2485 623 2560 cogitaverim
651 2485 706 2542 vias
732 2500 815 2548 meas,
844 2493 1000 2542 convertam
1023 2483 1108 2554 pedes
1160 2485 1242 2540 vitam
1257 2492 1340 2554 tuam,
1361 2485 1429 2541 sicut
1448 2485 1548 2542 dedisti
1573 2481 1897 2555 conceptionem‘l-quia
1911 2497 1948 2535 aar

309 2590 385 2631 meos
398 2575 427 2629 in
441 2574 595 2630 testimonia
608 2589 667 2630 sna.
682 2574 728 2629 illa
747 2575 821 2630 enim
841 2574 912 2632 bona
939 2570 1107 2628 incessabilia
1160 2573 1247 2629 solnm
1262 2574 1402 2645 conceptio
1417 2589 1478 2630 mea
1492 2574 1643 2644 immunda,
1660 2574 1709 2629 sed
1724 2587 1805 2627 mors
1817 2585 1945 2642 perversu.

308 2673 380 2732 sunt,
395 2663 460 2736 quia
473 2671 504 2719 ut
517 2663 593 2720 brevi
619 2662 704 2720 verbo
728 2671 824 2718 cuncta
852 2661 1024 2725 concludam,
1040 2660 1107 2715 nibil
1160 2662 1215 2718 rita
1234 2663 1393 2734 periculosa,
1410 2669 1438 2718 et
1452 2671 1513 2734 post
1528 2670 1644 2718 mortem
1656 2667 1738 2717 restat
1753 2675 1836 2716 mors
1845 2659 1946 2730 gratier.

308 2753 406 2810 rnclius
420 2753 542 2808 invenire
556 2751 652 2824 potuit,
668 2752 806 2806 undenos
829 2750 975 2807 redimeret
989 2749 1104 2822 Sapien-
1161 2765 1234 2806 mors
1248 2751 1447 2808 secunda.Non
1462 2746 1559 2818 solum,
1575 2751 1621 2818 ait,
1631 2750 1849 2821 conceptionem
1865 2763 1945 2802 mean

310 2843 346 2898 tia
361 2842 410 2900 Dei
425 2842 452 2896 in
467 2840 542 2896 omni
565 2839 700 2911 sapientia
722 2855 779 2894 sua.
797 2838 851 2894 Sed
864 2845 892 2894 et
905 2839 977 2894 mala
994 2837 1107 2894 circum·
1160 2838 1208 2894 sed
1228 2845 1255 2894 et
1269 2839 1350 2894 vitam
1376 2855 1480 2908 meam;
1502 2847 1528 2894 et
1549 2839 1601 2894 boc
1622 2855 1672 2909 per
1695 2837 1827 2912 singulos
1856 2845 1945 2891 astatus

308 2931 441 2988 dederant
470 2943 531 2993 nes,
560 2943 674 3000 quornm
703 2941 757 2984 non
784 2934 842 2982 erat
866 2937 1015 2994 uumerus;
1043 2926 1107 2994 quia
1159 2926 1270 2997 gradus,
1291 2925 1420 2996 infantiae,
1434 2925 1783 2997 pueritiae,adolescentiae,
1797 2927 1945 2995 juventam.

308 3018 529 3090 ruccunio'ustus
542 3014 768 3087 loquiturltrtper
778 3029 1106 3072 commemorcnoemc-
1160 3015 1209 3070 tibi
1237 3015 1356 3084 donabo,
1390 3015 1524 3084 adjiciens
1559 3023 1683 3082 mortem,
1714 3014 1946 3069 resurrectionen.

309 3109 548 3177 ris,·et:Propter
556 3120 660 3162 comm
670 3109 762 3172 tuum,
775 3104 901 3168 Dotatae,
909 3103 1106 3177 propitiaberis
1160 3101 1358 3170 ascensionem,
1388 3109 1415 3158 et
1437 3102 1593 3158 missionem
1622 3101 1739 3173 Spiritus
1777 3102 1882 3156 saneti.
1907 3101 1947 3154 iim
1987 3149 1988 3178 ι

308 3193 664 3269 pcccatonacsmuttam
679 3197 720 3250 est
745 3193 822 3248 caim
844 3191 931 3260 (Psoi.
947 3205 1028 3258 xxiv,
1047 3191 1103 3262 ll).
1123 3151 1251 3247 cautem
1266 3189 1338 3260 ideo,
1354 3197 1384 3246 ut
1397 3191 1540 3263 conceptio
1569 3206 1629 3246 mea
1645 3191 1778 3246 emundet
1804 3199 1893 3254 tuam,
1909 3193 1947 3242 ιιι
1987 3203 1988 3212 ³

310 3285 407 3342 llissus
420 3291 462 3340 est
480 3282 592 3340 coluber
607 3287 745 3338 tortuosus
758 3294 774 3335 a
789 3278 907 3346 diabolo,
921 3287 951 3333 nt
969 3294 1105 3336 venenum
1160 3293 1221 3333 mea
1231 3278 1347 3334 instruat
1361 3286 1445 3348 tuam,
1461 3294 1535 3333 mors
1549 3294 1610 3333 mea
1624 3279 1746 3334 destruat
1763 3286 1855 3344 tuam,
1872 3294 1947 3334 resur-

311 3389 362 3444 per
373 3388 453 3442 aures
466 3371 588 3428 mulieris
603 3369 630 3425 iu
646 3369 730 3441 ipsius
745 3371 866 3424 mentem
893 3365 1103 3437 transfunderet,
1160 3366 1245 3423 rectio
1259 3383 1320 3422 mea
1339 3365 1476 3439 praecedat
1490 3372 1574 3435 tuam,
1599 3367 1724 3422 ascensio
1740 3383 1806 3422 mea
1827 3379 1947 3439 praepare:

310 3461 391 3517 etsie
415 3459 573 3516 refunderet
597 3457 625 3514 in
640 3457 722 3514 totius
750 3453 920 3527 posteritatis
945 3453 1102 3524 originem:
1159 3463 1242 3524 tuam,
1268 3470 1349 3526 porro
1376 3455 1491 3526 Spiritus
1518 3453 1606 3510 ΜΩ
1634 3455 1745 3526 adiuvet
1775 3455 1947 3510 infirmitatem

310 3551 411 3611 miastrs
422 3558 464 3606 est
482 3548 592 3604 interim
616 3543 723 3612 Gabriel
746 3545 860 3618 angelus
884 3544 982 3608 aDeo,
996 3552 1026 3599 ut
1041 3543 1106 3599 Ver·
1159 3551 1242 3600 tuam.
1268 3543 1313 3599 Sic
1332 3543 1404 3598 enim
1434 3544 1515 3616 plane
1541 3543 1646 3600 ridebis
1663 3551 1690 3598 et
1704 3545 1779 3599 viam
1808 3559 1864 3615 per
1884 3561 1945 3615 quan

311 3637 374 3694 bntn
391 3637 476 3692 Patris
490 3651 541 3708 per
552 3650 647 3690 aurem
669 3632 785 3705 Virginis
802 3633 829 3687 in
843 3640 969 3689 ventrem
981 3638 1009 3686 et
1023 3646 1105 3686 men·
1159 3631 1294 3698 ambules;
1315 3640 1343 3687 et
1369 3633 1502 3687 cautelam
1530 3647 1583 3702 qua
1611 3632 1744 3698 ambules,
1767 3640 1798 3687 et
1810 3635 1861 3687 ‘ad
1885 3648 1945 3704 quau

311 3733 367 3782 torn
380 3725 467 3798 ipsius
479 3729 626 3787 eructaret,
641 3730 671 3777 ut
683 3721 780 3778 eadem
805 3720 847 3776 via
861 3719 978 3774 intraret
1000 3719 1106 3774 antido·
1159 3719 1281 3774 ambules
1303 3719 1484 3775 mansionem.
1504 3721 1535 3774 in
1549 3720 1603 3776 rita
1626 3736 1687 3776 mea
1710 3735 1874 3794 cognosces
1896 3723 1945 3774 rinc

315 3824 382 3882 tum,
398 3831 452 3886 qua
465 3828 601 3872 uenenum
615 3811 772 3868 intrauerat.
785 3809 855 3866 Vere
865 3807 982 3864 vidimus
991 3807 1105 3878 gloriam
1159 3815 1242 3876 tuam,
1264 3814 1294 3863 ut
1312 3807 1382 3863 sicut
1405 3823 1458 3882 ego
1480 3809 1646 3880 paupertatis
1667 3816 1694 3865 et
1713 3809 1899 3877 obedientiae,
1917 3812 1946 3862 lu

312 3907 382 3976 ejus,
406 3903 522 3976 gloriam
546 3899 622 3974 quasi
651 3897 782 3970 unigeniti
803 3899 927 3966 aPatre3
942 3895 1006 3968 quia
1019 3902 1105 3953 totum
1159 3896 1278 3952 militatis
1305 3902 1333 3953 et
1364 3897 1512 3968 patientia,
1551 3897 1687 3952 alteritatis
1710 3905 1740 3952 et
1762 3898 1944 3956 miserieonlis

312 4003 458 4065 paternum
470 3999 524 4059 est,
545 3988 618 4062 quod
637 3988 672 4042 de
687 3987 770 4044 corde
783 3986 870 4041 Patris
884 3984 1006 4041 Christus
1016 3983 1106 4038 attulit
1158 3985 1367 4042 indeclinabiles
1381 3985 1492 4041 semitas
1507 3986 1597 4057 tenui3
1618 3987 1657 4042 sic
1673 3993 1699 4042 et
1715 3994 1743 4041 tu
1756 3988 1870 4044 eisdem
1884 3999 1945 4044 resur

311 4079 399 4146 uobis,
415 4074 524 4140 utnilril
547 4073 574 4128 in
589 4072 656 4128 Filio
678 4071 727 4126 Dei
752 4070 804 4126 uisi
827 4069 917 4136 dulce,
936 4069 989 4125 nisi
1011 4075 1104 4140 pater·
1159 4071 1212 4142 giis
1223 4070 1344 4139 incedas,
1360 4083 1415 4125 nen
1434 4069 1575 4126 declinans
1593 4070 1627 4125 ad
1646 4070 1801 4140 dexteram,
1823 4076 1945 4145 nequeat

311 4178 388 4230 uum,
403 4158 515 4214 humani
529 4156 639 4227 generis
649 4153 794 4226 trepidatio
804 4153 966 4224 suspicetur.
978 4155 1002 4207 Α
1014 4152 1105 4223 planta
1158 4155 1304 4211 sinistram.
1320 4155 1351 4210 In
1366 4161 1454 4211 morte
1475 4161 1565 4212 autem
1579 4171 1640 4210 mea
1663 4155 1735 4212 dabo
1758 4156 1812 4212 tibi
1831 4159 1945 4228 justitian

313 4244 491 4315 pedicasque
511 4239 545 4294 ad
560 4239 688 4295 uerticem
704 4253 759 4294 non
783 4245 841 4292 orat
855 4237 883 4292 in
902 4237 980 4293 uobis
994 4237 1103 4292 multas.
1159 4255 1257 4308 aream,
1273 4239 1434 4310 dirumpens
1446 4238 1542 4312 jugum
1553 4239 1714 4312 captiuitatis
1727 4247 1795 4310 tuae,
1812 4249 1841 4297 et
1857 4259 1945 4314 expug-

312 4327 511 4382 Errareramus
523 4322 558 4377 ab
581 4328 672 4388 utero,
689 4321 717 4377 in
730 4329 809 4378 utero
824 4320 946 4376 damnati
960 4327 1105 4391 antequanm
1160 4339 1229 4380 naus
1251 4325 1343 4382 hostes
1357 4324 1403 4396 qui
1418 4331 1481 4382 sunt
1494 4323 1522 4379 iu
1539 4325 1592 4394 uia,
1608 4325 1651 4381 vel
1665 4326 1742 4395 J'uxta
1760 4326 1848 4396 riam,
1866 4335 1895 4382 ut
1906 4343 1943 4381 nc:

314 4409 381 4476 nati,
395 4407 458 4481 quia
473 4407 507 4464 de
527 4411 639 4478 peccato
653 4411 681 4462 et
695 4405 723 4460 iu
737 4413 850 4477 peccato
863 4404 998 4475 concepti.
1163 4416 1302 4480 apponant
1319 4408 1436 4480 amplius
1448 4423 1549 4464 nocere
1566 4408 1624 4465 tibi.
1640 4408 1687 4464 iiis
1701 4417 1795 4466 autem
1811 4413 1944 4483 completa.

349 4497 376 4552 d.
392 4493 515 4550 Christus
530 4505 597 4564 ergo
611 4489 648 4544 ibi
661 4487 780 4561 primum
789 4489 954 4546 medicinam
969 4489 1103 4562 apposuit,
1119 4452 1143 4529 ὓ
1164 4501 1287 4552 revertar
1313 4493 1341 4548 in
1366 4493 1476 4549 domum
1503 4507 1592 4548 meam
1617 4493 1689 4549 unde
1716 4493 1808 4563 exiri;
1826 4503 1855 4551 et
1868 4496 1945 4554 oribe

311 4580 358 4638 ulri
380 4577 485 4653 primus
499 4575 603 4635 vulneri
618 4574 728 4645 patebat
740 4575 815 4631 locus
832 4591 838 4631 :
855 4584 883 4632 et
896 4573 1106 4633 substantialiter
1158 4576 1223 4648 illis,
1239 4593 1300 4650 quae
1313 4577 1341 4632 in
1355 4576 1493 4634 montibus
1508 4585 1707 4648 remanserant,
1722 4584 1751 4632 et
1763 4594 1836 4650 quas
1850 4591 1945 4652 propter

315 4674 394 4723 utero
409 4661 529 4740 Virginis
545 4660 666 4734 illapsus,
681 4659 716 4715 de
731 4658 832 4732 Spiritu
853 4668 946 4716 sancto
958 4668 1107 4732 conceptus

314 4759 356 4808 est
370 4769 376 4820 3
392 4757 423 4806 ut
441 4747 648 4820 conceptionem
663 4755 783 4801 nestrum
793 4747 945 4817 mundaret,
958 4760 1040 4817 quarn
1050 4744 1107 4816 spi-

318 4835 385 4892 ritns
413 4832 510 4902 mains,
533 4831 555 4888 si
570 4846 625 4888 non
651 4829 764 4900 lecerat,
791 4838 881 4887 tamen
910 4827 1039 4886 iniecerat
1054 4847 1061 4883 :
1076 4835 1107 4884 ut

313 4931 369 4973 non
383 4925 457 4972 (asset
471 4915 552 4970 etiam
567 4914 594 4970 iu
609 4921 688 4972 utero
702 4915 757 4972 rita
771 4913 855 4987 ipsius
870 4914 966 4986 otiosa,
981 4914 1046 4971 dum
1060 4929 1106 4969 no

313 5016 377 5060 rem
390 4998 530 5055 mensibus
552 5005 650 5069 purget
671 4997 769 5056 uulnus
793 4998 944 5071 antiquum,
969 5005 1104 5066 scrutans,

308 5093 343 5142 ut
356 5084 466 5148 dicitur,
496 5081 630 5154 usquead
645 5081 729 5138 imum
743 5081 916 5155 putredinem
933 5079 1103 5148 virulentam,

311 5180 340 5228 ut
354 5169 456 5226 sanitas
470 5165 636 5236 sempiterna
654 5167 822 5222 succederet.
840 5167 871 5221 Et
896 5173 959 5221 tunc
972 5167 1030 5235 jam
1044 5180 1107 5236 ope-

313 5257 423 5312 rabatur
451 5251 565 5308 salutem
591 5255 714 5305 nostram
728 5250 755 5304 in
769 5251 860 5307 medie
880 5258 970 5320 terrae,
986 5250 1013 5305 in
1028 5257 1107 5306 utero

314 5339 452 5406 videlicet,
465 5333 581 5408 i'irginis
595 5335 696 5405 Mariae,
712 5351 784 5408 quae,
799 5335 915 5391 mirabili
928 5334 1104 5407 proprietate,

354 5461 578 5588 (thGertissima
592 5465 672 5518 vocat
686 5460 764 5538 signa
776 5475 808 5518 eo
823 5462 966 5532 modoque
981 5475 1108 5516 sermone

317 5533 375 5589 lin
418 5541 495 5591 ctare
515 5533 636 5598 Paschae,
651 5547 726 5588 num.
744 5535 770 5597 3,
786 5531 831 5588 ubi
848 5553 860 5584 ι
880 5531 1014 5588 certitudo
1030 5529 1109 5586 nobis

317 5604 430 5660 omnino
452 5610 577 5675 negatur.
602 5623 616 5656 ι
637 5603 737 5660 Confer
751 5619 908 5678 sermonem
923 5607 936 5657 l
950 5602 978 5657 in
992 5605 1109 5672 Septua-

314 5673 433 5754 gesiara,
446 5689 522 5733 unm.
539 5679 552 5730 t
571 5691 578 5730 ι
597 5693 610 5726 c
631 5673 827 5732 certitudinem
846 5673 939 5745 utique
952 5687 1007 5730 non
1026 5674 1110 5730 lrabe-

1160 4671 1187 4720 te
1209 4661 1383 4734 reliqueram,
1400 4669 1429 4718 ut
1443 4669 1470 4718 te
1489 4676 1545 4718 uon
1569 4661 1738 4730 reducerem,
1763 4664 1817 4719 sed
1843 4677 1944 4737 reporta

1159 4763 1227 4815 rem,
1244 4746 1354 4802 reddam
1370 4745 1465 4804 taciem
1484 4763 1583 4804 meam.

1195 4833 1222 4886 6.
1242 4832 1277 4886 ιιι
1288 4846 1322 4886 ne
1337 4829 1372 4885 de
1387 4830 1513 4886 absentia
1524 4845 1587 4886 mea
1599 4829 1643 4887 rel
1656 4845 1824 4902 murmures,
1839 4831 1885 4890 rel
1897 4849 1945 4889 eae

1159 4913 1285 4986 tristeris,
1309 4913 1412 4969 mittam
1434 4914 1481 4970 tibi
1503 4913 1632 4986 Spiritum
1655 4914 1841 4986 Paracletum,
1854 4918 1944 4990 quilii.

1160 4999 1243 5056 donet
1266 4998 1364 5071 pignus
1382 4998 1485 5068 salutis,
1510 5000 1593 5056 robur
1615 4999 1687 5070 vitae,
1716 4999 1844 5057 scientiae
1858 5003 1944 5058 lumen

1159 5084 1260 5156 Pignus
1274 5082 1376 5154 salutis,
1389 5091 1418 5139 ut
1439 5084 1497 5156 ipse
1522 5083 1637 5155 Spiritus
1660 5084 1757 5140 reddat
1772 5087 1945 5144 testimouium

1159 5166 1264 5238 spiritui
1292 5174 1347 5236 tuo,
1380 5167 1453 5238 quod
1480 5165 1550 5223 filius
1574 5167 1625 5223 Dei
1653 5167 1713 5224 sis:
1740 5168 1789 5239 qui
1808 5171 1945 5226 certissimi
1986 5185 1987 5280 ι

1160 5251 1236 5322 signa
1260 5251 1506 5322 praedestinationis
1535 5259 1587 5306 tuae
1609 5252 1683 5307 cordi
1706 5260 1753 5307 tuo
1777 5252 1916 5326 imprimar
1930 5270 1945 5310 ι’
1986 5285 1987 5328 ι

1160 5334 1285 5391 ostendat
1304 5336 1380 5406 (litia
1396 5335 1442 5407 qni
1471 5335 1553 5390 donet
1576 5335 1694 5391 laetitiam
1710 5335 1738 5390 in
1753 5337 1842 5394 corde
1860 5347 1913 5398 too.
1930 5357 1947 5391 r.

1163 5475 1233 5528 mus,
1249 5459 1297 5514 sed
1312 5458 1370 5540 spei
1391 5457 1489 5514 fiducia
1511 5459 1666 5516 consolatur
1689 5475 1749 5516 nos.
1777 5462 1897 5535 Propter
1910 5465 1948 5518 bor
1986 5517 1987 5520 ,

1164 5531 1226 5585 data
1236 5537 1299 5585 sunt
1308 5545 1385 5604 srgna
1395 5530 1519 5600 quaedam
1530 5536 1557 5584 et
1567 5529 1664 5584 iudicia
1674 5530 1821 5588 manifesta
1833 5535 1924 5592 salutis
1935 5575 1947 5586 ..
1986 5536 1987 5567 r

1153 5607 1195 5657 ut
1209 5600 1306 5671 quibus
1320 5600 1508 5656 certitudinem
1519 5607 1604 5672 negat
1614 5617 1693 5656 causa
1703 5602 1905 5666 sollicitudinis.
1917 5624 1949 5659 ιι

1153 5670 1294 5728 ·fiduciam
1308 5678 1419 5743 praestet
1432 5671 1518 5746 gratia
1534 5671 1734 5730 consolationis.
1756 5695 1769 5723 s
