4150 6348
170 407 222 470 481
597 400 630 461 ΙΝ
648 397 808 461 elaustro
832 400 860 460 S·
879 399 1057 462 nolunfflm
1075 400 1222 468 ullsoorl
1236 403 1349 468 sellun
1363 407 1385 466 1.
1768 407 1822 469 lst

171 531 358 607 fragilitatem.
374 528 462 588 Vobis
479 527 553 586 enim
567 525 675 600 loquor,
690 525 737 600 qui
759 525 787 583 in
800 524 897 582 mdem
911 531 973 584 ten·
987 547 1012 628 Ι
1026 529 1135 587 nebras.
1151 531 1350 604 Interpretatur
1361 531 1433 588 enirn
1442 533 1574 607 AEgyptus
1589 532 1723 608 uscire,
1739 535 1822 593 lsrael

170 621 272 680 mtione
300 619 404 692 fuistis3
434 618 480 692 qui
509 617 620 674 eoadem
646 616 794 686 superastis
819 614 970 686 conflictus,
1028 635 1090 678 vero
1117 620 1219 678 Videas
1252 624 1340 679 Deum
1355 641 1364 678 .·
1379 630 1460 690 atque
1491 622 1553 680 ideo
1568 624 1724 696 ubieunque
1738 625 1821 684 lsrael

172 714 281 770 eosdem
298 711 410 786 laqueos
431 707 553 766 evasistis
569 726 576 763 :
592 706 640 780 qui
655 705 788 763 didicistis
801 722 834 763 ex
852 706 894 762 his
910 721 971 780 qum
1023 715 1089 777 erat,
1106 709 1151 765 lux
1166 718 1232 766 erat.
1248 709 1309 766 Non
1332 709 1371 766 sic
1386 717 1477 766 noster
1498 711 1578 768 lesus
1594 714 1713 770 crncifixi
1727 731 1822 776 seeum

171 803 246 874 passi
260 801 339 874 estis,
355 798 581 869 compassionem.
613 794 725 852 Confido
743 794 870 868 equidem
889 803 915 852 et
937 796 971 852 de
1023 795 1134 854 latronis
1161 799 1249 870 potuit
1272 798 1417 855 oblivisci:
1442 797 1542 856 lactum
1566 809 1608 856 est
1631 803 1725 876 utique
1748 807 1823 878 qood

170 891 289 966 angelis,
310 888 385 962 quod
408 903 458 944 nec
471 885 523 959 ipsi
545 901 620 942 suam
652 883 761 941 visitare
789 884 906 957 speciem
921 885 971 941 de·
1024 889 1186 958 promissum
1199 897 1256 958 est;
1277 888 1388 958 ipsodie
1405 903 1458 960 qua
1472 904 1633 960 eompassus
1648 899 1700 957 est,
1716 901 1742 948 et
1758 907 1822 950 cort·

170 980 328 1054 dignentur,
353 977 469 1034 maxime
498 974 561 1048 quia
586 974 809 1047 scriptumest:
844 974 971 1033 finitatis
1024 975 1146 1050 regnavit
1161 979 1238 1048 (Lae.
1254 978 1509 1049 xx).Nosquoque
1524 977 1547 1032 si
1562 979 1821 1052 nonsumusipaius

170 1069 434 1143 speeienataom‚et
448 1063 820 1138 possessionumque
836 1064 971 1122 Ceterum
1022 1065 1118 1136 capitis
1132 1067 1272 1135 membra,
1286 1067 1364 1137 eujus
1389 1075 1416 1123 et
1439 1067 1537 1136 saneti,
1553 1068 1624 1122 unde
1651 1068 1690 1123 eis
1704 1075 1757 1124 tarn
1773 1085 1821 1125 so-

171 1159 224 1214 etsi
243 1158 276 1215 de
295 1155 334 1214 eis
360 1154 428 1211 mihi
450 1153 565 1211 arbitror
589 1153 808 1225 presumendum
827 1155 862 1210 ob
890 1153 971 1226 spiri·
1024 1151 1251 1212 lemnibuahodis
1265 1155 1346 1228 votis,
1364 1162 1389 1210 et
1413 1163 1486 1212 tanto
1512 1156 1681 1226 gratulamur
1695 1156 1821 1214 affectu?

173 1246 255 1304 tuafis
271 1244 432 1302 substantiae
445 1252 472 1299 et
487 1241 630 1300 rationalis
639 1242 733 1299 formae
743 1242 967 1312 similitudinem
1023 1242 1155 1300 Caeterum
1165 1245 1211 1316 qui
1221 1245 1288 1300 dixit
1299 1263 1306 1300 :
1318 1245 1537 1318 Siplorifieolor
1552 1262 1643 1304 unum
1653 1246 1820 1318 membrana,

172 1333 296 1407 ampliori
320 1343 413 1390 tamen
435 1331 535 1389 fiducia
548 1333 583 1392 ad
604 1347 653 1388 eos
666 1332 732 1387 mihi
751 1347 812 1388 reor
840 1331 969 1390 utendam
1023 1335 1199 1406 respondent
1222 1335 1321 1392 omnio
1343 1337 1484 1402 mantem
1501 1336 1554 1392 hoc
1567 1352 1677 1408 quoque
1692 1336 1823 1394 nihilomi-

172 1421 463 1497 [ala'as,tertendum],
479 1437 547 1493 quos
562 1420 661 1478 habere
681 1437 725 1478 me
754 1423 875 1479 noverim
895 1432 921 1478 et
941 1421 969 1478 in
1022 1435 1054 1476 us
1074 1419 1133 1478 ait:
1153 1423 1228 1491 Quod
1242 1423 1267 1480 si
1285 1424 1401 1494 potitor
1428 1437 1519 1479 anum
1535 1423 1694 1480 membrana
1716 1439 1825 1497 eompa-

174 1513 233 1584 ipsa
246 1511 414 1569 humanitate
429 1518 583 1579 consortes,
599 1521 628 1567 ut
642 1517 766 1583 oporteat
791 1526 839 1568 eos
854 1510 969 1566 familia-
1024 1511 1139 1567 liuntur
1153 1513 1250 1569 omnia
1261 1511 1388 1568 membra
1404 1511 1430 1582 (l
1440 1513 1502 1570 cor.
1521 1526 1569 1580 sur,
1586 1514 1638 1582 to).
1656 1515 1719 1569 llaec
1741 1512 1823 1584 igitur

171 1601 229 1658 rius
242 1612 269 1658 et
284 1599 428 1674 specialius
447 1599 572 1658 misereri
594 1599 650 1658 osai
666 1599 699 1656 ds
723 1600 831 1656 ossibus
852 1598 919 1667 suis,
943 1607 970 1655 et
1022 1604 1113 1654 nostra
1124 1607 1150 1654 et
1160 1613 1254 1654 eorum
1266 1600 1430 1656 cohaerentia
1439 1609 1487 1669 est,
1501 1609 1530 1657 ut
1544 1617 1594 1658 nos
1604 1602 1824 1676 congratulamur
1903 1643 1906 1650 .

171 1691 293 1747 carnide
307 1705 387 1748 carae
404 1706 466 1746 aaa.
1024 1685 1074 1758 eis,
1085 1687 1136 1759 ipsi
1145 1688 1344 1760 compatiantur
1357 1689 1456 1746 nobis:
1473 1705 1525 1746 nos
1539 1692 1636 1748 devota
1650 1692 1823 1748 meditatione

211 1783 255 1836 ll.
279 1778 400 1852 Denique
418 1785 591 1836 transeuntes
609 1793 642 1834 ex
658 1777 711 1834 hoc
736 1775 839 1834 mundo
862 1774 897 1830 ad
915 1775 967 1832 Pa·
986 1733 1008 1810 Β
1024 1792 1169 1850 regnemus
1188 1777 1218 1833 in
1232 1777 1281 1848 eis,
1298 1778 1351 1850 ipsi
1368 1777 1396 1832 in
1412 1779 1500 1848 nobis,
1515 1788 1542 1836 et
1554 1795 1604 1850 pro
1615 1781 1696 1837 uobis
1704 1781 1823 1836 militent

171 1875 253 1937 trem,
270 1876 362 1926 sancta
375 1867 454 1926 nobis
477 1868 593 1941 pignora
615 1868 788 1940 reliquerunt.
817 1855 899 1939 apua
918 1879 970 1923 nos
1023 1864 1067 1937 pia
1080 1865 1286 1926 interventione.
1308 1869 1364 1924 Nec
1377 1875 1419 1924 est
1439 1868 1512 1940 quod
1528 1867 1561 1924 de
1582 1885 1679 1934 ,eorum
1699 1871 1743 1942 pia
1757 1884 1825 1943 ergo
1905 1920 1909 1930 .

114 1965 116 1968 '
172 1958 307 2031 siquidem
321 1972 437 2031 corpora
450 1971 545 2017 eorum
559 1958 586 2013 in
609 1972 673 2028 pace
686 1955 795 2028 sepulta
810 1963 882 2024 sunt,
898 1970 969 2028 quo·
1024 1969 1074 2012 nos
1103 1954 1283 2013 sollicitudine
1320 1955 1484 2022 dubitemus,
1515 1957 1732 2030 quandoquidem
1769 1975 1825 2014 non

173 2065 234 2105 rum
249 2047 361 2104 nomina
379 2047 471 2104 vivent
492 2047 520 2102 in
545 2047 685 2113 saeculum,
717 2045 746 2101 id
777 2051 828 2117 est,
855 2059 970 2117 quorum
1025 2044 1236 2100 consummandi
1260 2045 1318 2100 sine
1344 2044 1433 2114 nobis,
1458 2043 1525 2102 sicto
1540 2061 1624 2118 supra
1638 2046 1823 2117 meminimus,

173 2153 314 2210 nunquam
323 2137 410 2212 gloria
427 2135 566 2208 sepelitur.
582 2134 669 2202 Absit,
681 2135 781 2191 absita
804 2133 896 2206 vobis,
914 2132 972 2191 ani-
1025 2142 1182 2205 erspeetant
1223 2150 1274 2192 nos
1303 2151 1389 2206 usque
1422 2135 1487 2190 dum
1514 2135 1679 2193 retribuatur
1704 2135 1786 2192 nobis
1815 2153 1823 2190 :

172 2243 225 2282 mae
244 2235 351 2295 sanctae,
368 2226 494 2298 AEgyptin
507 2225 553 2280 illa
574 2224 720 2282 crudelitas
738 2223 873 2296 pineemae
901 2224 973 2280 Pha·
1027 2229 1058 2278 ut
1083 2222 1211 2282 videlieet
1236 2223 1265 2278 in
1294 2223 1442 2280 novissimo
1469 2224 1514 2280 die
1543 2240 1646 2298 magno
1671 2224 1825 2282 festivitatis

171 2317 276 2385 raonis,
290 2314 380 2390 quiin
394 2319 507 2391 gradum
528 2315 672 2387 pristinum
700 2312 855 2381 restitutus,
883 2311 973 2368 statim
1027 2310 1119 2366 omnia
1143 2311 1222 2366 simul
1249 2310 1277 2368 io
1304 2311 1391 2367 virum
1429 2314 1578 2384 perlectum
1611 2328 1672 2369 cum
1697 2329 1747 2370 suo
1772 2325 1825 2370 nro

170 2405 271 2460 oblitus
284 2414 324 2462 est
338 2404 438 2476 loseph
452 2403 547 2470 saneti,
563 2402 609 2476 qui
631 2404 659 2459 in
684 2417 791 2458 earcere
813 2399 971 2457 tenebatur!
1028 2398 1133 2456 excelso
1161 2399 1247 2470 eapite
1286 2402 1408 2457 membra
1444 2409 1617 2468 concurrant,
1651 2410 1679 2458 st
1702 2402 1827 2458 laudetur

171 2491 254 2563 (Gen.
268 2493 328 2564 xa).
343 2493 405 2548 Non
427 2492 500 2548 enirn
517 2500 595 2547 erant
613 2491 693 2548 unius
717 2489 814 2561 capitis
843 2490 971 2560 membra,
1031 2484 1144 2543 1⁰48
1172 2503 1234 2544 cam
1253 2487 1412 2545 hereditate
1428 2481 1479 2544 sus
1492 2489 1572 2544 lesus
1586 2489 1709 2546 Christus
1736 2490 1827 2546 Domi-

170 2595 221 2636 nec
235 2582 325 2654 aliqua
340 2596 404 2652 pars
422 2576 496 2635 fideli
509 2595 571 2635 curn
587 2577 701 2648 infideli,
716 2587 764 2634 aut
789 2576 845 2633 ulla
857 2575 974 2634 societas
1028 2591 1082 2631 nus
1100 2583 1204 2648 noster,
1219 2575 1267 2647 qui
1282 2587 1322 2632 eat
1337 2593 1420 2648 super
1433 2577 1524 2633 omnia
1535 2577 1707 2647 benedictus,
1718 2585 1745 2636 et
1763 2579 1826 2635 lau-

170 2669 302 2726 lsraelitae
320 2670 354 2726 ad
368 2668 538 2742 AEgyptium,
556 2683 610 2724 uon
629 2667 785 2738 plusquam
806 2665 862 2722 luci
875 2665 907 2720 ad
930 2672 975 2721 te·
1028 2663 1140 2735 dabilis,¹
1153 2672 1181 2721 et
1193 2664 1331 2735 gloriosus
1345 2667 1373 2722 ia
1388 2667 1498 2724 saecula.
1509 2666 1606 2724 Arnen.

621 2795 659 2858 ΙΝ
673 2793 868 2858 danastro
882 2793 915 2859 S.
932 2791 1149 2857 balacium
1168 2791 1356 2857 lletscort.

491 2903 608 2962 saeuo
627 2907 649 2960 l.
989 2917 1010 2996 c
1028 2904 1098 2974 apud
1113 2919 1164 2960 nos
1178 2903 1236 2959 dies
1256 2903 1320 2959 fecit
1334 2903 1362 2958 in
1378 2904 1563 2962 incolumitate
1584 2923 1643 2975 sua,
1659 2908 1725 2964 dum
1738 2909 1828 2967 socios

212 3001 239 3054 t.
268 2997 308 3052 De
328 2996 397 3053 coelo
424 2995 504 3052 vobis
530 2994 621 3061 hodie,
651 2993 829 3057 dilectissimi,
861 2992 972 3062 eopiosa
1028 2994 1239 3064 praestolaretur,
1256 2993 1301 3066 qui
1317 2993 1431 3065 dispersi
1453 2994 1482 3050 in
1502 2995 1602 3071 Anglia
1625 2996 1741 3067 fuerant,
1767 3015 1829 3058 oum

173 3087 298 3160 quaedam
316 3093 357 3142 cst
370 3082 523 3142 benedictio
545 3081 702 3138 destinata:
730 3092 756 3137 et
780 3079 895 3136 fideliter
914 3095 972 3136 eam
1029 3081 1101 3155 regis
1121 3081 1192 3137 illins
1208 3097 1278 3137 vana
1301 3081 1419 3155 suspicio
1438 3082 1487 3139 Dei
1508 3084 1644 3142 hominem
1669 3085 1828 3158 impediret.

173 3192 232 3232 non
247 3173 381 3239 distribui,
397 3174 475 3231 vobis
490 3171 601 3244 quidem
616 3172 776 3226 damnosum
805 3167 890 3237 esset,
908 3167 972 3222 mihi
1027 3170 1140 3242 Jamque
1169 3170 1293 3226 omnibns
1308 3171 1340 3226 ad
1360 3187 1423 3228 eum
1451 3173 1581 3244 collectis,
1607 3176 1639 3232 ad
1667 3175 1828 3244 Romanam,

172 3281 242 3322 vero
256 3263 446 3336 periculosum,
469 3263 511 3318 eui
535 3261 661 3316 nimirum
676 3261 734 3316 haec
749 3259 915 3331 dispensatio
936 3258 974 3313 vi·
1030 3275 1078 3330 pro
1093 3277 1146 3332 qua
1165 3268 1286 3329 venerat,
1315 3261 1417 3316 curiam
1444 3262 1557 3334 parabat
1573 3264 1622 3320 iter
1640 3283 1645 3323 :
1663 3282 1724 3321 eum
1740 3267 1828 3326 subito

175 3349 973 3420 deluressecommissa.Time0itaquedamoumvestrum,
1030 3347 1184 3404 infirmitate
1208 3359 1373 3422 praeventus,
1399 3351 1483 3406 sensit
1509 3355 1633 3421 protinus
1661 3353 1695 3410 ad
1715 3355 1828 3411 coeleste

176 3442 473 3499 timendamnationem
491 3455 588 3506 meam,
604 3437 627 3494 si
643 3438 839 3494 fortedieatur:
855 3435 975 3493 Parvuli
1030 3439 1192 3512 mugissese
1214 3438 1341 3509 palatium
1369 3441 1487 3496 evocari.
1516 3440 1574 3498 Deo
1599 3442 1697 3499 melius
1721 3443 1826 3517 aliquid

174 3533 324 3604 petierunt
335 3545 450 3602 panem,
466 3533 494 3587 el
511 3545 568 3586 nen
591 3529 651 3599 fuit
673 3527 725 3599 qui
738 3527 895 3600 preriperet
914 3527 975 3582 illis
1031 3527 1190 3600 providente
1204 3542 1254 3599 pro
1268 3527 1357 3600 nobis,
1373 3544 1407 3584 ne
1422 3528 1525 3585 anobis
1540 3546 1669 3603 egressus
1683 3533 1746 3589 alibi
1756 3549 1826 3590 con·

175 3619 292 3691 (flerem.
304 3634 343 3682 tv,
359 3617 398 3691 l).
417 3618 479 3674 Scio
499 3616 572 3672 enirn
586 3631 666 3688 quarn
683 3615 835 3670 necessaria
848 3613 927 3670 vobis
941 3620 977 3670 stt
1029 3626 1217 3674 summaretur.

177 3706 279 3764 eeoelo
302 3706 414 3762 veniens
435 3705 594 3773 consolatio,
620 3718 688 3776 quos
716 3709 821 3758 constat
844 3700 976 3758 illecebris
1067 3710 1093 3762 2.
1115 3706 1223 3762 Nullum
1239 3705 1349 3777 quidem
1376 3706 1405 3762 iu
1433 3722 1477 3776 eo,
1507 3709 1638 3768 nondioo
1656 3709 1765 3784 mortis,
1780 3713 1830 3768 sed

175 3795 329 3852 carnalibus
355 3804 383 3852 et
415 3794 617 3850 oblectamentis
648 3792 824 3848 saeeularibus
861 3789 977 3848 viriliter
1031 3795 1073 3853 vel
1089 3793 1178 3866 gravis
1193 3793 1363 3867 agritudinis
1386 3795 1494 3868 signum
1523 3797 1635 3855 medicis
1657 3801 1828 3872 apparebat:

176 3887 390 3943 abrenuntiasse.
406 3887 493 3942 Nemo
507 3899 572 3942 sane
587 3881 712 3939 beneficii
728 3897 789 3938 esse
804 3880 932 3948 eoeleslis,
949 3887 976 3936 et
1032 3883 1077 3940 ille
1106 3890 1196 3938 tameo
1226 3883 1391 3938 exhilaratus
1412 3883 1525 3956 spiritu,
1555 3885 1641 3942 aiebat
1664 3889 1831 3947 omnimodis

177 3991 298 4048 superno
321 3975 426 4032 dubitet
451 3972 565 4030 consilio
592 3969 742 4040 definitum,
774 3977 802 4026 ut
835 3969 978 4043 episcopua
1033 3972 1832 4050 oportere,uthoeannolllalachiasabhacvitaegrede·

178 4065 325 4121 llalaohias
338 4063 420 4120 bodie
432 4065 559 4120 internos
574 4059 741 4117 obdormiret
756 4066 783 4116 et
798 4059 974 4115 desideratam
1032 4070 1115 4120 metir,
1149 4059 1310 4117 Laboratnm
1332 4070 1374 4117 esp
1398 4071 1519 4132 econtra,
1536 4070 1562 4119 ρῑ
1580 4063 1683 4120 devotis
1704 4067 1831 4137 precibus

179 4154 308 4211 intervos
323 4155 432 4210 haberet
450 4153 627 4224 sepulturam.
641 4151 711 4206 Cum
725 4150 796 4208 enim
812 4165 863 4206 nee
877 4147 974 4204 folium
1030 4152 1101 4226 apud
1115 4151 1222 4215 Deum,
1238 4157 1266 4206 et
1279 4149 1486 4223 quibuscunque
1502 4151 1640 4224 potuimus
1655 4154 1742 4211 modis
1757 4173 1764 4214 :
1781 4156 1831 4213 sed

179 4243 292 4318 quidem
303 4243 407 4299 arboris
430 4243 488 4298 siue
507 4240 600 4298 diuino
614 4248 682 4296 nutu
705 4240 783 4295 cadat
810 4238 837 4294 io
858 4246 973 4309 tervam3
991 4201 1015 4280 fl
1032 4241 1103 4297 illius
1118 4240 1284 4312 praevaluore
1306 4240 1415 4306 merita,
1434 4249 1464 4296 ut
1482 4241 1647 4298 desiderium
1666 4244 1756 4301 cordis
1770 4247 1830 4316 ejus

180 4335 242 4406 quis
259 4340 313 4388 tam
326 4334 418 4398 hebes,
434 4338 464 4387 ut
478 4345 532 4387 non
547 4330 684 4387 evidenter
700 4328 823 4399 inhalas
843 4328 915 4384 besti
930 4325 979 4381 viri
1009 4399 1015 4412 Ι
1032 4331 1197 4387 tribueretur
1211 4327 1247 4396 ei,
1267 4335 1293 4384 et
1315 4344 1369 4385 non
1393 4328 1567 4386 fraudaretur
1581 4331 1718 4388 voluntate
1740 4333 1829 4392 labit·-

179 4422 301 4480 adsentu
316 4430 342 4477 ct
353 4421 467 4476 transitu
480 4434 609 4491 magnum
631 4433 741 4492 prorsus
767 4415 912 4474 concilium
940 4431 980 4470 au·
1032 4433 1091 4475 rum
1109 4432 1230 4474 suorum.
1245 4416 1289 4472 Sic
1303 4417 1375 4472 enim
1387 4434 1435 4490 pro
1445 4419 1514 4475 votis
1522 4419 1611 4476 omnia
1620 4419 1646 4476 ei
1654 4437 1828 4493 concurrere,

180 4526 277 4584 pernae
291 4511 397 4583 pietalis
412 4510 554 4568 advertant
567 4509 590 4564 Α
605 4507 705 4565 finibus
715 4515 803 4575 terrae,
822 4514 921 4564 terram
936 4505 980 4565 hic
1032 4515 1061 4564 ut
1084 4507 1155 4564 hunc
1169 4507 1287 4562 maxime
1307 4506 1406 4573 locum,
1430 4506 1522 4566 divina
1538 4509 1590 4564 sibi
1605 4509 1754 4582 inspirante
1770 4512 1829 4570 ele·

179 4603 323 4674 positurus
338 4599 456 4667 advenit,
476 4598 529 4654 alia
543 4599 652 4671 quidem
666 4597 809 4654 occasione
835 4595 976 4664 festinans,
1033 4597 1142 4665 mentia,
1159 4595 1288 4667 elegisset
1301 4612 1309 4667 3
1327 4605 1353 4652 et
1366 4596 1558 4670 huncquoque
1578 4613 1612 4652 ex
1625 4599 1709 4672 longo
1723 4607 1830 4673 optaret

179 4690 349 4764 quamaisob
368 4689 511 4762 specialem
525 4704 590 4763 erga
601 4703 652 4744 nes
670 4685 825 4744 charitatem
843 4685 871 4740 id
890 4683 979 4758 pluri·
1033 4687 1176 4758 sepulturae
1190 4684 1293 4740 habere
1304 4683 1388 4756 diem,
1400 4701 1453 4756 quo
1467 4684 1586 4742 fidelium
1601 4687 1723 4745 omnium
1743 4703 1830 4765 gene-

180 4797 256 4836 mum
271 4779 439 4837 desiderasse
460 4784 597 4836 noscatur.
613 4776 694 4834 llulta
711 4775 822 4848 quidem
837 4773 864 4829 in
884 4772 980 4832 itinere
1032 4775 1095 4833 ralis
1108 4773 1235 4830 memoria
1249 4773 1410 4838 celebratur.
1426 4774 1480 4829 Sed
1504 4782 1531 4829 et
1556 4775 1623 4831 illud
1650 4785 1744 4836 nostra
1772 4779 1831 4838 haec

179 4869 242 4942 ipso
257 4867 448 4940 impedimenta
457 4865 593 4933 sustinuit,
610 4881 659 4922 nec
672 4862 847 4920 transfretare
866 4863 979 4935 permis·
1033 4863 1133 4938 gaudia
1147 4861 1246 4917 merito
1273 4861 1430 4930 cumvdnvit,
1454 4865 1526 4935 quod
1542 4863 1655 4920 fratrum
1674 4876 1831 4925 nostrorum

180 4973 229 5014 sus
250 4965 301 5026 est,
321 4957 410 5014 donec
432 4956 659 5030 appropinquaret
684 4962 790 5027 tempus
809 4967 980 5009 consumma·
1033 4953 1149 5024 ossibus,
1169 4951 1203 5006 de
1215 4949 1305 5023 priore
1323 4952 1480 5012 coemeterio
1494 4953 1547 5008 huc
1560 4956 1732 5026 asportandis
1747 4965 1774 5014 et
1790 4973 1831 5014 re·

181 5047 264 5103 donis
278 5048 349 5118 ejus,
364 5057 391 5104 et
405 5045 537 5105 terminus
560 5045 605 5118 qui
629 5059 686 5099 oon
708 5051 813 5113 poterat
837 5041 978 5115 praeteriri.
1033 5039 1182 5098 condendis
1196 5040 1830 5113 (7³),eademnonisntes,auetorebeolutsset
1880 5094 1881 5098 ,

179 5137 267 5204 Quem
287 5136 395 5208 quidem
408 5139 499 5192 multis
512 5135 545 5191 ad
555 5149 606 5191 nos
616 5133 815 5205 pervenientem
831 5131 979 5203 laboribus,
1035 5130 1201 5199 electaQuae
1212 5127 1341 5187 nimirum
1353 5129 1656 5202 deportantibusnobis,
1669 5141 1695 5189 et
1711 5151 1744 5191 ex
1755 5151 1830 5200 more

180 5233 312 5298 tanquam
325 5226 455 5301 angelum
468 5224 520 5282 Dei
534 5241 583 5296 pro
594 5223 743 5279 reverentia
758 5219 910 5277 sanctitatis
924 5234 980 5274 suae
1034 5219 1222 5292 psallentibus
1249 5219 1320 5276 idem
1353 5219 1394 5275 vir
1408 5228 1519 5277 sanetus
1533 5220 1682 5294 plurimum
1706 5239 1767 5280 sese
1784 5223 1830 5306 illo

180 5317 374 5388 suscepimus:
390 5314 436 5373 sed
457 5324 483 5372 et
497 5331 546 5374 nos
560 5314 619 5386 ipse
634 5327 683 5385 pro
698 5328 746 5368 sua
771 5307 980 5367 mansuetudine
1036 5318 1115 5365 cantu
1144 5308 1271 5365 delectari
1290 5307 1396 5365 dicebat
1413 5326 1420 5366 :
1437 5316 1464 5365 et
1491 5325 1547 5366 non
1575 5312 1660 5368 molto
1687 5319 1750 5384 post
1769 5312 1831 5385 ipse

179 5415 209 5465 et
226 5406 375 5464 humilitate
388 5405 468 5462 altius
481 5406 608 5476 radicata,
621 5403 704 5477 longe
719 5416 800 5473 snpra
823 5414 903 5473 qnam
923 5414 984 5455 me·
1038 5413 1146 5470 qnoque
1160 5408 1267 5453 secutus
1277 5406 1328 5462 est,
1343 5413 1440 5456 somno
1456 5397 1618 5456 suavissimo
1630 5408 1658 5457 et
1678 5400 1846 5462 felicissimo.

180 5513 313 5568 reremm,
344 5497 442 5554 devoto
465 5494 625 5568 suscipiebat
640 5491 749 5549 affeetu.
765 5492 869 5547 Paucos
888 5487 984 5546 deinde
1038 5495 1189 5560 soporatus.
1206 5485 1421 5562 Agimusitaque
1435 5487 1601 5562 gratiaslleo
1613 5505 1696 5562 super
1707 5491 1834 5559 omnibus

219 5604 277 5679 (aa)
291 5604 366 5666 Obiit
379 5619 449 5664 anno
465 5607 545 5687 llll.
561 5603 647 5662 Vitam
658 5603 717 5672 eius
726 5602 810 5658 habes
823 5609 900 5672 ,mmo
913 5598 948 5654 ll.
1039 5579 1187 5668 primorum
1196 5592 1304 5676 illorum
1314 5604 1474 5680 ‘sanctorum
1486 5597 1680 5656 monachorum
1694 5599 1722 5682 in
1736 5599 1834 5659 sacello

218 5679 279 5749 (73)
294 5677 457 5778 visebantur
480 5677 548 5759 olam
571 5675 642 5749 apud
664 5669 905 5768 Claram-Vallem:
920 5673 986 5728 ossa
1040 5669 1227 5772 subterraneo,
1247 5668 1424 5774 ,³,d..¹¹¹⁰‘⁸¹⁶m
1438 5675 1570 5726 sanetoto
1585 5675 1744 5746 compostis.
