4116 6348
204 379 268 444 idi*
679 381 706 441 S.
726 381 896 446 blillllllllll
914 383 1052 446 abbatie
1070 383 1385 446 castellanensis
1802 386 1857 448 tat

203 507 303 578 aliquid
319 507 521 578 concupiscunt,
538 521 588 564 nec
601 515 695 579 putant
717 524 748 564 sa
767 509 915 582 adepturos
928 509 1001 582 quod
1017 524 1041 603 g
1056 517 1097 568 est
1115 510 1184 564 eninr
1200 509 1253 580 cia,
1270 525 1318 581 per
1331 525 1412 584 quam
1433 511 1463 565 tit
1478 509 1607 567 transitus
1620 511 1657 568 ad
1675 511 1857 588 glorificatio-

203 596 372 662 desiderant‚
392 595 414 650 si
435 594 593 652 bominibus
616 597 711 671 quales
734 597 793 652 sint
814 599 997 656 innotescant.
1056 614 1130 670 nem,
1145 600 1251 657 dicente
1270 600 1422 673 Apostolo:
1443 601 1513 669 Quot
1524 600 1750 672 praedestinavit,
1763 602 1811 659 boa
1827 607 1857 659 ct

205 685 306 740 tiorum
328 683 530 742 contessionem
545 684 658 756 impedit
680 700 754 754 spes,
769 684 796 741 id
813 694 855 743 est
869 686 1003 758 cupiditas
1058 690 1181 754 vocavite
1192 691 1221 746 ct
1231 704 1298 762 qaae
1308 691 1427 755 necavit,
1440 688 1487 747 bes
1502 694 1530 746 et
1537 690 1858 763 justificavit-quosaa-

204 771 325 843 potiendi
345 771 482 830 desiderii.
498 772 811 832 Talibus-comminatur
826 774 958 832 Dominus
977 775 1004 830 in
1059 777 1300 848 temjaastipicaait,
1311 777 1358 834 bes
1373 782 1401 836 et
1416 776 1609 850 magnificavit
1624 779 1715 848 (Dora.
1727 794 1786 846 van,
1797 782 1855 852 30).

203 859 349 935 Evangelio
359 861 1003 938 :l’oepraeponatibaaetaatrieatibas(llattb.
1057 865 1152 934 Neque
1164 864 1237 921 enim
1258 865 1354 938 poterit
1369 865 1484 922 obtineri
1499 865 1693 940 magnificatio,
1706 867 1759 923 nisi
1771 869 1856 938 justi-

203 965 286 1020 xxtv,
299 951 354 1022 liii.
365 953 433 1010 Sunt
446 955 509 1010 item
524 954 570 1011 alii
584 954 631 1030 qui
645 955 681 1010 nil
696 957 792 1012 horum
807 963 943 1022 verentur,
958 955 1002 1012 sod
1058 952 1146 1010 ficatio
1161 953 1345 1026 precesserit:
1359 969 1422 1010 oum
1436 954 1487 1010 ista
1503 954 1636 1020 meritum,
1652 955 1700 1011 illa
1714 955 1854 1026 praemium

201 1040 289 1096 solum
310 1041 362 1097 hoc
375 1041 481 1106 timent.
497 1043 560 1115 quia
581 1054 643 1117 past
662 1051 833 1116 peccatorum
851 1041 1003 1101 confessio·
1058 1042 1105 1100 sit.
1133 1043 1191 1098 lloc
1216 1043 1243 1097 in
1266 1041 1415 1117 Evangelio
1437 1043 1528 1100 docuit
1556 1043 1698 1109 Dominus,
1723 1044 1770 1115 qui
1793 1061 1854 1102 cum

202 1143 263 1186 nem
277 1129 311 1185 ab
325 1128 393 1201 ipsis
408 1131 545 1188 abstinere
560 1133 670 1190 minime
683 1139 805 1205 possent.
820 1133 854 1188 Et
868 1129 912 1187 his
925 1132 1004 1190 abest
1057 1129 1198 1204 discipulis
1224 1129 1420 1206 evangelizaret
1443 1147 1556 1205 reguum
1583 1131 1646 1198 Dei,
1671 1132 1787 1202 primum
1814 1133 1855 1189 eis

203 1217 365 1289 desperatio.
377 1217 481 1288 Quibus
491 1235 544 1275 non
556 1221 708 1293 ineoogme
717 1219 786 1276 illnd
798 1227 885 1292 potest
895 1221 981 1291 aptari
995 1239 1002 1275 ι
1056 1217 1198 1290 proposuit
1210 1219 1353 1288 justitiam,
1377 1218 1469 1276 dicens
1484 1236 1492 1274 ε
1509 1221 1582 1277 Nora
1596 1223 1654 1278 cisi
1667 1221 1856 1279 abundaverit

203 1309 346 1378 Peccator,
357 1325 424 1366 cum
434 1311 542 1368 naara
552 1310 584 1368 ia
591 1309 768 1383 protendam
776 1309 930 1380 maloram,
941 1325 1004 1366 coa-
1053 1308 1171 1378 justitia
1185 1311 1278 1365 cestra
1289 1309 1357 1382 ptaa
1371 1325 1457 1381 qaam
1471 1309 1634 1367 Scribarum
1650 1315 1677 1368 et
1693 1310 1854 1368 Pharisaeo-

204 1397 307 1454 taaaae't
321 1395 413 1469 (Pron
432 1411 515 1464 xvrra,
536 1399 577 1466 3).
597 1397 639 1454 Fit
659 1412 723 1454 vero
746 1413 953 1469 nonnunquam,
973 1407 1003 1455 ut
1056 1395 1854 1468 ram,cacicrrabitistcrepaamcatoramfflatttnao).

204 1485 262 1540 laec
284 1485 376 1542 omnia
396 1485 477 1540 simul
495 1484 691 1542 contessionem
710 1485 867 1558 impediant.
884 1485 935 1541 Sed
956 1487 1003 1559 qui
1092 1487 1119 1540 2.
1133 1485 1287 1542 Notandum
1301 1496 1401 1551 autem,
1412 1486 1485 1556 quod
1500 1485 1605 1542 sicutin
1616 1485 1663 1542 illo
1676 1486 1854 1543 beatitudinis

203 1585 317 1645 quatuor
332 1573 374 1628 his
389 1573 465 1630 uvalis
476 1573 618 1647 premitur,
631 1583 701 1632 recte
714 1575 769 1644 iarn
785 1573 811 1629 in
827 1582 1003 1632 monumento
1057 1587 1142 1644 regno
1155 1580 1317 1644 praesentem
1339 1587 1369 1628 se
1382 1572 1475 1630 electis
1492 1571 1549 1628 suis
1569 1573 1707 1630 exhibebit
1721 1575 1853 1630 Dominus

201 1663 284 1731 iacet,
308 1671 335 1717 at
358 1663 431 1720 velut
451 1662 493 1718 ille
521 1663 691 1737 evangelicus
718 1662 913 1734 quatriduanus
936 1662 1003 1720 latet
1056 1665 1089 1716 ad
1113 1660 1349 1734 glorificationem,
1368 1660 1406 1718 ita
1424 1661 1554 1719 etiamne
1573 1662 1677 1720 eisdem
1693 1662 1761 1736 ipsis
1774 1663 1855 1720 exhi·

202 1749 296 1822 (mac.
313 1765 353 1816 xv,
369 1751 426 1822 39).
443 1750 577 1822 Scriptum
592 1758 635 1808 est
647 1750 738 1808 enim:
756 1753 909 1820 lacertae,
922 1755 1001 1810 velat
1055 1750 1100 1806 bet
1118 1748 1145 1805 in
1167 1750 1212 1806 via
1231 1749 1456 1823 peregrinationis
1474 1749 1508 1806 ad
1530 1750 1768 1820 justificationem
1789 1760 1820 1807 ut
1838 1768 1855 1807 a

202 1838 251 1912 qai
264 1854 324 1897 aaa
338 1839 385 1908 cit,
399 1840 477 1911 parit
489 1841 627 1911 confatio
643 1840 742 1909 (dccli.
758 1856 831 1910 avar,
849 1843 906 1912 26).
921 1841 999 1908 Quod
1017 1810 1108 1910 Bquo
1121 1838 1224 1896 scilicet
1240 1836 1410 1912 glorificandi
1430 1847 1493 1894 sunt
1512 1854 1570 1914 per
1582 1839 1712 1909 speeiem,
1739 1841 1774 1896 ab
1792 1841 1853 1911 ipsa

203 1927 226 1982 si
238 1927 262 1982 is
273 1927 568 1999 mortuusestqainon
582 1928 736 1996 confitetur,
747 1929 842 2002 utique
857 1930 999 1988 reviviscet
1055 1926 1130 1998 prius
1141 1925 1326 1998 justificentur
1350 1943 1398 1999 per
1411 1925 1502 1982 fidem.
1526 1927 1559 1982 Et
1578 1927 1686 1999 quidem
1709 1926 1761 1983 tria
1778 1933 1853 1998 sunt,

203 2015 250 2088 qui
272 2014 455 2073 confitebitur.
470 2016 569 2074 Veniat
592 2033 658 2091 ergo
681 2019 776 2086 lesus,
792 2027 818 2076 et
833 2018 915 2089 dicat,
937 2023 1002 2078 vent
1055 2016 1184 2087 aquibus
1205 2015 1345 2074 abstinere
1363 2015 1463 2072 debent
1476 2015 1630 2088 quicunque
1642 2013 1786 2084 luslifittr't
1802 2015 1853 2072 de·

202 2108 281 2177 seras
295 2102 389 2175 (loca.
405 2120 447 2170 xa,
461 2105 507 2176 ia)
529 2123 535 2164 :
553 2114 581 2162 et
594 2107 629 2164 ad
644 2121 739 2164 vocem
754 2109 815 2179 ejus
830 2108 903 2166 illico
918 2109 1002 2165 susci·
1055 2104 1187 2160 siderant.
1198 2103 1289 2164 Primo
1304 2102 1408 2176 utique,
1417 2105 1452 2160 ab
1462 2102 1593 2175 operibus
1601 2102 1707 2175 pravis;
1719 2104 1853 2172 meando,

203 2193 303 2248 cabitur
316 2197 450 2250 mortuus.
464 2193 589 2266 Excipiet
602 2194 646 2252 hic
661 2203 753 2254 noster
768 2205 893 2254 mortuus
906 2198 1003 2254 exhor·
1055 2210 1071 2247 a
1085 2193 1238 2250 carnalibus
1261 2193 1424 2264 desideriis,·
1438 2193 1527 2260 tertio,
1548 2208 1564 2249 a
1578 2191 1651 2250 curis
1665 2191 1768 2252 seculi.
1787 2194 1854 2250 ltem

204 2281 344 2348 mannent,
359 2289 387 2338 et
404 2297 458 2338 non
473 2281 580 2340 diderat
593 2283 804 2344 contaminarem,
1055 2281 1107 2336 tria
1120 2287 1193 2348 sunt,
1210 2279 1310 2354 quibua
1323 2279 1424 2338 debent
1437 2278 1575 2350 insistere,
1589 2295 1651 2353 quae
1664 2280 1743 2336 etiam
1762 2279 1853 2338 conti-

240 2374 268 2426 2.
287 2368 398 2427 Dicatur
418 2386 484 2444 ergo
507 2370 546 2428 illi
559 2387 639 2445 quem
663 2374 752 2444 pudor
774 2373 857 2432 allicit
878 2392 885 2431 :
902 2375 956 2431 Gur
977 2383 1003 2432 te
1057 2377 1101 2425 net
1116 2383 1206 2426 sermo
1220 2369 1330 2426 Domini
1345 2370 1373 2426 in
1385 2369 1698 2442 mante(llattb.v-v11)
1714 2387 1721 2422 z
1736 2370 1853 2426 eleemo-

203 2461 287 2532 pudat
309 2467 447 2530 peceatum
470 2470 548 2517 tuum
562 2461 662 2535 dicere,
680 2479 760 2535 quem
776 2479 830 2521 non
845 2463 942 2537 puduit
961 2463 1002 2519 ta·
1056 2473 1135 2528 syna,
1149 2457 1297 2528 jejunium,
1313 2456 1408 2516 oratio.
1428 2457 1473 2515 Sia
1485 2457 1557 2514 enim
1574 2457 1738 2530 adimpletur
1749 2456 1849 2529 iustiti·

204 2547 287 2605 cerni
300 2555 346 2606 aut
359 2549 566 2606 nurembescis
587 2550 645 2608 Deo
670 2551 806 2620 confiteri,
821 2553 901 2622 cujus
921 2551 1004 2608 oculis
1056 2545 1136 2616 cauo,
1161 2547 1225 2602 dum
1248 2547 1281 2602 ab
1297 2545 1445 2604 interdictis
1463 2545 1538 2602 vitiis
1562 2544 1708 2613 abstinent,
1733 2553 1760 2602 et
1783 2546 1855 2602 bona

205 2652 258 2696 non
274 2645 350 2708 potes
363 2636 514 2694 abscondi?
528 2637 606 2708 Quod
623 2639 646 2696 sl
662 2639 732 2696 farte
742 2641 830 2713 pudor
844 2652 885 2698 est
901 2640 948 2698 tibi
958 2642 1004 2696 uni
1057 2650 1118 2707 quae
1138 2643 1278 2706 precepta
1296 2643 1361 2692 sunt
1384 2633 1501 2692 fideliter
1518 2643 1655 2693 exercent.
1678 2634 1855 2706 Opponantur

203 2726 306 2783 homini
324 2735 351 2782 et
372 2725 509 2798 peccatori
522 2735 663 2799 peecatum
683 2735 760 2785 tuum
779 2744 922 2802 exponere,
939 2731 1004 2804 quid
1057 2737 1121 2794 erge
1149 2721 1239 2794 pravis
1263 2723 1393 2794 operibus
1421 2738 1504 2794 opera
1531 2723 1736 2794 misericordiae,
1762 2731 1855 2781 contra

204 2815 327 2873 facturus
345 2831 376 2872 es
391 2814 418 2872 in
437 2815 480 2872 die
491 2815 599 2888 judicii,
616 2816 661 2873 abi
675 2817 804 2876 omnibns
817 2819 940 2891 exposita
960 2825 1004 2874 tna
1057 2809 1174 2866 manalis
1188 2810 1327 2868 desideria
1341 2811 1520 2868 adhibeantur
1531 2811 1649 2883 jejunit,
1668 2821 1696 2868 θ)
1709 2828 1761 2885 pto
1781 2813 1857 2868 tutis

205 2901 372 2960 contuentia
397 2901 518 2974 patebit?
540 2903 604 2960 llaec
633 2902 724 2976 itaque
753 2903 805 2958 tria
828 2903 1005 2976 proponenda
1058 2899 1150 2954 saeculi
1172 2901 1298 2957 succedat
1318 2914 1394 2956 amor
1415 2899 1474 2966 Dei,
1490 2911 1518 2957 et
1541 2898 1854 2971 frequentiaaraaisnts.

205 3000 269 3049 suot
282 3000 375 3048 contra
389 2991 523 3063 pudorem
545 3008 552 3048 :
569 2991 672 3048 scilicet
685 2991 867 3049 consideratio
882 2991 1002 3061 rationis,
1357 2988 1473 3046 SERMO
1488 2989 1555 3048 cv1.

206 3080 358 3138 reverentia
376 3079 506 3136 intuentis
520 3079 583 3152 Dei,
597 3080 764 3150 comparatio
779 3080 893 3150 majoris
907 3080 1002 3138 aoniu-
1016 3086 1038 3164 g
1093 3080 1130 3134 De
1145 3077 1234 3134 tribvs
1243 3077 1280 3134 ad
1289 3077 1425 3151 spendens
1434 3081 1632 3152 penitentiam
1644 3081 1819 3138 accessoriis.

206 3169 299 3227 donis.
326 3167 455 3226 Similiter
478 3178 573 3226 conua
602 3167 726 3225 timorem
754 3171 915 3241 opponenda
943 3175 1006 3225 suat
1094 3170 1120 3223 t.
1143 3163 1208 3222 'l'res
1228 3172 1292 3220 sunt
1318 3174 1404 3223 statua
1423 3169 1520 3224 anime
1545 3187 1552 3224 :
1574 3169 1603 3224 in
1621 3183 1744 3241 corpore,
1767 3168 1857 3239 posite

205 3258 280 3316 tria:
295 3256 521 3316 considerandum
536 3259 607 3314 enim
622 3263 664 3314 est
677 3273 760 3330 qnam
774 3256 809 3313 sit
829 3257 909 3330 longa
923 3271 1004 3328 paena
1057 3267 1182 3324 corpore,
1206 3263 1315 3326 recepto
1336 3269 1460 3326 corpore.
1487 3257 1591 3312 Primus
1609 3257 1687 3313 datus
1709 3265 1751 3314 est
1772 3256 1797 3312 ei
1821 3256 1855 3314 ad

206 3345 316 3414 iuiemi,
331 3359 411 3419 quam
426 3347 527 3420 gravis,
545 3361 626 3419 quam
641 3345 819 3404 infructuosa.
831 3345 855 3402 E
867 3343 1004 3402 contrario
1058 3341 1191 3416 agendam
1206 3343 1404 3415 paenitentiam,
1419 3344 1516 3417 reliqui
1525 3344 1582 3402 dno
1595 3345 1630 3401 ad
1646 3346 1796 3402 habendam
1809 3362 1856 3404 re·

206 3449 272 3492 vero
290 3435 435 3508 presentis
459 3437 593 3507 temporis
616 3434 775 3509 paenitentia
795 3433 885 3492 brevis
908 3440 963 3502 eat,
979 3437 1006 3489 et
1059 3430 1151 3502 quiam
1169 3432 1211 3488 vel
1229 3447 1348 3504 poenam,
1364 3431 1465 3490 scilicet
1489 3440 1570 3504 prout
1583 3433 1670 3508 gessit
1685 3433 1713 3490 in
1727 3448 1853 3505 corpore,

208 3523 282 3590 levis,
296 3530 324 3580 et
347 3522 493 3580 fructuosa.
507 3525 608 3580 Contra
622 3539 699 3592 spent
714 3538 823 3596 quoque
842 3521 935 3578 itidem
955 3521 1006 3577 tria
1059 3519 1116 3576 sive
1131 3520 1243 3590 bonum,
1256 3521 1314 3580 sive
1327 3521 1434 3578 melum.
1447 3522 1488 3577 Ad
1502 3521 1636 3595 agendam
1650 3538 1715 3580 vero
1725 3523 1858 3596 poeniten-

207 3619 384 3684 oppouuutur
399 3630 407 3667 ι
424 3611 495 3668 bona
515 3611 616 3668 seilicet
639 3611 723 3668 lutari
746 3609 849 3677 saculi,
864 3606 1007 3682 praesentis
1059 3608 1123 3664 tiam
1145 3608 1196 3666 tria
1209 3619 1273 3667 sunt
1287 3609 1450 3678 necessaria,
1466 3617 1583 3685 tempus,
1598 3625 1708 3683 corpus,
1719 3619 1755 3680 ¹et
1770 3611 1854 3668 locus.

208 3699 270 3758 rite
283 3697 363 3768 bonis
376 3699 490 3769 majora,
501 3699 629 3766 certiora,
644 3698 811 3756 durabiliora
826 3699 1004 3771 :adquorum
1059 3695 1137 3766 Quod
1152 3708 1259 3770 tempus
1273 3699 1308 3755 sit
1318 3698 1513 3766 necessarium,
1523 3699 1588 3757 dicit
1602 3700 1752 3772 Apostolus
1768 3704 1857 3760 :Ecce

96 3817 98 3820 ·
208 3786 450 3858 comparationem,
467 3785 600 3860 quidquid
618 3786 647 3842 in
669 3786 722 3844 hoo
739 3787 840 3844 mundo
854 3786 1005 3844 desiderari
1059 3792 1258 3860 aaactcmpaa
1271 3789 1454 3860 acceptabile,
1467 3804 1528 3848 acce
1541 3805 1619 3846 cane
1633 3790 1692 3846 dica
1706 3789 1859 3858 satatisssl

208 3881 307 3948 potest,
324 3872 458 3930 modicum
474 3881 517 3931 cst
535 3881 562 3929 et
581 3873 733 3943 incertum;
749 3881 786 3946 et,
803 3885 832 3930 ut
855 3874 891 3930 ita
904 3873 1005 3944 dimna,
1061 3879 1122 3936 Gor.
1138 3892 1176 3942 vr,
1193 3877 1231 3948 a).
1257 3875 1387 3934 Similiter
1410 3885 1438 3934 et
1457 3877 1491 3933 de
1513 3892 1628 3949 corpore
1649 3877 1721 3934 idem
1739 3878 1854 3935 scribit:

207 3973 438 4022 momentaneum.
461 3963 502 4020 lta
523 3969 617 4021 eontra
642 3964 858 4036 desperationem
881 3963 1005 4021 vincendi
1061 3965 1594 4038 Omaeaaoaoportctmanifestariaate
1602 3965 1731 4022 tribuant
1739 3965 1854 4034 ebriati,

207 4060 360 4128 peccatum,
374 4053 427 4111 tria
441 4061 505 4110 sunt
518 4052 655 4110 remedia:
673 4053 789 4124 pmmum
801 4063 842 4110 est
856 4053 935 4127 sigor
948 4055 1005 4124 ipse
1058 4059 1093 4113 ut
1107 4057 1215 4126 reserat
1228 4058 1345 4128 quiaque
1352 4057 1471 4128 proprio
1484 4055 1609 4128 eorporis
1622 4059 1709 4128 preat
1722 4057 1807 4127 pessit
1821 4055 1858 4128 (ll

207 4141 339 4216 propositi
349 4141 424 4208 boni,
440 4158 523 4215 quem
537 4143 651 4199 assumit
664 4159 698 4200 ex
711 4143 893 4212 cantaminum
907 4159 1005 4200 secam
1062 4146 1126 4201 dor.
1145 4160 1171 4210 v,
1192 4144 1247 4214 lb).
1264 4143 1355 4198 Sedet
1376 4145 1410 4200 de
1425 4143 1477 4202 boc
1493 4142 1554 4199 loco
1570 4143 1687 4214 loquitur
1705 4143 1853 4216 Scriptura,

207 4235 273 4291 duur
294 4240 336 4292 eat
357 4234 443 4308 gratia
460 4233 520 4300 Dei,
535 4247 618 4305 qnam
633 4239 752 4290 meretur
776 4249 809 4290 ex
833 4234 1003 4306 humilitate;
1059 4231 1153 4288 dicens
1172 4233 1224 4290 :Si
1237 4232 1496 4304 ascenderitsaper
1509 4237 1538 4290 te
1552 4233 1675 4305 spiritua
1687 4236 1857 4305 potestatem

208 4323 316 4380 tertium
331 4330 372 4378 est
385 4321 525 4386 auxilium,
540 4322 613 4392 qnod
629 4337 664 4378 ex
688 4323 748 4392 ejus
762 4322 842 4377 babet
860 4321 905 4379 cui
917 4322 1005 4378 conli-
1061 4319 1199 4386 babeatis,
1212 4319 1303 4378 baum
1314 4324 1442 4377 tuamne
1451 4319 1562 4378 meacm
1572 4320 1712 4393 (dealem,
1724 4321 1763 4391 l),
1774 4321 1857 4377 Porro

208 4416 283 4470 tetur
295 4409 493 4483 compassione.
1021 4362 1045 4449 Β
1060 4421 1165 4479 tempus
1180 4409 1206 4462 iu
1222 4407 1271 4465 tria
1280 4407 1411 4465 dividitur
1424 4423 1430 4462 :
1444 4406 1472 4462 in
1487 4408 1666 4479 praeteritam,
1683 4405 1712 4462 in
1727 4422 1854 4478 presens,

510 4497 629 4556 saeuo
648 4498 702 4556 CV.
1061 4496 1088 4552 in
1113 4493 1241 4553 futurum.
1262 4496 1363 4552 Horum
1387 4495 1490 4552 nullum
1513 4493 1613 4566 perdit,
1636 4493 1760 4568 quisquis
1786 4501 1857 4550 recte

262 4589 510 4664 Dercqat'aititad
519 4588 760 4660 justificationem
773 4593 803 4645 et
821 4591 952 4648 salutem.
1062 4583 1248 4656 paenitentiam
1272 4583 1342 4657 agit.
1367 4585 1438 4640 Nam
1462 4583 1629 4654 praeteritum
1652 4581 1763 4656 quidem
1786 4581 1856 4655 quod

246 4683 273 4734 l.
293 4679 425 4736 Duosunt
439 4676 467 4732 in
482 4675 818 4750 quibusconsistitaostra
833 4677 915 4745 salus,
929 4679 1010 4748 justi·
1064 4673 1217 4744 perdiderat
1238 4681 1380 4740 restaurat,
1407 4672 1472 4728 dum
1496 4672 1523 4726 in
1552 4669 1735 4728 amaritudine
1761 4671 1857 4726 animae

208 4765 298 4824 licatlo
319 4775 346 4824 et
364 4767 536 4842 glorificatio.
552 4766 647 4824 Altera
670 4765 786 4833 initium,
803 4767 884 4824 altera
900 4767 1007 4838 periec-
1061 4777 1119 4818 ⁸⁰ae
1135 4777 1231 4818 omnes
1257 4775 1343 4818 annos
1365 4776 1429 4817 suos
1448 4759 1578 4834 recogitat
1599 4773 1743 4830 :praesens
1766 4765 1856 4816 autem

210 4855 247 4912 tio
261 4862 313 4912 est.
329 4856 358 4912 ln
381 4856 425 4910 illa
448 4856 533 4920 labor.
555 4855 582 4911 in
601 4856 651 4912 baa
671 4866 760 4912 autern
782 4855 886 4914 tructus
909 4857 1009 4912 laboris
1062 4850 1201 4920 tenatiam
1215 4865 1265 4922 per
1286 4849 1447 4906 exercitium
1465 4847 1556 4920 operis
1572 4862 1579 4902 :
1596 4847 1715 4904 laturum
1729 4862 1795 4905 vero
1810 4863 1857 4919 per

207 4951 262 4998 eet.
278 4941 311 4998 lit
325 4945 520 5012 nuncquidem
541 4942 699 5013 justificatio
715 4941 745 4998 lit
768 4959 816 5012 per
830 4942 929 5013 idemq
945 4961 1008 5000 nam
1062 4938 1239 4995 ‹momentiam
1262 4937 1324 4994 boni
1348 4935 1488 5009 propositi.
1513 4938 1552 4994 De
1575 4936 1715 5010 praeterito
1741 4936 1857 5010 loquitur

208 5028 369 5105 glorificatio
387 5029 440 5086 crit
462 5046 509 5096 per
533 5031 664 5102 speciem.
679 5028 789 5099 Quaatta
811 5039 899 5088 autem
924 5032 959 5089 sit
981 5032 1008 5086 in
1061 5027 1217 5098 Apostolus,
1232 5025 1392 5083 condicit:
1408 5027 1858 5098 Dedimeatcalempaaqaoaiam

210 5117 302 5175 lutura
315 5117 370 5174 vita
391 5115 556 5189 glorificatio
570 5125 735 5181 muctarem.
752 5118 885 5174 humanus
899 5119 1008 5174 interim
1061 5117 1119 5174 dica
1134 5118 1206 5173 mali
1225 5122 1292 5175 suat
1310 5116 1423 5190 (lipbaa.
1438 5133 1465 5172 v.
1491 5119 1547 5186 lb).
1561 5114 1605 5170 Ad
1629 5115 1858 5194 praesentistveru

210 5222 265 5264 non
278 5213 367 5280 potest
390 5205 702 5281 attingereintellectus.
717 5207 756 5262 De
770 5206 815 5262 illa
835 5207 908 5263 enim
923 5211 1009 5279 scrip-
1062 5207 1246 5278 operationem
1261 5206 1384 5262 bortatur
1398 5220 1460 5272 nos,
1475 5219 1537 5262 aum
1552 5203 1618 5260 dicit
1634 5224 1641 5260 ι
1657 5205 1731 5260 Dam
1748 5209 1857 5278 tempus

212 5303 268 5352 tum
283 5305 336 5368 est,
348 5297 421 5368 quod
436 5297 537 5355 acates
552 5311 609 5354 aaa
631 5296 712 5364 armat,
728 5311 779 5354 aec
794 5298 1007 5367 eumaudivit,
1063 5293 1858 5368 memus,operamarbocamaaomaes‚mcatmeaatem

212 5383 313 5456 (ider.
329 5400 361 5454 rr,
372 5387 410 5457 a),
422 5394 474 5442 eta.
484 5387 540 5441 llac
553 5400 619 5456 ergo
634 5385 742 5441 interim
759 5385 870 5452 omissa,
882 5387 1009 5456 quoniam
1063 5383 1100 5439 ad
1113 5384 1279 5443 domesticae
1293 5383 1359 5454 fidei
1378 5383 1485 5452 (Galat.
1500 5396 1539 5451 va,
1555 5379 1609 5450 itt).
1628 5379 1723 5435 Facturi
1738 5398 1787 5438 nos
1810 5380 1858 5435 ad·

212 5471 286 5530 vires
310 5481 418 5532 nostras
442 5474 557 5540 excedit,
579 5473 613 5530 de
642 5473 834 5544 justificatione
856 5491 917 5547 quae
940 5491 1011 5533 aune
1064 5480 1155 5550 mouet
1164 5474 1306 5536 Dominus,
1318 5489 1377 5526 eum
1393 5471 1452 5527 ait:
1472 5471 1526 5541 Qui
1540 5472 1761 5541 perseveraverit
1771 5486 1859 5541 acqua

214 5559 314 5633 agitur,
329 5560 428 5633 aliquid
443 5561 478 5618 ad
492 5561 697 5620 aedificationem
718 5561 828 5618 fratrum
844 5569 998 5620 nostrorum
1063 5579 1096 5618 aa
1109 5563 1206 5633 ficem,
1222 5563 1317 5620 caloae
1329 5567 1383 5620 eret
1396 5558 1510 5632 (aetat.
1530 5575 1557 5628 x,
1570 5557 1627 5630 22).

213 5647 286 5721 qaod
301 5648 479 5714 necessarium
491 5649 580 5720 visum
595 5659 646 5714 est,
659 5648 933 5720 loquanrnrffltb?
952 5652 1012 5723 lpse
1099 5653 1127 5706 i.
1146 5651 1251 5724 Corpus
1273 5665 1382 5724 quoque
1400 5647 1584 5706 necessarium
1608 5655 1651 5705 eat
1676 5647 1710 5706 ad
1729 5635 1859 5720 agendam
