4086 6344
152 448 207 516 pp
774 437 1173 507 annonnsntutrrnct.
1746 451 1803 516 noo

151 573 243 641 storiis
250 571 384 634 moveri.
395 567 508 644 Quoties
516 565 990 662 unudosuperaturmutvitinq
1005 583 1112 643 pungor
1126 579 1153 630 et
1165 569 1320 650 mosander
1333 571 1362 630 in
1376 574 1554 652 memodpso3
1566 585 1593 635 et
1602 580 1727 638 saneris
1736 597 1803 654 con·

152 664 325 740 salpugatur,
340 668 387 718 ant
400 659 543 720 imminens
565 655 715 732 pericnlum
730 655 963 722 emineamus
1004 655 1076 716 tineo
1088 657 1229 733 immutas,
1245 659 1282 718 ita
1301 663 1385 733 pudet
1403 663 1506 736 teporis
1529 669 1699 744 torporisque
1721 671 1802 732 nisa

149 752 264 826 laqueus
278 747 433 810 insidiantis
451 745 677 818 deprehenditur,
690 753 737 804 aut
750 759 851 800 mama
864 749 890 799 et
904 742 950 800 in·
1005 741 1131 803 rabilium
1154 755 1306 820 temporum
1330 748 1438 807 borum.
1462 749 1512 808 Cui
1541 770 1655 830 namque
1680 768 1801 817 nostrum

150 850 272 901 vetemta
281 834 662 918 quecunqueanimapaesio
675 834 757 892 semel
778 831 951 906 perfecteque
1003 839 1108 892 tantam
1126 836 1241 912 ¹inpertit
1267 837 1397 910 gaudium
1426 839 1521 912 gratiae
1555 841 1636 915 hujus
1660 830 1800 918 exhibitio,

150 938 275 998 modun,
289 936 339 988 ant
353 925 470 985 multura
488 925 590 1000 diuque
611 923 701 997 cupita
714 932 741 980 et
754 920 854 994 saepius
867 919 952 992 petita
1004 932 1131 994 quantum
1161 925 1261 984 sancus
1285 926 1425 984 veteribus
1450 929 1613 990 accenderat
1636 932 1801 994 desiderium

149 1020 237 1079 virtus
251 1019 361 1077 undem
375 1014 523 1089 aliquando
536 1014 587 1072 liei
599 1029 711 1071 munere
726 1011 873 1079 obtinetur,
884 1008 951 1084 qnid
1002 1011 1172 1084 promissio?
1188 1015 1259 1074 Ecce
1273 1013 1346 1072 enim
1359 1032 1442 1090 quem
1458 1017 1534 1076 multi
1548 1019 1575 1074 iu
1591 1019 1642 1079 beo
1654 1023 1723 1093 ejus,
1740 1042 1801 1096 qua

148 1107 204 1166 nisi
236 1106 326 1177 tuum,
352 1107 430 1178 juxta
453 1104 623 1176 prophetem,
646 1108 778 1174 pertenet
800 1097 949 1174 gratiarum
1001 1099 1127 1171 proxime
1150 1103 1315 1162 celebrande
1332 1111 1384 1175 est,
1400 1104 1544 1164 Nativitate
1558 1105 1736 1184 gaudebuutl
1752 1114 1800 1172 scd

146 1194 220 1254 acuo
234 1202 262 1252 et
272 1209 323 1250 vos
336 1191 425 1253 leudis
434 1192 514 1264 (lsai.
525 1207 564 1258 nr,
580 1191 620 1262 3),
631 1199 658 1248 et
672 1189 705 1246 ad
715 1189 824 1264 singula
834 1202 949 1262 quaeque
1002 1189 1102 1246 uduam
1122 1191 1157 1250 do
1180 1193 1325 1262 nativitate,
1342 1209 1395 1252 non
1411 1195 1445 1252 de
1459 1197 1577 1252 vanitate
1589 1196 1595 1252 l
1608 1195 1719 1256 filorum
1731 1216 1800 1274 ergo

149 1279 281 1342 bendida
293 1279 466 1340 benedicitur
479 1281 554 1338 Deus
567 1279 596 1336 in
618 1279 698 1336 donis
717 1277 797 1336 suisf
818 1273 948 1350 Alioquin
1000 1277 1163 1336 desiderium
1181 1279 1301 1354 flagrem
1323 1290 1351 1339 et
1367 1282 1422 1354 pie
1436 1283 1645 1356 exspectationis
1670 1283 1797 1345 abactam

148 1371 274 1446 ingratus
288 1368 466 1437 reputabitur,
482 1384 543 1425 cum
557 1363 690 1426 discussio
705 1365 872 1438 venenandi
893 1379 947 1421 non
999 1365 1084 1436 spirat
1098 1366 1165 1424 mibi
1177 1383 1228 1430 vox
1248 1368 1318 1427 ista:
1336 1369 1483 1430 Osceleter
1496 1386 1541 1429 me
1556 1373 1650 1430 osculo
1677 1375 1732 1432 oris
1750 1392 1799 1434 sar

150 1457 249 1532 poterit
263 1455 355 1514 dicere
368 1458 426 1514 Deo
441 1456 622 1516 :cantabiles
636 1452 949 1528 mibierontjustificn·
1000 1451 1124 1524 (canae
1140 1473 1159 1525 r,
1176 1459 1214 1530 l).
1231 1455 1355 1515 Senserat
1370 1457 1498 1516 nimirum
1512 1459 1538 1515 in
1555 1458 1660 1534 spiritu,
1676 1463 1801 1540 qusquis

150 1549 241 1606 tems
251 1545 418 1606 faemineo
425 1545 665 1619 praesanctionis
674 1560 744 1602 ma
754 1543 839 1615 (Psoi.
847 1555 946 1607 munt,
1001 1547 1065 1598 tnnc
1092 1543 1239 1614 spiritualis
1267 1563 1326 1604 esse
1351 1557 1468 1619 poterat,
1495 1557 1596 1622 quanta
1619 1549 1688 1610 foret
1711 1555 1798 1628 pratia

151 1637 207 1707 aa),
1002 1629 1101 1687 diffusa
1114 1631 1143 1687 in
1155 1632 1234 1689 labiis
1248 1633 1309 1693 illis.
1324 1635 1472 1708 Propterea
1491 1637 1606 1712 loquens
1621 1638 1649 1696 in
1664 1641 1798 1700 desiderio

187 1727 231 1782 tn.
246 1721 371 1780 Arbitror
389 1736 439 1781 vos
451 1721 479 1778 in
493 1720 570 1778 robis
584 1719 651 1792 ipsis
665 1717 711 1776 illa
729 1720 788 1792 jam
810 1732 947 1793 recogno·
1001 1720 1098 1776 animae
1108 1719 1209 1788 aiebat,
1223 1723 1423 1784 Osceletcrme
1432 1727 1526 1786 osonio
1535 1729 1592 1786 ores
1598 1731 1660 1799 stri,·
1671 1729 1798 1790 nimirum

150 1829 237 1882 soem,
248 1827 309 1883 quae
324 1809 351 1868 in
365 1809 503 1883 psalterio,
518 1824 574 1866 non
587 1806 697 1866 Caduca
709 1807 888 1876 musicorum,
898 1807 946 1864 sed
1001 1806 1176 1881 omnimodis,
1196 1811 1309 1883 cupiens
1333 1821 1412 1869 tante
1428 1815 1569 1874 suavitatis
1582 1817 1728 1894 participio
1742 1835 1797 1878 non

149 1898 260 1960 &utica
273 1897 413 1960 Graduum
427 1894 606 1970 appellantur,
621 1909 654 1951 eo
664 1893 742 1968 quod
768 1892 802 1949 ad
825 1855 984 1966 singulas„
1000 1895 1129 1954 fraudari.

148 1987 285 2058 profectus
299 1995 415 2058 vesuoe,
433 1985 508 2056 juxta
522 1981 695 2040 ascensiones
708 1997 775 2053 quas
789 1980 905 2054 quisque
916 1979 944 2036 in
1034 1989 1060 2042 f.
1077 1984 1190 2043 Dicebat
1201 1985 1272 2042 euim
1292 1987 1425 2060 perfectus
1439 1987 1555 2062 quisque
1570 2012 1576 2052 ς
1594 1990 1657 2061 Qun
1672 1994 1735 2051 mihi
1750 1975 1797 2052 οἱα

147 2077 230 2134 corde
243 2089 293 2133 suo
308 2075 450 2148 disposuit,
464 2072 570 2147 singula
583 2072 638 2128 sint
651 2071 754 2130 cantica
763 2069 946 2142 depromenda
997 2074 1056 2132 baee
1069 2075 1258 2135 seminiverbia
1273 2078 1492 2149 prophetarum?
1506 2078 1567 2149 lpse
1581 2081 1672 2152 potins
1686 2085 1797 2155 specio·

146 2167 181 2221 ad
196 2163 344 2222 laudemet
365 2169 482 2237 planem
498 2159 692 2232 promoventis.
717 2157 840 2229 Quonam
864 2155 945 2213 modo
999 2180 1046 2220 sus
1067 2163 1156 2220 forma
1182 2181 1238 2235 prae
1262 2163 1486 2234 liliisbominum,
1510 2167 1570 2239 ipae
1591 2185 1636 2227 ms
1659 2171 1797 2228 osculetur

147 2254 289 2325 impleatur
303 2251 382 2310 aliter
397 2250 441 2306 ille
456 2249 602 2308 verniculus
617 2263 671 2304 non
688 2247 766 2306 video
788 2265 795 2302 :
822 2249 876 2305 l'oe
890 2261 944 2302 en·
999 2252 1217 2309 osculoorisaui.
1231 2253 1291 2311 Nou
1307 2253 1389 2310 audio
1401 2255 1456 2326 jam
1472 2253 1583 2328 bfoysen
1600 2257 1797 2331 :impeditioris

145 2344 313 2404 seandimus
322 2337 701 2400 efsolets'sintobernaculs's
707 2335 944 2409 justoremfl’soi.
998 2340 1130 2414 siquidem
1142 2341 1242 2416 linguae
1254 2341 1340 2399 factus
1354 2350 1395 2398 est
1409 2343 1473 2398 mibi
1484 2345 1584 2416 (docti.
1600 2361 1638 2413 tv,
1655 2347 1710 2420 te).
1720 2347 1796 2406 isaia

146 2447 233 2502 essu,
250 2431 311 2504 tols
325 2439 373 2487 tut
386 2425 591 2500 oeresnostoli
606 2425 652 2481 ils
669 2423 848 2494 vuldenima
867 2424 945 2479 salu·
998 2428 1069 2486 rmn
1082 2429 1297 2487 immundans
1311 2430 1390 2502 (reae.
1406 2431 1735 2504 vesprumiensem
1749 2437 1794 2494 to-

146 2517 319 2592 berrimaque'
327 2517 496 2576 exhortatio:
511 2515 544 2572 ln
551 2513 811 2589 psalmisnpmnis,
829 2507 945 2570 ¹270
999 2520 1057 2588 qui,
1072 2519 1136 2591 quia
1150 2535 1218 2592 puer
1231 2527 1272 2575 est
1282 2517 1397 2592 (feram
1413 2535 1434 2588 1,
1445 2519 1492 2592 6):
1507 2528 1534 2578 et
1544 2521 1685 2594 Prophetae
1700 2539 1797 2600 omues

145 2613 173 2666 cf
196 2607 316 2670 canticis
340 2605 542 2680 spiritualibus
556 2603 719 2672 cantabitis
736 2607 764 2659 0²
787 2601 944 2676 titillent&
996 2607 1350 2682 elingurssuut.lpae,ipse
1364 2623 1446 2680 quem
1461 2608 1689 2682 loquuntur‚ipse
1703 2611 1797 2686 loque·

143 2697 177 2755 in
190 2697 318 2756 mneos
332 2696 432 2756 vestras
446 2695 564 2754 nomino
578 2693 690 2764 (Epiros.
705 2706 734 2762 v,
751 2693 808 2762 ts).
997 2707 1042 2753 tur
1064 2716 1070 2753 ε
1086 2696 1145 2770 ipse
1160 2713 1203 2753 me
1216 2696 1354 2755 osculetur
1368 2698 1463 2754 osculo
1479 2697 1535 2755 oris
1552 2699 1606 2756 sui.
1630 2699 1692 2757 Non
1713 2701 1740 2758 in
1755 2699 1796 2760 ei's

180 2787 225 2845 tt.
241 2785 294 2844 Sed
308 2791 351 2842 est
363 2779 506 2849 mecum,
524 2779 599 2856 quod
613 2777 656 2837 sni
670 2776 800 2854 singulari
814 2775 944 2852 dignitate
995 2785 1062 2858 jam,
1079 2792 1125 2841 aut
1140 2801 1186 2856 per
1199 2800 1247 2841 eos
1266 2785 1393 2858 loquatur
1412 2785 1489 2853 mihi,
1506 2788 1634 2859 quoniam
1652 2769 1795 2849 tenebrose

142 2881 170 2929 et
183 2874 316 2931 suavitate
329 2873 435 2930 cunctis
450 2870 545 2928 merito
563 2885 625 2944 quae
638 2868 862 2934 memoravimus,
873 2868 899 2922 et
918 2865 943 2922 si
994 2888 1064 2945 aqua
1079 2871 1107 2928 in
1123 2871 1239 2928 nubibus
1251 2871 1342 2930 aeris:
1358 2871 1406 2928 sed
1421 2873 1479 2945 ipse
1494 2889 1537 2930 me
1550 2873 1686 2934 osculetur
1700 2878 1794 2935 osculo

141 2979 195 3036 qua
214 2972 279 3020 sunt
299 2961 362 3028 alia,
380 2957 535 3016 antecellit:
557 2967 583 3014 et
603 2957 665 3028 jure
680 2955 732 3012 boe
747 2953 941 3026 appellaverim
995 2959 1051 3016 oris
1072 2958 1130 3028 sui,
1149 2959 1228 3030 eujus
1251 2960 1369 3034 gratiosa
1397 2960 1550 3032 praesentia,
1575 2970 1603 3019 et
1628 2962 1795 3021 admirandae

143 3050 287 3108 &nucum
314 3048 499 3114 canticorum,
529 3047 595 3117 quit
621 3053 781 3101 ceterorum
818 3041 939 3099 omnium
995 3049 1092 3106 fluenta
1116 3047 1325 3106 doetrinaefiant
1346 3049 1375 3104 in
1398 3047 1516 3106 mefons
1536 3049 1793 3122 oquesdientisin

143 3141 235 3214 ipsum
248 3148 291 3198 ost
313 3136 426 3196 fruetus.
442 3135 596 3194 Istiusmodi
619 3133 754 3192 caudeam
779 3131 837 3190 sola
851 3133 941 3190 unctio
956 3129 979 3210 c
993 3137 1075 3195 vitam
1089 3147 1226 3194 aeruna.
1241 3137 1328 3208 Quem
1350 3137 1426 3194 unxit
1439 3137 1520 3194 Pater
1534 3138 1595 3196 oleo
1614 3139 1716 3198 laetitiae
1735 3154 1792 3214 pra

141 3230 232 3299 docet,
249 3229 305 3286 sola
328 3225 448 3282 addiscit
471 3225 648 3296 experientia.
669 3221 780 3293 Experti
803 3237 939 3296 recogno·
994 3226 1167 3284 consortibus
1180 3226 1333 3300 suis(l³snt.
1350 3241 1423 3294 serv,
1435 3229 1473 3296 8),
1484 3228 1670 3300 nunquiduon
1684 3245 1717 3286 ex
1731 3230 1791 3301 ipso

143 3321 229 3388 scant,
246 3315 378 3389 inexperti
393 3314 564 3372 inardescant
581 3311 729 3384 desiderio,
745 3327 799 3368 non
819 3319 872 3367 tam
887 3327 939 3368 co-
995 3315 1060 3372 mihi
1081 3315 1191 3371 uberior
1207 3313 1356 3371 infunditur
1381 3314 1490 3387 gratia?
1512 3315 1536 3372 si
1557 3328 1645 3372 tamen
1665 3315 1792 3389 dignetur

141 3407 390 3482 gnoscendi,quam
405 3402 573 3478 experiendi.
588 3403 650 3458 Non
665 3409 708 3457 est
721 3399 794 3456 enim
808 3401 940 3472 strepitus
994 3419 1036 3460 rnc
1049 3403 1167 3460 osculari
1176 3403 1271 3459 osculo
1282 3403 1338 3458 oris
1350 3401 1403 3460 sni.
1412 3403 1496 3472 Cuius
1506 3401 1599 3474 ntique
1608 3419 1700 3460 sermo
1713 3405 1791 3464 vivus

143 3499 208 3562 oris,
224 3495 272 3552 sed
291 3493 395 3567 jubilus
418 3492 523 3560 cordis3
544 3505 599 3548 nnn
622 3505 705 3547 sonus
726 3489 877 3560 labiorum,
891 3489 939 3546 sed
993 3499 1021 3549 et
1034 3491 1129 3548 efficax
1147 3489 1274 3547 osculnm
1289 3489 1354 3546 mihi
1372 3497 1424 3563 est,
1441 3505 1494 3548 non
1510 3491 1621 3563 quidem
1637 3493 1790 3562 coniunctio

142 3594 231 3642 motus
244 3583 422 3658 gaudiorum
439 3581 616 3646 voluntatum,
642 3594 697 3634 non
722 3593 816 3634 vocum
837 3593 938 3636 conso-
991 3578 1135 3644 labiorum,
1151 3577 1358 3652 quainterdum
1368 3593 1464 3652 pacem
1478 3579 1789 3655 mentituranimorum3

140 3673 241 3731 nantia.
255 3673 315 3730 Non
330 3671 436 3728 auditur
451 3668 527 3734 foris,
543 3684 594 3724 nec
617 3666 689 3722 enirn
707 3665 735 3722 iu
749 3665 859 3740 publico
873 3684 937 3739 per·
963 3664 967 3672 '
991 3667 1038 3724 sed
1060 3665 1139 3738 plane
1163 3665 1263 3726 infusio
1285 3667 1455 3739 gaudiorum,
1471 3667 1598 3724 revelatio
1611 3677 1789 3740 caereorum,

140 3770 223 3820 sonat
238 3781 245 3818 a
262 3761 321 3817 sola
334 3776 395 3830 quae
413 3765 501 3816 aetat
516 3754 602 3828 audit,
615 3765 643 3812 et
655 3755 699 3813 cui
710 3762 840 3824 cantatur,
854 3754 882 3811 id
896 3763 938 3813 cst
991 3756 1060 3813 mira
1073 3757 1198 3829 quadam
1213 3762 1241 3811 et
1255 3759 1370 3829 quodem
1382 3757 1463 3813 modo
1478 3757 1788 3818 indiseretacommistio

138 3866 243 3922 sponsa
255 3856 282 3906 et
296 3863 422 3920 sponsus.
438 3845 486 3902 Est
500 3845 600 3919 quippe
618 3844 738 3914 nuptiale
751 3859 872 3914 aarum,
888 3859 936 3902 ex·
990 3847 1104 3918 superni
1126 3845 1238 3901 luminis
1264 3853 1293 3901 et
1319 3845 1476 3901 illuminatae
1503 3845 1611 3903 mentis.
1636 3848 1788 3906 adhaerens

137 3940 260 4011 primane
283 3945 375 3994 castos
386 3934 576 4006 jucundosque
593 3933 749 4004 complexus
771 3929 935 4002 animorum,
989 3934 1092 4007 quippe
1106 3933 1175 4000 Deo,
1188 3948 1259 3990 unus
1273 3933 1384 4006 spiritns
1399 3940 1440 3989 est
1459 3933 1486 4006 (l
1499 3935 1561 3993 Cor.
1576 3951 1605 4006 v,
1620 3937 1675 4004 Π).
1690 3937 1787 3994 llerito

139 4043 247 4083 morum
261 4023 447 4093 concordiam,
463 4019 663 4094 affectuumque
676 4028 887 4078 consentaneam
902 4020 936 4076 ad
992 4022 1103 4093 proinde
1125 4021 1245 4078 visiones
1266 4028 1294 4077 et
1311 4021 1415 4079 somnia
1436 4037 1491 4078 non
1513 4023 1625 4094 recipio,
1646 4021 1788 4096 figuraest

137 4113 297 4171 alterutrum
310 4112 477 4170 charitatem.
990 4111 1134 4184 enigmata
1147 4110 1212 4166 nolo
1221 4108 1306 4182 ;ipsas
1321 4123 1430 4183 quoqne
1443 4109 1583 4182 angelicas
1597 4109 1705 4168 fastidio
1720 4125 1786 4183 spe-

177 4205 222 4260 le.
246 4200 381 4260 Caeterum
404 4215 459 4258 non
482 4205 523 4256 est
547 4196 612 4254 illud
634 4204 744 4254 cantare
768 4211 816 4254 seu
842 4197 936 4256 andire
990 4199 1056 4256 aies.
1084 4195 1192 4256 ml
1221 4195 1329 4271 Quippe
1350 4205 1377 4255 et
1400 4197 1475 4270 ipsos
1488 4195 1571 4273 louge
1597 4200 1787 4271 superattesn

139 4290 237 4348 anime
252 4285 366 4363 puerilis
381 4296 409 4344 et
427 4288 569 4360 neopbptoe
592 4285 689 4353 adbuc,
706 4294 734 4343 et
752 4301 847 4343 recens
865 4302 935 4343 eon·
987 4303 1066 4346 meus
1075 4285 1166 4360 specie
1176 4302 1223 4344 sua
1234 4298 1261 4343 et
1271 4286 1466 4358 pulchritudine
1475 4303 1534 4346 sua.
1548 4289 1610 4347 Non
1623 4304 1690 4363 ergo
1704 4289 1787 4346 alium

137 4397 222 4439 verse
236 4379 270 4437 de
283 4378 394 4444 seculo
409 4377 458 4433 sed
471 4384 605 4448 proveeta
616 4377 673 4445 iam
688 4381 715 4431 et
728 4375 842 4430 erudita
856 4389 933 4431 men·
991 4379 1048 4435 sive
1067 4374 1202 4448 angelum,
1218 4375 1274 4432 sive
1291 4375 1440 4444 bominem,
1457 4377 1505 4434 sed
1518 4377 1608 4449 ipsum
1622 4387 1685 4449 peto
1702 4395 1785 4436 oseu-

137 4471 186 4538 tis;
200 4484 262 4544 que
271 4467 329 4526 suis
343 4465 468 4523 nimirum
482 4464 659 4537 profectibus,
677 4463 732 4520 lieo
748 4423 973 4534 promovente,⁰
991 4467 1040 4522 lari
1055 4482 1096 4522 me
1110 4465 1204 4523 osculo
1216 4465 1272 4521 oris
1288 4465 1339 4521 sui.
1353 4465 1409 4523 Neo
1423 4481 1488 4523 sane
1503 4481 1636 4540 presumo
1650 4481 1694 4524 me
1708 4483 1785 4526 oscu-

136 4559 165 4616 in
179 4565 285 4616 tanturn
296 4559 352 4630 ianr
366 4553 489 4622 creverit,
505 4563 637 4629 quatenus
650 4552 686 4608 ad
703 4551 852 4624 perfectam
867 4563 935 4610 aeta-
988 4555 1072 4612 baum
1086 4552 1120 4609 iri
1139 4555 1173 4610 ab
1197 4569 1244 4611 ore
1267 4553 1354 4626 ipsius
1370 4555 1421 4626 lest
1435 4557 1508 4611 enirn
1523 4556 1575 4612 boe
1588 4557 1720 4629 assumpti
1734 4559 1784 4616 bo-

137 4655 203 4716 tern,
219 4656 247 4703 et
261 4647 295 4703 ad
310 4644 416 4703 nubiles
432 4643 550 4718 quodam
572 4641 653 4699 modo
667 4641 821 4713 pervenerit
834 4656 934 4712 annos,
989 4643 1070 4699 minis
1083 4644 1170 4698 unicae
1190 4641 1327 4699 felicitatis
1350 4649 1377 4699 et
1393 4645 1580 4717 praerogative
1603 4643 1784 4719 singularis);

137 4729 294 4794 anuosdico
308 4733 479 4806 meritorum,
493 4747 549 4787 non
565 4739 733 4800 temporum3
745 4728 814 4786 faeta
833 4733 935 4803 nuptiis
989 4731 1037 4790 sed
1051 4730 1178 4788 humilius
1201 4731 1234 4787 ab
1258 4732 1352 4787 osculo
1374 4731 1430 4787 oris
1447 4729 1489 4788 sui
1512 4739 1576 4803 peto
1590 4747 1635 4787 me
1653 4733 1781 4802 oseulari,

136 4824 257 4884 caelestis
272 4821 366 4897 sponsi
377 4823 483 4892 idonea,
498 4821 588 4894 qualis
602 4819 720 4890 deniqne
734 4835 784 4877 suo
799 4819 862 4878 loco
877 4821 934 4892 ple·
988 4821 1061 4895 quod
1075 4835 1219 4879 commune
1230 4819 1372 4894 utiqueest
1383 4822 1541 4886 multorum,
1554 4820 1600 4892 qui
1609 4819 1711 4879 discere
1721 4837 1783 4895 pos·

135 4915 198 4970 nius
211 4914 390 4972 describetur.
407 4911 459 4969 Sed
485 4909 604 4984 praeterit
626 4911 704 4977 bora,
726 4926 779 4982 qua
801 4923 851 4965 nos
863 4909 935 4966 exire
987 4917 1060 4977 suut,
1078 4911 1113 4968 st
1127 4925 1178 4969 nos
1197 4925 1293 4969 mnne
1308 4909 1342 4968 ds
1357 4909 1538 4984 plenitudine
1551 4912 1613 4983 ejus
1626 4915 1783 4986 mamimus

135 5012 217 5077 urget
230 5003 264 5058 ad
282 5016 366 5074 opera
388 5017 515 5060 manuum
536 5007 564 5054 et
588 5005 733 5073 paupertas
752 5004 780 5053 et
803 4997 934 5055 institutio
987 4999 1081 5072 (loon.
1097 5014 1118 5065 t,
1139 4999 1199 5069 ts).

133 5091 283 5166 reprimis
298 5091 365 5147 Cras
379 5089 529 5146 innomine
543 5085 651 5144 Dondni
671 5085 745 5160 quod
763 5101 934 5159 ceperamus
1024 5093 1051 5146 3.
1066 5087 1210 5145 lutendlte.
1225 5087 1267 5144 Sit
1280 5103 1311 5146 os
1325 5087 1459 5156 osculans,
1486 5085 1604 5146 Verbum
1623 5104 1781 5158 assumena;

132 5195 329 5252 prosequemur
347 5179 381 5236 de
409 5178 513 5244 osculo,
533 5177 597 5252 quia
622 5175 655 5234 de
681 5175 757 5232 titulo
784 5174 934 5235 hodiernus
988 5178 1293 5250 osculatumearoquae
1303 5175 1447 5234 assumitur
1460 5192 1467 5232 τ
1482 5178 1605 5235 osculum
1618 5193 1697 5246 vero,
1709 5181 1782 5253 quod

130 5285 225 5327 sermo
239 5284 291 5325 uos
303 5267 450 5340 expedivit.
984 5267 1088 5340 pariter
1108 5267 1141 5323 ab
1158 5267 1297 5325 osculante
1312 5273 1339 5324 et
1354 5265 1474 5324 osculato
1498 5267 1649 5334 confletur,
1664 5283 1782 5342 persona

447 5350 565 5412 saneto
581 5353 614 5409 lt.
983 5355 1042 5429 ipsa
1065 5355 1167 5413 scilicet
1191 5371 1224 5412 ex
1246 5363 1362 5429 utroque
1376 5365 1526 5430 compacta,
1545 5355 1678 5414 mediator
1691 5357 1739 5414 Dei
1754 5367 1784 5416 et

129 5441 933 5520 Delaccrnofioeechristiperpctricrcltosetproplteins
983 5444 1124 5501 bominum
1149 5445 1230 5501 bomo
1256 5443 1379 5502 cbristus
1404 5445 1493 5501 lesus.
1518 5445 1575 5503 llac
1593 5461 1658 5518 ergo
1677 5448 1782 5504 ratione

186 5537 335 5602 nenuotc,
346 5539 373 5592 at
387 5533 587 5590 ardentissime
601 5531 634 5588 ob
649 5533 689 5588 eis
704 5533 878 5604 exspectata.
983 5541 1139 5590 eademnam
1162 5546 1243 5590 nemo
1264 5531 1355 5590 dicere
1371 5533 1560 5604 presumebat,
1575 5531 1720 5591 Oseuletur
1738 5551 1782 5592 me

169 5627 196 5679 l.
211 5622 346 5680 Ardorem
361 5621 487 5679 desiderii
502 5620 612 5678 Petrum
626 5620 820 5693 suspirantium
834 5619 933 5678 Christi
984 5635 1032 5678 ore
1045 5633 1113 5690 suo;
1129 5621 1177 5677 sed
1192 5626 1308 5690 tanturn,
1325 5620 1424 5679 Osculo
1435 5623 1492 5679 oris
1505 5622 1548 5677 sni
1559 5623 1630 5695 :ipsi
1643 5639 1708 5680 sane
1721 5638 1782 5680 ser·

133 5711 162 5767 in
180 5709 265 5769 carne
281 5711 451 5782 premebam
468 5709 841 5782 bemmbnlme'eopitann
856 5723 933 5768 com-
982 5712 1077 5767 antes
1094 5709 1299 5782 mmogtdvm
1313 5709 1402 5780 utam,
1426 5711 1470 5767 cui
1492 5701 1663 5783 tinprianter
1685 5713 1783 5770 semel·
