3950 6350
255 399 305 461 ato
678 394 706 452 S.
726 393 907 455 satutant
926 394 1072 454 mostra
1089 394 1422 457 CLARAE·Vdle³dlSIS
1866 401 1915 454 tos

251 535 481 611 antequanm
494 533 605 592 aaron
621 533 767 592 mersus
781 535 1046 595 εεεεεεεεεεε
1063 534 1087 615 p
1104 527 1165 577 erar
1181 535 1321 592 poan,
1336 529 1366 578 ar
1381 518 1589 594 recasurus:
1605 536 1657 580 nae
1676 528 1775 580 umen
1811 535 1869 596 rw
1887 539 1915 578 a

252 638 293 692 hi,
322 642 440 706 mm,
466 634 496 690 in
524 633 616 690 sum„
642 634 800 690 mammem
823 650 877 692 m„
901 633 1046 692 meam
1102 608 1211 665 dicebat
1224 609 1367 674 orandum,
1378 609 1428 665 sed
1441 625 1492 682 pro
1505 610 1567 664 illis.
1580 610 1658 666 Unde
1668 612 1702 666 ad
1716 612 1841 666 Petrum
1852 611 1912 664 ait:

250 724 411 781 Necessaria
425 734 468 781 est
482 738 550 800 ergo
565 726 624 780 baec
639 724 780 780 absconsio
795 739 850 781 uon
869 724 957 782 solum
984 735 1048 782 ante
1104 699 1913 771 5⁰⁶⁶S⁰m⁰⁸⁶²1mm⁸''⁰⁸²‘t0fib‘2ra‘oeuu'ffi0uffl

249 811 342 870 eutlos
370 811 496 881 aliorum,
529 812 579 869 sed
606 811 688 869 etiam
717 813 800 869 multo
828 813 915 888 magis
934 821 997 870 aute
1021 821 1049 869 te
1102 811 1149 868 09⁰
1163 799 1260 852 “ulem
1273 798 1432 868 f⁰f⁶vlff0
1447 799 1485 864 ies
1500 799 1533 853 ct
1547 813 1605 854 '20¹⁸
1619 795 1735 867 dificia!
1751 798 1832 868 Μθδ
1845 803 1912 866 mi

247 902 348 972 ipsum.
370 902 429 958 lloc
457 901 528 958 euim
549 902 632 957 babet
660 901 801 958 Dominica
822 901 869 957 illa
896 903 1047 962 sentemia:
1102 893 1819 967 ettaoliqarundoconuersuacoafirmufrutrsstacs
1836 896 1910 972 (Lar,
1944 899 1945 904 ’

251 992 1048 1064 Gtunseceritisomatoqooeproecipientaroobis,dicite:
1101 997 1175 1053 ¹¹1¹,
1190 985 1302 1052 31,3i).
1327 982 1356 1038 Si
1370 989 1474 1040 militm
1495 982 1556 1038 {1¹⁰⁵
1583 984 1729 1055 ⁰W²0b²2
1751 986 1862 1040 ΗΜΘΝ
1888 988 1910 1040 ῑΙ

250 1079 459 1138 Seruiinutiles
470 1097 579 1148 suman·
589 1078 661 1152 qaod
671 1078 921 1149 debuimussoccre
929 1079 1050 1150 [coimus
1103 1071 1230 1145 passione
1245 1071 1363 1145 Domini,
1379 1081 1511 1146 quantum
1526 1071 1766 1131 nobistimeudum
1782 1083 1844 1140 est,
1860 1073 1910 1130 fra·

249 1167 330 1238 (lac,
346 1185 418 1235 rtvu,
436 1167 490 1240 to).
502 1167 548 1223 ts
563 1168 637 1223 cuim
652 1166 731 1222 nobis
741 1166 763 1220 si
792 1181 847 1222 nou
871 1165 1046 1223 fecissemus!
1103 1170 1169 1233 tres,
1184 1161 1213 1218 in
1226 1162 1352 1234 passione
1367 1161 1475 1220 nostrat
1490 1161 1604 1234 Vigilate
1627 1159 1744 1236 proinde
1765 1171 1798 1220 et
1824 1173 1909 1230 orata,

250 1255 408 1314 Etbaecest
422 1255 724 1331 utiquemagnavirtus
740 1261 769 1310 et
786 1269 892 1310 summa
905 1254 1047 1324 securitas,
1102 1261 1132 1309 ut
1146 1268 1202 1309 uou
1216 1251 1325 1309 intretis
1353 1253 1382 1309 ia
1410 1253 1600 1320 tentationem,
1633 1255 1764 1328 quoniam
1788 1255 1909 1328 undique

249 1347 359 1418 quando
374 1354 401 1402 et
411 1346 455 1418 pie
480 1345 562 1412 rivin
592 1353 620 1401 et
648 1350 740 1400 tamen
769 1341 829 1414 plus
855 1343 976 1400 attendis
988 1358 1050 1416 qua
1102 1341 1258 1399 circumdati
1273 1340 1338 1398 estis
1359 1340 1562 1398 tentationibus.
1580 1341 1657 1398 Unde
1675 1351 1704 1399 et
1717 1341 1832 1414 legistis
1855 1345 1907 1414 qia

250 1431 350 1489 desunt
362 1433 422 1502 tibi,
433 1449 516 1507 quam
543 1449 604 1506 quae
627 1432 778 1490 obtinuisse
809 1431 924 1499 videtis,
947 1433 1050 1488 oblitus
1103 1433 1225 1489 tentatio
1239 1437 1282 1489 est
1296 1433 1356 1490 nito
1369 1430 1492 1488 domatis
1505 1435 1709 1504 superterram
1723 1431 1798 1505 (fob,
1809 1448 1865 1504 var,
1878 1437 1906 1502 tt

247 1533 309 1592 que
323 1529 483 1590 retroeunt,
496 1522 689 1580 etexteudens
703 1529 730 1577 te
752 1519 781 1575 iu
809 1521 957 1577 anteriora.
985 1521 1050 1576 ilaec
1103 1519 1230 1594 ltaquesi
1245 1525 1286 1576 tot
1299 1518 1494 1577 tentationibus
1505 1519 1587 1592 plens
1605 1529 1647 1578 est
1667 1520 1724 1578 vita
1753 1529 1867 1588 nostra,
1884 1532 1907 1578 ut

247 1609 327 1684 igiter
342 1618 384 1668 est
396 1611 552 1683 absconsio,
568 1625 649 1684 quam
664 1609 714 1666 sub
732 1606 966 1682 scapulsbomini
980 1623 1051 1680 prae·
1103 1624 1158 1666 uon
1172 1608 1307 1668 immerito
1326 1615 1383 1665 tota
1397 1607 1456 1680 ipsa
1483 1607 1599 1668 tentatio
1623 1608 1723 1666 debeat
1751 1610 1906 1682 appeltam

246 1701 313 1756 stari
326 1701 499 1769 dixerunus3
516 1699 602 1772 quatis
626 1699 739 1756 forsitan
762 1697 906 1756 absconsio
933 1697 983 1754 fuit
1006 1695 1051 1755 vel
1103 1695 1227 1770 pervigili
1244 1694 1488 1768 circumspectione
1502 1711 1572 1768 opus
1594 1703 1637 1753 eat
1650 1704 1679 1755 et
1705 1699 1851 1769 oratioue,
1876 1715 1906 1756 ue
1944 1719 1945 1726 ¹

247 1787 418 1846 obumbratio
433 1795 493 1862 quat
503 1789 595 1845 llariae
608 1788 680 1845 facta
696 1795 739 1844 est
752 1803 768 1842 a
783 1787 886 1859 Spiritu
899 1785 1041 1843 sauctoad
1103 1784 1395 1842 inducemuriueatn:
1411 1786 1485 1842 uude
1506 1793 1548 1840 est
1577 1791 1605 1840 at
1633 1783 1698 1842 illud
1725 1786 1753 1842 irr
1783 1789 1907 1846 bradone

247 1877 390 1936 celandum
402 1877 592 1937 videlicettanr
606 1875 880 1949 incomprehensibile
892 1887 1048 1933 sacramen·
1065 1855 1088 1934 Β
1103 1873 1253 1943 Domiaics,
1269 1876 1305 1932 st
1318 1889 1354 1931 os
1367 1890 1418 1932 nos
1429 1873 1551 1932 iudaeus
1566 1873 1602 1930 ira
1614 1876 1818 1934 sanationem.
1843 1876 1907 1946 Quia

247 1979 314 2027 tum,
1104 1967 1171 2034 erqo
1181 1961 1301 2034 undique
1315 1961 1355 2018 sie
1370 1961 1551 2018 circumdatus
1565 1977 1596 2017 es
1605 1960 1815 2032 tentationibus,
1833 1975 1906 2022 acuto
1947 2011 1948 2018 ,

284 2061 311 2115 l.
327 2055 367 2114 De
382 2057 553 2129 protectione
570 2071 681 2130 quoque
693 2055 767 2112 idem
781 2057 831 2113 iste
845 2055 979 2129 propbeta
991 2055 1048 2111 aits
1103 2049 1281 2106 circumdabit
1299 2050 1440 2108 teteritas
1455 2050 1526 2119 ejus,
1542 2057 1582 2112 ut,
1598 2049 1834 2120 quenadmodum
1860 2068 1905 2108 ur-

249 2145 426 2203 Oiombrosti
439 2159 524 2217 saper
537 2147 623 2216 caput
648 2160 742 2202 meum
756 2145 789 2199 ia
811 2143 858 2201 die
879 2144 945 2202 belli
961 2141 1050 2215 (Paul.
1104 2137 1185 2210 dique
1200 2136 1281 2206 bella,
1298 2138 1336 2193 ita
1350 2137 1472 2210 undique
1496 2137 1550 2192 sint
1565 2144 1593 2192 et
1606 2137 1742 2208 praesidis
1758 2139 1791 2194 ln
1810 2155 1866 2211 quo
1882 2147 1906 2196 et

247 2249 367 2305 cxxxrx,
379 2236 417 2304 8).
438 2234 513 2290 Sicut
527 2231 600 2288 euim
614 2233 711 2290 videns
725 2233 880 2290 venientem
895 2231 1051 2304 acupitrcm
1103 2227 1214 2284 omnino
1227 2225 1294 2284 illud
1308 2225 1483 2283 manifestum
1500 2232 1554 2290 est,
1571 2225 1709 2296 spirituale
1723 2236 1834 2284 scutum
1849 2241 1904 2284 ease

246 2329 335 2382 mater
347 2323 477 2394 expandit
500 2323 557 2378 alas
585 2337 660 2393 suas,
674 2330 704 2377 ut
722 2321 788 2394 pulli
816 2323 942 2388 subeant,
957 2325 986 2378 et
999 2322 1049 2376 ba·
1103 2324 1231 2388 oportere
1267 2315 1342 2389 quod
1369 2313 1527 2372 circundare
1552 2321 1652 2385 potest.
1677 2314 1786 2374 Veritas
1817 2325 1903 2372 auten

247 2411 331 2468 bearat
345 2419 431 2469 tntum
455 2410 605 2482 refugium:
622 2409 661 2466 sic
684 2411 764 2466 nobis
790 2417 896 2482 parata,
922 2420 951 2467 et
978 2423 1048 2482 quo·
1101 2405 1258 2472 circumdat,
1272 2405 1337 2478 quia
1352 2419 1436 2462 verax
1452 2403 1498 2477 qui
1512 2403 1654 2475 promittit,
1670 2411 1698 2461 et
1720 2403 1762 2459 sic
1793 2404 1901 2460 exbibet

251 2499 396 2557 dammodo
411 2497 522 2556 dilatato
535 2497 598 2554 sinu
619 2505 734 2554 extema
751 2505 795 2554 est
821 2512 928 2554 summa
950 2498 997 2554 illa
1020 2504 1049 2554 et
1101 2499 1131 2550 ut
1140 2493 1286 2566 promittit.
1302 2495 1406 2552 Fidelis
1423 2495 1508 2558 Deos,
1523 2491 1560 2548 ait
1587 2493 1744 2563 Apostolus,
1771 2496 1826 2565 qui
1853 2510 1901 2550 sou

250 2587 396 2646 ineffabilis
410 2588 498 2661 pietas
507 2587 614 2644 Domini
630 2587 727 2643 nostri.
740 2588 819 2646 Unde
839 2593 867 2644 et
878 2603 963 2660 supra
974 2587 1044 2643 ‹ttrit
1097 2585 1401 2656 praetercurrentes
1410 2582 1613 2658 sapruidqaod
1626 2584 1751 2656 potestis.
1762 2581 1793 2655 (f
1800 2583 1865 2640 Cor.
1878 2599 1901 2650 x,

246 2679 387 2748 Quantum
400 2679 546 2750 resupinat
553 2691 653 2734 meam
662 2693 691 2734 ea
705 2682 750 2736 tu.
764 2677 826 2733 lam
838 2691 905 2734 vero
919 2679 970 2734 sub
980 2678 1047 2750 ipsit
1103 2671 1160 2742 ¹3.)

247 2779 357 2838 quoque
376 2763 492 2836 scapulis
507 2773 536 2820 et
548 2762 736 2821 umbraculum
752 2765 872 2836 salubre,
891 2773 919 2820 et
932 2774 1047 2836 protec-
1136 2763 1164 2818 t.
1179 2759 1241 2816 Noa
1255 2757 1405 2832 incongrue
1420 2775 1488 2816 sane
1516 2766 1592 2816 scuto
1617 2762 1796 2828 comparatur
1823 2757 1901 2833 gratia

252 2851 356 2908 tionem
375 2852 516 2908 babemus.
539 2850 616 2907 Sicut
646 2850 721 2907 enim
749 2851 802 2907 iste
831 2864 980 2923 corporeus
992 2851 1046 2920 sol,
1100 2844 1199 2903 diviuae
1213 2846 1401 2919 protectionis,
1415 2845 1527 2919 quadiu
1542 2844 1676 2916 superiori
1689 2852 1773 2916 parte
1788 2845 1900 2916 amplus

248 2939 312 2996 licet
321 2939 410 2996 bonus
423 2939 457 2995 sit
471 2945 499 2994 et
511 2937 591 2996 valde
604 2939 787 3009 uecemarius,
803 2947 894 2996 umen
909 2946 937 2995 et
953 2940 1046 2998 femor
1099 2943 1127 2990 et
1141 2936 1226 2992 latum
1244 2945 1297 3006 est,
1314 2944 1344 2992 ¹¹²
1358 2944 1440 3008 “illi
1454 2938 1638 3006 hflmflfffliut
1652 2934 1810 3002 ⁰¹1⁸¹⁰ditlt
1828 2937 1857 2990 1¹¹
1869 2936 1900 2990 it·

248 3031 308 3100 ejus
335 3027 544 3098 sitemperatus
563 3042 618 3083 uon
642 3026 734 3097 tuerit,
762 3025 870 3082 infirmo
896 3027 991 3098 capiti,
1018 3039 1047 3086 et
1099 3023 1193 3082 feriori
1207 3041 1273 3083 vero
1287 3025 1417 3092 strictius,
1432 3032 1463 3082 ut
1472 3025 1561 3081 minus
1572 3031 1678 3091 oneret,
1694 3024 1815 3080 maxime
1831 3025 1897 3096 quod

245 3118 376 3191 splendor
390 3115 506 3172 infirmia
519 3113 605 3171 oculis
618 3123 709 3180 nocet,
725 3129 779 3170 uec
794 3121 836 3170 est
864 3115 929 3172 selis
955 3114 1044 3188 eulpa,
1061 3155 1083 3238 c
1098 3114 1255 3187 graciliores
1263 3115 1319 3172 rint
1329 3113 1412 3181 tibiae,
1424 3130 1475 3172 uec
1485 3123 1541 3170 tam
1554 3113 1632 3170 facile
1646 3113 1840 3184 vulnerentur,
1857 3115 1900 3169 sed

244 3208 292 3264 sed
306 3203 489 3261 infirmitatis:
506 3202 638 3258 sicetiam
652 3201 697 3258 Sol
711 3201 821 3272 justitie
836 3208 887 3260 est.
912 3203 989 3259 Unde
1016 3213 1046 3260 et
1099 3217 1151 3260 nec
1164 3203 1235 3260 adeo
1252 3203 1434 3276 periculosum
1449 3204 1483 3260 sit
1496 3203 1588 3259 illisiu
1604 3203 1727 3274 partibus
1753 3203 1901 3260 vulnerari.

243 3295 360 3352 dioittrr:
376 3293 440 3350 flott'
454 3293 578 3348 nimium
588 3293 685 3363 jtutoa
705 3305 764 3346 csse
781 3289 884 3362 (Eccle.
908 3305 958 3358 εει,
987 3291 1045 3364 tt).
1100 3290 1144 3348 Sic
1156 3293 1267 3348 omniuo
1285 3293 1324 3348 sic
1351 3291 1480 3348 militibus
1493 3291 1550 3348 auis
1580 3291 1703 3348 Christus
1722 3291 1756 3348 ad
1770 3291 1900 3349 inferiora

243 3385 303 3442 Nou
323 3381 396 3457 quod
422 3379 529 3453 justitia
550 3381 624 3436 bona
652 3393 708 3436 uon
731 3380 783 3448 eit;
812 3379 862 3435 sed
881 3379 955 3452 quia,
980 3381 1045 3438 dum
1099 3381 1209 3446 tuenda,
1238 3381 1323 3438 idest
1336 3397 1457 3453 carnem,
1481 3397 1619 3456 magnam,
1647 3388 1678 3438 ει
1708 3381 1747 3438 ita
1777 3382 1898 3448 dixerim,

243 3472 332 3530 adbuc
344 3470 445 3527 infirmi
459 3485 563 3538 sumus,
574 3477 683 3540 oportet
697 3467 757 3540 ipss
770 3469 843 3526 bona
856 3469 944 3539 qratia
971 3477 1043 3526 tem·
1098 3469 1266 3527 strictitatem
1298 3477 1378 3541 atquc
1412 3471 1553 3542 penuriam
1591 3485 1683 3526 rerum
1710 3468 1898 3542 temporalium

242 3561 345 3636 pareri,
360 3574 395 3615 ne
410 3560 481 3616 forte
503 3557 626 3614 elationis
653 3565 702 3613 aut
727 3557 927 3615 indiscretionis
950 3557 1044 3616 vitium
1097 3557 1195 3626 donau
1214 3573 1267 3614 uec
1285 3558 1343 3618 vult
1357 3573 1405 3615 eos
1419 3559 1524 3615 illarum
1537 3557 1709 3616 multitudiue
1723 3559 1897 3632 praegravari,

242 3651 423 3708 incurramus.
439 3644 510 3716 Quid
527 3645 599 3702 enim
614 3656 656 3701 est
669 3645 742 3718 quod
751 3646 922 3704 incessanter
934 3655 1044 3704 orantes
1097 3645 1148 3702 sed
1162 3653 1193 3701 ut
1210 3647 1350 3703 victumet
1364 3648 1491 3704 vestitum
1504 3647 1897 3719 habentesquemadmodum.
1950 3697 1951 3714 ξ

243 3747 272 3796 ει
285 3734 470 3808 supplicantes
479 3749 534 3790 nou
548 3747 691 3806 εεεεεεεεε
705 3731 791 3792 886
807 3733 843 3790 ad
865 3749 938 3803 eam,
961 3751 1043 3808 quam
1096 3732 1133 3788 sit
1147 3734 1304 3804 Apostolus,
1318 3735 1361 3791 fris
1373 3736 1587 3794 εοειεειίεεειεε
1599 3738 1622 3808 (1
1640 3737 1708 3794 iim.
1724 3752 1756 3808 x,
1776 3737 1824 3809 tt)
1843 3753 1852 3803 ς
1875 3737 1898 3790 in

243 3825 441 3894 desideramus,
456 3821 552 3898 gratita
566 3821 759 3880 abundantiam
767 3822 1043 3894 pervenireiPutatis
1096 3820 1282 3891 superioribus
1295 3837 1362 3879 vero
1376 3823 1537 3895 ampliorem
1556 3822 1739 3891 latitudinem,
1760 3831 1793 3879 et
1815 3823 1897 3879 abun-

242 3915 306 3990 quia
315 3929 413 3973 avarus
426 3919 473 3970 aut
486 3913 567 3986 inops
581 3913 668 3970 factus
681 3919 725 3969 εει
736 3913 822 3980 Deus,
832 3913 969 3985 impotens
995 3922 1043 3971 aut
1096 3908 1217 3968 dandam
1232 3909 1328 3986 gratias
1342 3910 1498 3982 spiritualis.
1509 3911 1634 3968 Sicorim
1647 3911 1733 3966 babes
1744 3929 1752 3966 ε
1764 3913 1896 3970 Primum

240 4003 428 4064 inexorabittst
448 4001 527 4060 Absit
554 4003 616 4070 froc,
644 4015 755 4075 prorsus
790 4001 877 4060 absitl
905 4002 958 4060 sed
982 4003 1042 4076 ipse
1096 4007 1216 4078 queror
1224 4021 1343 4080 requam
1353 4008 1436 4065 ficiet
1441 4009 1589 4079 justitiam
1600 4008 1671 4079 eius,
1686 4010 1820 4064 stemniu
1831 4008 1899 4078 adji-

238 4094 365 4169 cognovit
401 4093 560 4167 figmentum
597 4099 731 4157 nostrum,
767 4095 795 4147 et
831 4091 950 4164 scapulis
985 4095 1042 4149 sais
1096 4093 1294 4151 cienturoobis
1310 4095 1416 4166 (Ιειιιι.
1431 4111 1471 4163 vr,
1487 4095 1896 4168 aspbevbtuutiqaedimu

238 4185 383 4242 obumbrat
396 4183 487 4238 nobis.
504 4181 564 4236 flou
578 4187 672 4236 umen
695 4195 711 4236 a
738 4179 870 4250 petitione
896 4189 1042 4252 propterea
1095 4182 1204 4250 vestitu,
1218 4182 1292 4239 uude
1302 4183 1543 4240 dixeratsollicitoa
1556 4199 1618 4240 esse
1633 4199 1686 4240 nott
1697 4182 1814 4244 debere.
1834 4185 1900 4240 liant

238 4269 402 4329 musandum
417 4277 478 4326 est:
493 4266 559 4341 quia
571 4268 623 4323 etsi
637 4282 692 4323 nou
707 4266 755 4322 dat
768 4267 803 4322 ad
817 4267 980 4340 satietatem,
995 4269 1042 4326 dat
1096 4277 1124 4327 et
1138 4270 1352 4343 baeoipsaPater
1365 4279 1460 4328 noster
1471 4271 1591 4329 ooelestis
1612 4270 1816 4346 benignissime
1839 4273 1900 4344 pie-

238 4367 331 4416 tamen
344 4356 379 4412 ad
392 4354 703 4413 sustentationemtetsl
723 4363 800 4412 (avet
815 4355 921 4413 nobiae
936 4356 1042 4416 fervore
1096 4365 1151 4414 tate
1168 4357 1313 4430 ministrat,
1333 4359 1517 4432 obduplicem
1530 4359 1632 4418 scilicet
1645 4375 1774 4418 caumm:
1804 4376 1840 4417 ue
1856 4361 1897 4417 vd

238 4447 332 4519 nimio,
347 4454 439 4502 tamen
453 4445 529 4503 fovet
543 4461 595 4502 uos
609 4457 738 4517 tanquam
770 4453 858 4503 mater
870 4445 961 4503 calore
990 4461 1040 4503 suo
1056 4463 1079 4544 u
1095 4447 1206 4504 omuino
1220 4449 1394 4506 meremus
1408 4449 1554 4516 infensum,
1570 4449 1592 4506 si
1606 4450 1657 4506 ista
1673 4456 1802 4522 negaret,
1823 4449 1902 4506 etsie

236 4536 294 4592 lloc
308 4543 353 4592 eat
367 4534 440 4590 euim
461 4541 590 4606 quartum
606 4531 679 4604 quod
706 4531 825 4590 diximum
846 4533 897 4589 sub
924 4533 1041 4606 scapulis
1092 4535 1316 4608 desperaremus;
1339 4537 1383 4596 vel
1403 4538 1512 4595 illomm
1526 4537 1609 4594 trittria
1623 4537 1790 4608 soldcitudo,
1817 4539 1900 4610 spiri-

236 4623 389 4695 eJuauobis
403 4622 538 4696 praestari,
553 4630 584 4678 ut
597 4629 726 4695 tanquam
742 4621 807 4694 pulli
820 4620 911 4678 caloro
924 4623 1040 4679 materni
1095 4625 1173 4682 tualis
1187 4626 1310 4684 exercitii
1322 4626 1401 4685 fieret
1421 4627 1628 4684 detrimentum.
1661 4626 1726 4686 stne
1754 4627 1798 4684 lris
1827 4629 1902 4684 eninr

234 4713 357 4786 eorporis
387 4712 539 4782 foveamur,
560 4727 595 4768 rre
622 4709 688 4768 ioris
723 4718 853 4787 caganus
880 4711 1037 4782 moriamur,
1092 4715 1784 4790 uequevivsrs,nequeDeosaruireest.Caetarum
1795 4725 1901 4790 quanto

235 4802 430 4875 refrigescente
445 4799 573 4858 niurirum
588 4799 739 4871 cbsritate;
760 4817 820 4874 quae
836 4816 891 4859 nou
905 4801 1037 4858 diffundi·
1092 4803 1220 4872 strictius,
1237 4810 1312 4861 tanto
1321 4805 1429 4864 melltta.

234 4899 277 4948 tur
290 4893 319 4947 iu
332 4891 411 4948 uobis
420 4890 472 4946 nisi
486 4889 677 4962 perspiritum
692 4888 739 4962 qui
753 4891 834 4947 datur
859 4889 950 4948 nobis.
979 4892 1037 4947 Sub
1126 4893 1903 4966 atraquescotou'rerrmooatttcmstmejuneoettme

232 4977 276 5034 bis
289 4977 371 5050 igitur
384 4978 484 5050 pennis
498 4977 558 5049 eJus
572 4991 685 5033 securus
699 4977 833 5049 sperabis,
851 4985 883 5034 ut
907 4977 1037 5036 videlicet
1091 4981 1414 5055 bisotimorettoctomo,
1423 4981 1903 5058 otupittaooluntciodiamrrepotio

231 5066 267 5124 de
282 5065 452 5124 exhibitione
467 5063 643 5137 presentium
652 5077 799 5122 munerum
814 5063 894 5122 firma
921 5065 956 5122 sit
984 5082 1034 5124 ex·
1087 5068 1903 5143 peramiatcststnunedricudincururctdeawsiomeri

235 5157 369 5228 spectatio
384 5151 547 5211 futurorum.
1090 5159 1183 5216 dieas.
1198 5158 1246 5215 llre
1256 5166 1321 5218 sunt
1334 5168 1450 5232 qusumr
1459 5159 1634 5224 mutationes,
1661 5157 1760 5232 quibus
1775 5158 1903 5230 undique

545 5240 664 5298 ssauo
681 5243 716 5300 lt.
1089 5247 1388 5314 circumdationem
1402 5249 1534 5306 babemus
1547 5247 1708 5322 circundari
1721 5245 1805 5308 etiam
1822 5257 1903 5306 scuto

231 5335 357 5394 moeso
366 5334 476 5406 quinto,
489 5332 589 5390 adesto
598 5329 1031 5405 circumdabittaoetitossjaro
1090 5335 1197 5392 Domini
1212 5343 1241 5392 ut
1255 5335 1291 5392 sit
1305 5335 1384 5394 nobis
1394 5352 1411 5393 a
1423 5337 1527 5395 dextris
1539 5344 1598 5394 eta
1621 5335 1748 5403 sinistris,
1777 5342 1847 5394 ante
1876 5343 1904 5394 et

267 5426 293 5478 t.
310 5422 836 5494 tmuostmctemtnoeintrctisin
844 5423 1034 5481 samsonem
1089 5432 1174 5482 retro.
1191 5421 1278 5482 880
1291 5425 1349 5483 lloc
1363 5425 1435 5482 anim
1456 5426 1631 5500 prmmooitos
1656 5439 1706 5486 tos
1733 5439 1796 5485 osse
1826 5425 1902 5493 volo,

229 5511 400 5584 (ttornxrv,
413 5511 473 5582 bt.)
487 5509 522 5565 Et
535 5509 596 5584 quis
609 5511 663 5568 boo
676 5509 786 5583 dixerit,
805 5509 889 5580 scitis,
913 5519 943 5569 et
964 5519 1036 5568 ιεεε·
1089 5512 1227 5570 neminem
1239 5517 1436 5586 superterram
1454 5516 1558 5590 absque
1571 5515 1721 5574 taatau'oue
1747 5515 1902 5586 uicturum,

227 5611 281 5670 pus
293 5595 505 5656 scitiszboutiai
526 5598 600 5654 euim
627 5607 672 5656 est
688 5599 802 5657 uerbum
816 5599 888 5658 istud
914 5599 1034 5658 instante
1089 5601 1174 5659 utcui
1188 5600 1258 5660 forte
1271 5601 1374 5661 tollitur
1394 5604 1494 5678 aliqua,
1530 5603 1645 5662 alteram
1670 5613 1786 5664 seeum
1800 5619 1904 5676 exspe-

228 5687 286 5759 jarn
305 5685 506 5760 pamma.
520 5685 696 5744 murmuro
710 5685 907 5760 quouiamipss
922 5687 1034 5762 qnidam
1089 5699 1161 5752 ctat:
1181 5692 1311 5754 autlorte
1325 5707 1381 5752 nou
1397 5709 1521 5764 scurrus,
1536 5692 1586 5752 sed
1600 5693 1713 5769 pauidus
1741 5691 1854 5767 magis:
1875 5697 1903 5751 st
