4118 6346
162 409 219 464 377
785 405 830 460 DE
849 404 878 462 S.
899 405 1094 465 annumero
1109 407 1226 468 suano
1758 411 1811 470 378

163 529 263 588 aedicti
283 527 391 586 7777777
414 543 464 602 pro
482 543 516 586 eo
529 527 607 587 vohis
626 535 654 586 et
676 529 711 586 de
731 543 765 588 eo
779 527 908 586 solemnia
926 545 960 586 ex
976 549 1000 628 fl
1017 531 1133 602 ungulas
1142 532 1215 605 equi,
1227 541 1257 588 ut
1266 533 1346 590 cadat
1359 547 1489 592 ascensor
1497 537 1558 606 eius
1567 541 1653 596 retro:
1665 543 1811 609 7777777777

162 635 239 676 more
258 635 351 676 sermo
374 617 490 676 debetur
512 619 580 690 (os).
603 619 686 687 Cuius
704 618 889 675 dulcissimum
912 633 960 674 no·
1016 621 1111 678 7777777
1126 621 1214 695 magis
1227 622 1299 695 elige
1312 624 1347 680 ud
1362 625 1564 696 ambulandum,
1584 627 1680 683 vallem
1694 627 1810 703 eligesd

163 723 251 777 men,
265 723 328 765 cum
352 707 426 764 omni
449 707 527 763 vobis
549 707 719 777 juncunditate
743 706 960 780 amplectendum
1014 708 1204 781 plantandum.
1225 712 1321 783 Neque
1340 712 1413 767 enim
1428 711 1512 768 77777
1525 712 1650 770 serendis
1668 716 1810 771 arboribus

163 803 193 853 77
216 796 418 853 honorandum:
445 795 573 868 quoniam
596 795 655 867 ipse
688 795 742 851 dux
770 803 873 860 noster,
901 795 960 867 ipse
1015 806 1143 852 7777777777
1157 799 1276 854 solemus
1290 799 1402 872 eligere,
1415 799 1487 870 quod
1497 799 1656 871 frequenter
1668 803 1743 858 777717
1756 803 1810 858 siut

161 887 296 960 magister
314 894 341 942 et
357 883 456 958 leiiger
473 893 566 942 noster
585 891 637 941 est.
659 885 785 942 Delector
803 885 913 956 quidem
933 893 961 941 et
1016 893 1043 940 77
1060 893 1181 956 7777777.
1196 886 1228 942 77
1242 887 1358 942 vallibus
1376 887 1516 961 pinguedo
1531 895 1589 943 est:
1610 887 1647 942 ibi
1666 888 1810 958 proliciunt

162 990 216 1047 ego
236 975 264 1030 in
283 974 367 1046 ipsius
381 974 523 1040 memoria,
543 972 606 1030 licet
621 989 676 1030 nou
698 989 761 1030 meo
782 974 841 1030 siae
861 973 960 1031 rubore
1015 973 1808 1048 717777,7717177777777,7777777777777777777777777777,

161 1063 236 1120 beati
257 1064 336 1132 hujus
356 1062 440 1134 patris
464 1077 565 1118 nomen
589 1063 881 1121 audeam‘memorare.
911 1064 961 1119 list
1013 1061 1087 1128 justa
1107 1061 1184 1132 illud,
1200 1065 1234 1120 Et
1256 1065 1342 1122 777777
1357 1065 1542 1122 abundabunt
1562 1068 1708 1135 frumento
1724 1066 1809 1131 (Ptol.

161 1151 236 1208 enim
260 1150 325 1206 mibi
349 1152 384 1208 777
407 1150 492 1224 777777
516 1151 667 1208 imitatione
699 1151 838 1209 vobiscum
867 1151 960 1208 seculi
1014 1165 1095 1215 univ,
1109 1151 1163 1222 77).
1178 1153 1263 1209 Audis
1280 1154 1341 1225 quia
1360 1155 1460 1226 ubique
1475 1153 1690 1210 vallislaudetur
1706 1152 1807 1222 ubique

163 1240 372 1305 abrenuntiatio,
383 1248 413 1297 et
422 1242 579 1297 monastices
589 1242 725 1314 professio
733 1240 899 1313 disciplinae;
910 1243 959 1296 sed
1013 1237 1149 1293 humilitas
1158 1240 1331 1310 predicatur.
1341 1243 1380 1298 lbi
1396 1257 1461 1314 ergo
1472 1244 1604 1314 plantare,
1621 1241 1809 1298 ubidecursus

161 1326 400 1399 singularitersine
410 1329 957 1402 vohiscumeoparticiponomensbhatis.
1013 1341 1160 1397 aquarnnm
1176 1329 1240 1401 quia
1254 1330 1291 1384 ihi
1306 1331 1383 1401 copia
1401 1331 1496 1404 gratioe
1511 1331 1671 1403 spiritualis3
1688 1341 1715 1386 et
1729 1346 1809 1402 uquae

161 1415 323 1481 Abbasinit,
335 1423 362 1471 et
373 1427 435 1486 ego.
449 1415 477 1472 0
491 1416 588 1486 abhas,
599 1417 734 1471 etahbas’
747 1418 853 1472 Nomen
863 1433 957 1486 uuum,
1012 1429 1073 1484 quae
1093 1429 1177 1485 super
1190 1416 1274 1472 coelos
1292 1426 1364 1484 sunt,
1389 1418 1500 1476 laudant
1522 1435 1620 1476 nomen
1636 1417 1754 1485 Domini,
1779 1418 1808 1474 id

161 1503 212 1560 sed
231 1504 259 1558 in
275 1504 369 1560 ¹altero
394 1503 451 1560 soln
466 1504 558 1578 magni
577 1505 696 1561 nominis
713 1505 819 1560 umbre.
839 1505 959 1562 lliniste-
1013 1508 1065 1567 est,
1095 1502 1220 1558 coelestus
1256 1506 1461 1564 henedictiones
1488 1508 1591 1564 faciunt
1617 1516 1646 1564 ut
1672 1507 1806 1562 7777777777.

160 1592 232 1647 rium
245 1608 339 1657 unum,
362 1592 411 1648 sed
431 1593 484 1648 heu
502 1593 560 1648 mel
577 1609 657 1665 quam
673 1592 818 1648 dissimiles
830 1592 956 1658 ministri,
1013 1589 1122 1645 Stemus
1147 1592 1173 1645 in
1192 1591 1252 1661 hac,
1278 1595 1438 1662 charissimi,
1463 1603 1491 1652 et
1506 1595 1619 1668 plantati
1641 1603 1754 1662 stemus,
1778 1603 1808 1650 ut

160 1688 297 1752 quantum
324 1680 486 1737 ministratio
509 1681 567 1753 ipsa
586 1680 738 1738 dissimilis!
766 1681 811 1738 Vae
834 1671 908 1748 mini,
934 1682 956 1736 si
1012 1691 1066 1731 non
1086 1693 1252 1734 arescamus.
1281 1682 1342 1736 Non
1362 1697 1519 1739 moveamur
1540 1699 1704 1756 quocunque
1728 1670 1806 1752 11777,

159 1777 217 1822 tarn
235 1768 317 1839 louge
331 1785 346 1824 a
359 1777 386 1824 te
401 1769 488 1834 77777,
509 1784 526 1824 7
540 1769 621 1824 beate
634 1769 792 1838 benedicte,
808 1769 836 1825 in
856 1769 955 1838 futuro,
1011 1764 1080 1820 sicut
1093 1766 1224 1837 scriptum
1239 1775 1294 1823 est:
1312 1770 1342 1826 si
1357 1773 1477 1842 spiritus
1490 1772 1620 1829 habentis
1638 1775 1806 1844 potestatem

159 1871 240 1926 quam
255 1871 272 1910 a
286 1861 338 1912 tae
362 1856 484 1931 vestigiis
498 1856 629 1913 sanctatis
648 1857 729 1929 longe
748 1873 809 1914 esse
834 1857 957 1930 reperior
973 1860 995 1937 Β
1010 1855 1265 1926 srtpcrtea'rrucrit,
1276 1858 1368 1914 iocum
1378 1859 1804 1929 tuumncdescrostliccle.x,l).

159 1941 187 1996 ia
207 1944 345 2016 presenti.
362 1945 418 2002 Sed
434 1961 488 2001 non
509 1946 574 2002 mihi
595 1949 652 2002 77777
670 1946 742 2018 77771
759 1961 808 2002 777
825 1961 956 2018 perorare
1009 1940 1087 1996 Nulla
1105 1941 1176 1997 enirn
1190 1944 1304 2000 tentatio
1327 1945 1404 2002 vobis
1418 1946 1584 2016 praevalebit,
1599 1947 1623 2001 si
1637 1961 1693 2002 non
1706 1946 1734 2001 ia
1750 1963 1805 2001 mu-

159 2046 274 2089 necesse
289 2038 340 2090 est,
362 2033 423 2090 scio
438 2035 512 2106 qnod
529 2034 679 2090 scientibus
703 2051 747 2090 ins
764 2034 955 2107 loquat-:tnn-
1010 2030 1071 2102 gnis
1084 2036 1112 2084 77
1125 2029 1153 2085 17
1168 2031 1338 2089 mirabilibus
1352 2049 1436 2105 super
1447 2051 1496 2091 vos
1510 2033 1663 2101 ambuletis,
1678 2032 1727 2090 sed
1741 2049 1804 2104 per·

159 2125 217 2175 tum
244 2129 319 2192 peto,
354 2130 384 2176 ut
411 2123 545 2194 pudorem
570 2125 652 2189 bunc,
678 2132 704 2179 et
731 2123 804 2180 hanc
832 2123 956 2180 timorem
1009 2118 1142 2174 maneatis
1161 2119 1298 2176 radicibus
1314 2122 1399 2178 tirmis
1418 2121 1445 2178 in
1468 2123 1618 2180 humilitate
1636 2122 1747 2180 radicati
1761 2129 1805 2178 at-

158 2223 251 2264 mnntn
262 2207 382 2268 fsntsnnn
396 2212 584 2283 nnnnpnssinnn
599 2210 704 2268 inistis,
1009 2221 1062 2276 que
1083 2205 1197 2261 fundati.
1214 2209 1258 2264 Sic
1272 2209 1410 2281 plantatos
1431 2227 1509 2267 secus
1523 2212 1654 2268 decursus
1674 2225 1804 2282 aquarum

195 2302 223 2354 3.
235 2297 349 2368 Quando
360 2309 454 2356 tannen
467 2301 578 2356 omnino
592 2301 759 2372 dispensatio
773 2301 838 2356 inibi
852 2301 956 2357 nnnditn
1008 2301 1120 2349 sanctus
1140 2295 1191 2350 iste
1207 2297 1349 2354 confessor
1362 2299 1481 2370 Domini,
1505 2301 1622 2356 fructum
1637 2316 1715 2356 suum
1728 2298 1804 2356 dedit

158 2393 211 2454 est,
228 2395 255 2441 ct
271 2388 294 2442 si
309 2403 363 2444 non
378 2390 467 2444 babeo
485 2389 560 2460 apud
572 2405 615 2444 me
631 2390 703 2461 quod
717 2389 795 2445 robis
808 2405 953 2461 apponam,
1007 2380 1036 2436 77
1053 2389 1175 2452 tempore
1190 2399 1249 2440 770.
1293 2428 1297 2446 ,

157 2491 278 2546 quaeram
303 2492 319 2531 e
344 2478 423 2534 bento
443 2477 591 2533 Benedicta
607 2487 663 2533 tres
676 2493 772 2550 panes,
793 2478 892 2550 quibus
904 2492 954 2535 vos
1044 2473 1070 2526 5.
1084 2469 1153 2525 Sunt
1163 2472 1235 2528 euim
1249 2474 1294 2545 qui
1306 2474 1421 2530 fructum
1433 2490 1487 2532 noa
1497 2473 1611 2532 iaciunt:
1626 2482 1689 2531 sunt
1703 2473 1751 2547 qui
1764 2473 1804 2529 77-

156 2577 276 2632 pascam.
302 2565 417 2621 Relicict
435 2581 485 2621 vos
508 2565 640 2622 sanctitas
664 2567 736 2636 ejus,
759 2566 863 2634 justitio
882 2567 951 2636 ejus,
1006 2557 1090 2629 citant,
1106 2558 1156 2614 sed
1176 2575 1231 2616 non
1254 2577 1352 2618 suum:
1369 2570 1433 2618 sunt
1451 2565 1496 2636 qui
1521 2563 1622 2620 faciunt
1641 2579 1730 2630 suum,
1753 2561 1819 2618 scd.

156 2649 244 2720 pietas
258 2653 329 2721 ejus.
346 2653 478 2718 llecolite,
501 2653 681 2720 dilectissimi,
695 2652 769 2725 quod
788 2669 843 2724 nop
858 2669 953 2710 omnes
1006 2661 1062 2703 nou
1075 2646 1103 2702 777
1119 2655 1242 2719 leffll'ore
1261 2665 1320 2706 ⁸⁰⁰·
1348 2652 1427 2719 517777»
1443 2652 1565 2723 inquam,
1581 2652 1694 2708 arbores
1716 2651 1803 2708 7777777·

156 2737 201 2809 qui
213 2739 250 2793 'in
265 2742 442 2811 processione
453 2741 561 2798 Domini
575 2742 695 2812 fuerunt,
716 2757 765 2797 gua
775 2743 823 2798 jffli
838 2749 954 2814 prosim.
1005 2743 1116 2801 cluosae,
1142 2743 1171 2792 177
1194 2752 1312 2808 quercus
1326 2746 1354 2794 el
1368 2738 1467 2812 nimuh,
1485 2749 1512 2796 87
1525 2740 1665 2796 silvestres
1679 2739 1738 2795 dliae
1753 2754 1801 2794 ΕΓ-

155 2827 246 2882 verint
269 2829 443 2887 vestimenta,
478 2831 508 2884 tn
535 2829 591 2897 itta,
619 2829 739 2902 inquam,
764 2829 950 2902 processione,
1005 2821 1102 2890 hores;
1118 2825 1166 2880 sed
1191 2826 1345 2896 hujusmodi
1366 2842 1448 2886 nemo
1463 2831 1568 2900 plantat
1586 2829 1614 2883 in
1638 2829 1716 2883 horto
1739 2841 1800 2893 suo,

154 2915 388 2985 quam‘nnnmmc
403 2917 518 2972 homino
537 2917 564 2972 in
579 2917 810 2988 proximonum
828 2918 952 2974 celebra-
1004 2910 1137 2982 quanm
1155 2911 1257 2969 ecum
1280 2915 1416 2973 fructum:
1433 2923 1461 2972 et
1475 2916 1499 2972 ei
1523 2932 1605 2988 quem
1620 2915 1728 2984 tabunt,
1746 2931 1802 2972 777

155 3001 220 3069 turi,
240 3005 350 3074 quando
364 3004 483 3060 vehiculi
496 3004 612 3060 Domino
630 3006 665 3060 nd
683 3006 847 3076 passionem,
868 3014 897 3061 et
910 3022 952 3062 se-
1005 2999 1122 3055 humano
1136 3001 1194 3056 esui
1208 3007 1288 3073 777777
1301 3009 1353 3074 771,
1375 3005 1423 3060 sed
1439 3004 1562 3076 porcino.
1578 3005 1659 3060 Tales
1669 3011 1734 3062 777777
1752 3001 1801 3058 filii

155 3090 231 3145 denti
244 3107 328 3162 super
341 3091 454 3149 asellum
468 3093 560 3164 populi
573 3099 762 3160 occurrerunt,
780 3109 835 3149 noa
855 3109 952 3150 omnes
1005 3087 1087 3157 hujus
1096 3089 1200 3154 seculi,
1213 3099 1329 3163 agentes
1338 3091 1366 3146 in
1374 3093 1644 3150 commessationibus
1654 3092 1802 3148 etebrieta·

153 3178 317 3234 vestimenta
335 3197 383 3236 777
403 3183 616 3252 prosternebant
629 3182 657 3236 ia
671 3181 724 3252 via,
740 3181 791 3238 7771
804 3157 988 3238 oaedebentc
1006 3175 1086 3244 tibus,
1112 3177 1141 3233 in
1165 3179 1276 3249 crapula
1295 3187 1324 3235 et
1337 3181 1495 3249 voracitate,
1516 3182 1543 3236 iu
1562 3182 1695 3238 cubilibus
1710 3189 1737 3236 et
1750 3180 1802 3236 im·

152 3265 241 3340 aliqui
252 3283 340 3324 77777
362 3271 397 3326 dc
417 3270 561 3326 arboribus
583 3272 699 3342 (7777777.-
712 3285 775 3337 nrt,
795 3273 859 3339 7-9).
889 3272 950 3326 Non
1004 3264 1151 3336 pudicitiis.
1173 3267 1236 3322 77777
1250 3283 1369 3339 namque
1389 3284 1533 3341 porcorum
1548 3270 1625 3326 cibus
1639 3279 1711 3336 suat,
1729 3285 1798 3342 quos

152 3361 215 3409 7777
233 3355 285 3411 hoc
306 3372 446 3428 magnam,
466 3359 539 3430 quod
564 3359 649 3432 gratis
671 3365 843 3430 7777777777,
860 3358 950 3431 gratis
1003 3351 1114 3408 Judaeus
1138 3369 1219 3410 verus
1238 3357 1398 3426 prohibetur
1411 3357 1556 3414 comedere
1571 3361 1666 3428 (licut.
1681 3373 1743 3424 xrv,
1761 3360 1799 3428 8),

151 3439 476 3502 dubanu'l'erumtantsn
492 3463 527 3502 ns
547 3447 599 3518 ipsi
619 3447 729 3518 quidem
751 3447 860 3519 penitus
868 3447 950 3504 otiosi
1004 3440 1171 3498 Christianus
1196 3443 1309 3514 scilicet,
1335 3446 1382 3518 qui
1405 3445 1448 3502 his
1470 3462 1524 3502 noa
1546 3447 1629 3502 dehet
1650 3447 1802 3502 adherere.

152 3530 273 3598 77777777,
302 3535 350 3588 7771
374 3549 426 3589 777
448 3550 466 3589 a
487 3534 663 3605 processione
686 3535 815 3610 leguntur
838 3536 949 3591 exclusi.
1004 3529 1079 3585 Sicut
1105 3532 1178 3586 enirn
1202 3547 1266 3588 caro
1291 3533 1404 3605 porcina
1431 3551 1493 3591 cum
1515 3534 1677 3599 comeditur,
1700 3542 1802 3590 nostrae

151 3619 263 3675 Fratres
277 3620 342 3691 mei,
362 3620 436 3692 pium
451 3622 549 3677 Christi
567 3623 733 3690 jumentum,
748 3621 795 3692 qui
814 3637 875 3677 cum
890 3624 951 3678 Pro-
1004 3618 1126 3675 odhaeret
1136 3621 1223 3684 77777,
1237 3630 1266 3678 ut
1274 3624 1331 3692 jam
1345 3623 1380 3678 sit
1394 3639 1447 3678 una
1463 3639 1544 3692 carot
1562 3623 1602 3680 sic
1616 3631 1802 3696 transgressor

149 3706 234 3778 717777
244 3705 338 3763 dicere
348 3709 471 3778 potestis.
486 3711 518 3766 777
524 3710 691 3781 tunicatum
699 3712 865 3780 [7777777777
875 3712 951 3783 apud
1003 3707 1135 3776 precepti
1153 3709 1284 3765 Dominici
1308 3727 1422 3782 spurcos
1448 3713 1500 3767 sibi
1519 3713 1603 3768 sociat
1627 3712 1748 3784 spiritus,
1771 3720 1800 3768 et

152 3799 189 3860 77,
202 3798 288 3868 stepo
298 3798 605 3870 scmpcrtccomffact.
616 3800 775 3869 nxnrr,23);
790 3813 838 3854 vos
853 3799 965 3870 quihus.
1004 3793 1168 3851 sdhaerendo
1188 3798 1227 3852 eis
1240 3813 1310 3852 unus
1328 3814 1390 3854 cum
1405 3800 1446 3856 eis
1464 3800 1580 3856 7777777777
1594 3800 1712 3856 daemon.
1730 3801 1799 3856 Nam

151 3881 252 3938 insidet
267 3883 400 3945 Christus.
416 3884 555 3956 quonium,
576 3890 675 3944 ocimo
684 3888 760 3959 Justi
773 3888 951 3944 7777777777-
1004 3893 1031 3938 et
1060 3882 1161 3939 idcireo
1188 3885 1214 3939 in
1245 3885 1386 3942 sacrificiis
1412 3888 1575 3958 prohibetur
1598 3890 1698 3946 animal
1733 3889 1798 3946 illud

150 3972 285 4043 pientioe5
300 3979 329 4027 et
347 3973 494 4043 Apostolus
508 3972 636 4043 predicat
644 3972 730 4033 9778
742 3975 886 4033 Christum
901 3977 950 4032 Dei
1003 3969 1107 4036 olierri,
1119 3973 1192 4043 quod
1203 3975 1797 4049 spurcosspiritusimmundosquedesignet:

148 4061 298 4124 virtutem,
318 4063 346 4118 77
359 4061 410 4118 Dei
422 4062 597 4134 sapientiam
616 4065 642 4132 (l
660 4065 721 4122 Cor.
740 4078 761 4131 7,
776 4065 841 4132 bit:
857 4063 880 4118 si
895 4078 949 4118 aon
1002 4058 1049 4128 qui
1063 4057 1156 4114 relicta
1170 4060 1244 4115 otuni
1255 4063 1403 4131 mumditia,
1420 4064 1485 4120 solis
1498 4065 1549 4118 sihi
1562 4065 1647 4120 sociat
1661 4064 1800 4136 spurcitiis

149 4147 240 4204 habeo
254 4155 344 4204 restes
358 4165 426 4221 quas
444 4150 563 4221 pedihus
578 4151 676 4206 vestris
690 4158 872 4222 prosternam,
889 4157 949 4206 ten·
1001 4146 1211 4216 complacentes,
1237 4150 1363 4206 vitiorum
1387 4161 1414 4207 ct
1431 4153 1573 4209 criminum
1596 4167 1705 4225 semper
1719 4167 1801 4208 oceno

150 4236 216 4292 tabo
231 4235 274 4291 nel
289 4251 379 4293 minos
403 4237 510 4294 naednnn
526 4239 560 4293 ds
574 4238 727 4304 arboribus,
743 4247 773 4294 nt
789 4247 870 4294 tnntae
884 4254 948 4309 pnn-
1001 4229 1171 4291 delectantur
1184 4236 1293 4294 involvi.
1313 4238 1391 4295 Unde
1410 4248 1437 4296 et
1451 4241 1479 4296 in
1492 4241 1650 4316 Evangelio,
1667 4241 1739 4314 legio
1753 4241 1799 4298 illa

150 4323 270 4380 cessioni
283 4324 326 4381 vel
339 4340 435 4396 parum
449 4325 549 4399 aliquid
569 4341 622 4382 non
641 4327 713 4384 desit
725 4327 867 4383 ministerii
880 4327 944 4382 mei.
1000 4323 1155 4390 maledicta,
1182 4327 1248 4382 dum
1275 4326 1422 4397 ejiceretur
1448 4331 1484 4385 ah
1519 4331 1638 4399 homine,
1667 4340 1797 4402 7777777777

190 4413 218 4465 7.
241 4412 329 4468 Arbor
350 4413 402 4470 init
424 4414 521 4471 heatus
540 4415 712 4485 Benedictus,
735 4416 847 4488 grandis
864 4423 946 4488 utque
961 4453 984 4532 ss
1001 4415 1087 4471 simile
1115 4415 1167 4471 sihi
1189 4415 1291 4472 animal
1313 4433 1411 4489 porcos
1434 4420 1563 4489 postulat,
1589 4436 1640 4478 nec
1662 4426 1797 4491 negantur

149 4499 300 4569 fructifera,
316 4509 443 4573 tanquam
455 4503 557 4576 bgaum
567 4503 641 4576 quod
653 4503 802 4576 plantutum
811 4512 854 4562 est
867 4521 947 4562 secus
1001 4504 1096 4573 (17777.
1106 4520 1134 4573 7,
1148 4507 1239 4575 7-73).
1257 4505 1303 4559 7777
1318 4505 1434 4562 lructum
1458 4508 1548 4563 lerunt
1567 4509 1680 4566 arbores
1703 4506 1792 4562 infru·
1808 4549 1813 4556 .

149 4590 285 4646 decursus
303 4606 434 4662 aquarum
455 4595 542 4662 (Pscl.
565 4609 587 4659 7,
602 4594 642 4665 3).
659 4593 709 4649 Ubi
729 4599 793 4650 sunt
817 4594 947 4651 decursus
1000 4600 1110 4658 ctuosae,
1127 4593 1161 4648 ud
1189 4609 1303 4665 quarum
1323 4595 1428 4651 radices
1443 4596 1547 4651 securis
1570 4596 1659 4668 posita
1677 4596 1733 4665 t'anr
1752 4595 1795 4652 vi·

149 4679 304 4749 equarum?
319 4681 445 4738 Proiecto
459 4681 488 4738 in
501 4681 630 4749 vallibust
648 4683 717 4755 quiu-
732 4682 804 4738 inter
828 4684 945 4740 medium
999 4678 1089 4736 detur.

149 4766 283 4824 montium
297 4770 504 4841 pertransibunt
518 4786 607 4844 aquae.
622 4770 688 4840 Quis
698 4771 771 4828 enim
786 4787 841 4827 non
854 4771 946 4828 videat
1034 4771 1061 4823 b.
1084 4769 1202 4824 Arbores
1216 4775 1307 4824 autem
1321 4786 1383 4842 quae
1406 4769 1524 4827 fructum
1542 4771 1655 4837 iaciunt,
1672 4773 1722 4829 sed
1738 4787 1794 4830 non

147 4857 230 4912 etiam
245 4864 381 4915 torrentes
388 4859 519 4916 montium
533 4861 618 4916 777777
625 4860 772 4924 declinare,
784 4867 813 4915 et
826 4861 943 4916 mediam
997 4871 1075 4912 suurn
1098 4857 1246 4928 hypocrite
1264 4866 1338 4928 sunt,
1359 4875 1421 4914 cum
1444 4859 1554 4916 Simone
1576 4861 1710 4929 cyrenaeo
1729 4877 1795 4918 cru·

146 4945 182 5000 771
205 4945 387 5003 humilitatem
412 4962 523 5021 semper
544 4949 689 5007 devertere
712 4949 809 5005 vallis?
823 4948 867 5007 Sic
881 4966 944 5019 pro·
998 4960 1057 5001 cem
1070 4951 1213 5017 portcutes
1237 4961 1292 5003 non
1317 4963 1410 5003 suem:
1427 4948 1473 5020 quii
1493 4948 1619 5023 religiosa
1639 4949 1791 5006 intentione

144 5031 229 5096 77777,
252 5033 293 5090 777
318 5036 391 5092 Deus
414 5037 538 5108 superbis
558 5037 668 5103 resistit,
689 5037 834 5093 humilibus
852 5046 942 5094 autern
996 5042 1131 5100 carentes,
1150 5035 1342 5107 angariantur3
1368 5046 1395 5092 et
1413 5054 1473 5111 quae
1497 5053 1551 5094 aon
1578 5045 1679 5104 7777777,
1695 5053 1789 5094 amore

145 5121 315 5193 deigratiam
326 5124 442 5196 (7777177,
460 5141 498 5190 77,
515 5127 554 5194 6),
570 5126 689 5182 Securus
703 5126 745 5182 bic
761 5125 816 5198 lige
830 5128 940 5197 pedem,
996 5125 1088 5196 gloriae
1107 5139 1188 5198 quam
1207 5125 1373 5198 desiderant,
1390 5125 1480 5182 lacere
1499 5127 1708 5198 compellantem
1729 5129 1789 5206 tam

142 5210 298 5283 quicunque
313 5229 343 5269 es
359 5215 511 5284 jumentum
523 5214 631 5277 Christi.
647 5215 736 5280 Super
751 5218 821 5271 bunc
836 5231 940 5270 ramum
995 5214 1023 5269 ia
1044 5230 1078 5270 eo
1096 5216 1168 5285 quod
1186 5213 1286 5270 77177777
1299 5217 1332 5271 tn
1348 5221 1471 5287 tempore
1484 5233 1534 5274 suo
1547 5217 1633 5286 (Psoi.
1649 5233 1669 5282 r,
1685 5217 1726 5284 3),
1746 5231 1791 5270 77-

139 5297 270 5364 innitere,
293 5303 418 5358 semitam
431 5303 507 5358 vallis
525 5302 634 5358 incede.
649 5303 783 5360 Nimirum
804 5304 833 5359 ia
847 5313 940 5361 monte
994 5304 1234 5377 gnuaturquidam
1264 5311 1326 5361 anta
1342 5312 1448 5374 tempus
1476 5303 1638 5360 fructificare
1652 5307 1787 5360 volentes.

141 5388 196 5444 sibi
229 5379 324 5446 sedem
346 5391 487 5448 coustituit
509 5406 625 5464 serpens
654 5391 789 5465 antiquus,
810 5394 940 5450 mordens
993 5395 1090 5450 Nonne
1103 5393 1176 5450 enin
1191 5401 1220 5448 et
1232 5394 1375 5449 arboribus
1389 5394 1499 5456 7777777,
1516 5392 1596 5448 citius
1609 5407 1690 5464 quum
1703 5407 1791 5466 opor-.

172 5567 234 5638 (77)
256 5568 287 5623 77
310 5569 404 5626 codice
428 5569 708 5640 blajcris-blonasterii
723 5570 806 5626 7777177
829 5579 871 5627 ¹est
892 5569 1163 5644 inconsequentibus
1189 5570 1335 5628 verborum
1353 5570 1480 5642 varietes,
1505 5569 1651 5628 sedidem
1675 5585 1782 5636 7777777,

135 5644 164 5693 et
180 5638 245 5694 trita
258 5639 340 5697 177777
357 5641 537 5712 preferenda.
713 5667 715 5672 ’
1122 5687 1124 5692 -
