4118 6346
170 406 223 461 353
662 387 729 442 PRO
744 381 915 442 bonuttca
930 383 941 436 1
954 375 1154 436 Novuuams
1168 377 1286 434 SEllth
1302 380 1335 434 V.
1773 379 1826 434 att

171 524 269 597 quibus
287 519 347 576 ait:
367 519 439 588 Quos
453 518 530 574 enirn
543 515 688 589 praescivit
703 517 731 571 et
746 507 970 583 pradestinavit,
990 518 1013 595 g
1030 508 1095 571 tem,
1110 500 1184 558 velut
1199 499 1295 557 similis
1310 503 1434 574 quaedam
1444 505 1481 574 ei,
1495 521 1557 577 quae
1575 503 1646 560 inter
1665 517 1824 560 consessum

169 613 327 684 conformes
337 609 401 680 fieri
410 605 544 678 irncpinis
558 603 625 659 Filii
634 603 679 660 sai
689 621 697 657 :
709 605 735 656 et
750 616 816 672 quos
825 596 973 670 predesti—
1029 599 1057 646 et
1071 589 1226 646 accubitum
1242 597 1294 658 ast,
1309 591 1424 663 cogitari
1440 607 1521 664 posse
1535 592 1673 650 distinctio
1688 591 1823 652 rideatur.

170 702 261 767 sancit,
275 696 558 768 ltosctcocucit‚·quos
569 696 665 748 nutem
675 689 781 748 vocavit
792 686 840 744 bos
850 685 971 756 elisisti·
1063 681 1089 734 2.
1106 678 1231 751 Denique
1245 693 1341 750 parum
1357 677 1463 734 ridetur
1483 695 1592 750 sponsae
1614 682 1708 739 videm
1723 681 1824 739 sedan.

170 790 282 860 firooit;
300 804 366 860 quos
377 789 474 842 nutem
482 780 664 854 justificavit,
677 778 725 834 bos
736 781 764 834 et
779 771 973 846 magnificavit
1027 772 1097 834 tem;
1121 766 1268 822 cubantem
1287 765 1338 822 sibi
1364 765 1467 838 flagitat
1496 767 1719 828 indicarifrsdica
1741 772 1824 841 milti,

169 883 261 950 litoris.
288 892 347 944 vixx,
372 875 417 941 29,
442 870 498 940 30).
525 870 618 940 ltaque
642 863 749 920 initium
772 878 865 917 meum
888 858 973 914 soliu's
1027 856 1075 925 ait,
1093 871 1175 929 quem
1190 857 1284 927 diiipit
1300 855 1399 912 anima
1413 871 1488 921 merc,
1503 855 1551 914 abi
1565 857 1646 914 cubes
1662 863 1692 915 in
1708 861 1826 917 mandre

170 967 269 1040 gratiae
283 971 333 1034 est,
350 969 377 1018 et
397 975 451 1015 uon
466 957 554 1012 babeo
575 954 640 1028 quid
657 952 724 1008 mihi
743 951 769 1006 in
789 947 970 1023 praedestina·
1039 947 1121 1002 Cant.
1138 961 1159 1016 1,
1176 945 1214 1016 6).
1231 945 1286 1001 Sed
1300 952 1328 1002 et
1345 943 1443 998 animm
1457 943 1541 1013 omni,
1558 961 1619 1018 quea
1635 961 1730 1001 sanum
1745 948 1824 1021 sapit,

172 1057 246 1112 ticine
269 1051 424 1116 attribuam,
449 1046 506 1103 sive
529 1043 682 1103 vocatione.
703 1043 764 1100 Nun
789 1039 829 1096 sic
849 1051 914 1094 sane
938 1036 973 1091 ab
1027 1033 1134 1090 dulcius
1152 1033 1221 1106 sapit
1239 1049 1290 1105 per
1312 1048 1423 1089 omnem
1446 1032 1558 1088 modum
1582 1033 1655 1106 quod
1679 1035 1826 1106 Apostolus

172 1161 257 1218 opere
271 1136 472 1213 justificationis
491 1133 597 1190 alienus
617 1147 700 1189 sum:
717 1135 847 1202 operatur
862 1133 889 1182 et
907 1123 973 1179 illud
1028 1121 1087 1177 ait:
1107 1123 1161 1192 Qui
1173 1125 1297 1180 necaret
1312 1123 1377 1192 lieo,
1393 1124 1599 1194 urtusspiritcs
1609 1127 1651 1178 cst
1666 1121 1688 1194 (l
1706 1123 1766 1180 Cor.
1783 1139 1824 1193 vs,

171 1231 269 1305 gratia,
292 1227 339 1284 scd
365 1225 446 1299 plane
461 1238 580 1280 mecum.
605 1219 723 1278 Videsne
744 1213 973 1292 quemadmodum
1029 1211 1089 1284 li);
1105 1228 1186 1284 quam
1201 1212 1274 1285 quod
1288 1211 1417 1284 apostolis
1425 1210 1524 1266 dicitur
1540 1226 1546 1265 z
1564 1212 1633 1268 Cam
1642 1211 1747 1270 serinii
1768 1214 1827 1269 flea

172 1317 309 1392 seraphim
343 1315 372 1370 in
399 1312 490 1370 medio
515 1316 645 1383 appareat
674 1303 864 1380 aliquatenus?
889 1304 973 1359 Porro
1028 1301 1059 1356 ist
1073 1301 1135 1358 sede
1149 1303 1309 1374 nst'estctis
1323 1317 1392 1366 auce,
1409 1300 1539 1357 sedebilis
1559 1303 1586 1358 ci
1602 1318 1647 1356 rot
1662 1299 1826 1372 judicantes

171 1403 369 1464 consummatio
387 1400 497 1475 quidem
512 1407 540 1456 et
559 1399 616 1472 ipsa
632 1397 715 1454 solius
732 1395 884 1468 gratieest
900 1411 907 1448 ε
923 1405 974 1449 nec
1028 1389 1140 1462 (linitis.
1169 1404 1230 1458 xxx,
1265 1387 1403 1462 aetham
1435 1387 1526 1444 minus
1558 1387 1652 1460 utique
1679 1386 1825 1459 jucundior

172 1505 214 1552 ost
227 1493 294 1551 mihi
312 1493 340 1547 in
355 1491 407 1546 hac
425 1494 514 1560 parte,
533 1486 577 1546 vel
592 1501 655 1543 cum
675 1501 717 1555 ea,
743 1483 800 1538 sire
820 1482 894 1537 inea
913 1479 974 1552 glo·
1028 1477 1151 1535 sessione
1166 1478 1284 1536 cubatio.
1302 1482 1355 1552 Epo
1370 1480 1403 1535 in
1422 1481 1516 1544 Patre,
1532 1477 1569 1532 ait
1588 1477 1680 1548 Filius,
1697 1483 1725 1534 et
1741 1480 1826 1536 Pater

174 1581 248 1653 riari,
264 1579 341 1656 quasi
356 1576 500 1648 coadjutor
514 1575 618 1644 videar,
645 1579 691 1628 aut
709 1578 880 1642 cooperator.
897 1567 974 1624 Volat
1028 1570 1060 1624 in
1074 1585 1119 1626 mo
1134 1573 1176 1624 cat
1190 1570 1283 1634 (foen.
1299 1585 1327 1636 x,
1343 1569 1399 1640 38).
1416 1569 1475 1624 Nou
1488 1567 1575 1638 potuit
1589 1565 1748 1640 expressius
1764 1567 1829 1623 sub-

174 1674 265 1745 itaque
285 1667 425 1740 seraphim
444 1669 526 1738 caput
544 1679 624 1719 suum
648 1659 754 1716 duabus
775 1658 884 1731 pennis,
905 1655 974 1711 siet
1029 1655 1136 1710 stantiae
1158 1653 1248 1711 unitas
1267 1655 1463 1710 commendari.
1490 1654 1540 1710 Ubi
1564 1654 1637 1710 enim
1665 1663 1781 1728 uterque
1801 1655 1828 1710 in

174 1759 308 1816 voraciter
332 1755 502 1829 cognoverit,
527 1760 555 1809 et
584 1750 722 1807 humiliter
759 1749 885 1816 fateatur,
911 1744 974 1819 quia
1029 1746 1125 1813 attero,
1145 1742 1212 1798 nihil
1230 1743 1308 1816 quasi
1323 1741 1444 1798 exterius
1465 1741 1538 1812 lieet,
1564 1743 1628 1798 nibil
1649 1743 1765 1799 interius
1779 1757 1828 1798 co-

173 1846 363 1907 misericordia
383 1861 447 1901 eum
466 1843 523 1900 sola
542 1839 716 1913 praevenerit.
745 1836 824 1894 Volat
841 1843 870 1890 et
887 1834 974 1908 pedes
991 1820 1012 1897 Β
1028 1831 1123 1906 gitari3
1145 1830 1374 1904 simplicissimam
1400 1829 1488 1904 magis
1508 1831 1584 1886 credi
1604 1847 1720 1889 neeesse
1739 1837 1782 1888 est
1802 1831 1830 1886 in

174 1937 224 1994 alis
245 1953 323 2010 aeque
347 1935 464 2003 duabus,
489 1931 512 1986 si
540 1927 737 1986 misericordias
770 1939 890 2000 quoquo,
913 1939 975 1996 qum
1027 1921 1162 1977 ambobus
1176 1918 1335 1977 substantiae
1349 1918 1491 1973 unitatem.
1513 1917 1706 1975 Verumtamen
1723 1917 1830 1992 aliqua.

175 2028 356 2084 subsecutam
369 2031 421 2093 est,
438 2037 490 2079 nec
514 2019 628 2094 ignarus
642 2015 785 2085 exstiterit,
811 2029 863 2070 nac
878 2007 974 2086 ingra—
1029 2017 1109 2067 tenus
1127 2008 1191 2065 huic
1209 2007 1296 2064 simile
1316 2013 1358 2062 est
1378 2005 1451 2078 quod
1471 2005 1592 2062 dicitur:
1611 2009 1664 2075 Qut
1682 2010 1780 2064 manea
1799 2007 1831 2062 ln

176 2125 229 2172 tus.
245 2115 334 2186 Quam
344 2129 410 2170 sane
425 2110 522 2184 capitis
534 2116 563 2166 et
575 2107 677 2182 padusa
688 2104 852 2163 relationem
862 2109 889 2158 et
902 2115 976 2158 nunc
1029 2098 1179 2164 charitate,
1194 2099 1226 2153 in
1240 2099 1293 2153 Deo
1308 2099 1416 2167 monet,
1433 2098 1461 2150 et
1477 2096 1550 2151 beas
1563 2096 1594 2150 irs
1609 2111 1639 2152 eo
1654 2097 1682 2165 (l
1692 2096 1772 2152 ioan.
1789 2109 1828 2165 xv,

175 2220 286 2278 quoque
311 2201 453 2276 negligere
478 2215 533 2256 non
558 2203 675 2270 oportet,
700 2195 766 2251 licet
779 2201 845 2250 tunc
857 2190 976 2248 maxime
1030 2185 1075 2258 te)
1092 2203 1098 2241 :
1116 2185 1168 2241 nisi
1183 2183 1255 2258 quod
1270 2184 1314 2241 bic
1331 2183 1441 2256 quidem
1457 2182 1605 2255 spiritualis
1615 2181 1740 2256 quaedam
1755 2181 1830 2252 unio,

174 2290 342 2364 perficienda
357 2289 401 2359 sit,
418 2287 526 2362 quando
541 2285 626 2357 ludex
648 2282 755 2340 sedebit
770 2296 853 2353 super
867 2277 975 2344 solium,
1030 2271 1180 2328 secundum
1195 2270 1365 2343 quodsupra
1384 2269 1617 2326 memoravimus:
1637 2272 1689 2340 Qut
1709 2271 1833 2328 adhaeret

175 2389 203 2436 et
218 2387 338 2436 astantes
352 2377 404 2434 sibi
419 2376 557 2448 seraphim
573 2381 600 2430 et
615 2372 756 2447 agnitione
770 2367 894 2426 veritatis
909 2365 975 2422 sub·
1031 2364 1096 2428 Dea·
1111 2375 1166 2415 non
1180 2358 1291 2432 quidem
1306 2375 1402 2428 uuum,
1418 2357 1445 2413 id
1460 2365 1502 2414 est
1522 2374 1577 2416 nou
1598 2375 1652 2415 una
1667 2357 1830 2428 substantia,

177 2468 251 2524 tilius
265 2465 419 2532 illustrabit,
435 2472 463 2520 et
477 2461 657 2519 inflammabit
680 2457 870 2519 vehementius
884 2452 976 2512 chari·
1031 2449 1078 2508 sed
1091 2464 1167 2506 crtus
1181 2448 1299 2520 spiritns
1314 2451 1370 2513 est;
1386 2445 1440 2502 illic
1458 2461 1524 2502 vero
1547 2446 1679 2502 naturalis
1697 2445 1788 2519 potius
1804 2453 1833 2502 et

176 2556 240 2614 tatis
255 2555 363 2612 ardore.
376 2557 407 2610 ln
421 2567 540 2626 quorum
550 2566 665 2607 numero
679 2549 808 2622 indignos
817 2561 868 2602 nos
883 2557 978 2600 servos
1032 2533 1218 2592 substantialis
1237 2534 1325 2590 unitas
1351 2533 1523 2608 designatur.
1551 2533 1629 2591 Unde
1649 2541 1676 2592 et
1697 2535 1784 2592 habes
1803 2534 1831 2590 in

176 2643 295 2701 nominis
310 2643 353 2698 sui
365 2643 434 2714 ipsa,
446 2641 480 2696 de
492 2655 547 2712 qua
556 2639 641 2696 locuti
653 2653 757 2705 sumus,
768 2632 859 2692 950
873 2632 977 2690 consti·
1031 2622 1198 2697 Evangelio:
1211 2626 1265 2696 Epo
1275 2628 1304 2682 et
1317 2625 1403 2680 Pater
1413 2640 1505 2680 anam
1515 2640 1613 2682 samus
1628 2623 1721 2697 (ioan.
1732 2639 1763 2694 x,
1774 2625 1831 2696 30).

177 2743 255 2790 tuere
270 2732 401 2806 dignetur
422 2727 620 2796 misericordia,
637 2742 698 2799 quaa
718 2726 754 2780 ab
777 2731 880 2780 esterno
895 2729 937 2778 est
951 2727 978 2776 et
1032 2710 1101 2768 illud
1119 2711 1235 2784 proinde
1260 2713 1336 2782 juxta
1357 2710 1499 2783 prefatam
1524 2711 1739 2772 similitudinem,
1765 2719 1828 2767 tnn-

174 2819 310 2894 usquein
324 2826 459 2876 aeternum
478 2833 562 2888 super
578 2813 693 2881 electos,
714 2814 743 2869 in
757 2813 847 2869 modio
867 2810 978 2885 quidem
1033 2817 1114 2874 quam
1137 2799 1293 2857 cubiculum
1318 2799 1466 2873 Unigeniti,
1491 2807 1519 2856 et
1533 2800 1610 2874 quasi
1637 2814 1743 2856 summa
1759 2817 1832 2874 quae-

175 2909 349 2981 aliquatenus
376 2905 526 2964 osteudens
555 2903 679 2959 liberum
708 2901 860 2966 arbitrium,
888 2897 980 2954 meriti
1033 2891 1096 2946 dam
1110 2889 1220 2963 requies
1238 2887 1346 2945 Domini
1362 2897 1414 2946 est.
1435 2888 1492 2946 Nos
1507 2904 1617 2963 quoque
1632 2905 1684 2962 per
1697 2888 1768 2946 hanc
1782 2905 1832 2946 ro·

176 2997 281 3070 gratia·
296 2993 460 3068 principium
474 3008 542 3051 rero
557 2999 585 3047 et
600 2993 688 3048 linem
703 2991 814 3048 omnino
829 2988 879 3046 soli
892 2987 981 3046 vindi·
1033 2979 1167 3036 lentatum
1191 2977 1321 3034 unionem
1343 2984 1373 3033 ct
1396 2976 1582 3034 atlhaesionem
1605 2977 1726 3050 spiritus,
1752 2993 1834 3051 qaam

177 3101 245 3141 cans
268 3081 319 3140 sibi
336 3099 343 3138 :
360 3089 389 3139 ut
410 3082 445 3138 sit
468 3081 548 3137 nobis
571 3079 654 3152 alpha
677 3087 705 3137 et
726 3095 825 3152 omega
847 3076 963 3134 Domina
1035 3067 1162 3124 nimirum
1176 3065 1293 3122 charitas
1309 3065 1371 3122 iacit
1391 3082 1442 3140 pro
1466 3073 1562 3122 nostro
1586 3063 1698 3140 quidem
1713 3066 1834 3136 modulo,

177 3175 253 3232 Deus
266 3179 378 3241 noster;
394 3179 421 3228 et
436 3185 486 3243 pro
505 3177 622 3242 utroquo
643 3169 705 3241 jure
729 3169 879 3225 clamemus
895 3183 901 3222 :
918 3167 979 3227 Νρη
1036 3155 1063 3212 in
1079 3158 1130 3213 hoc
1145 3172 1224 3211 suum
1244 3153 1400 3212 cubiculum
1414 3163 1441 3211 et
1455 3154 1482 3210 in
1505 3171 1582 3211 suam
1603 3151 1728 3228 requiem
1747 3154 1835 3212 factus

177 3263 269 3332 nobis,
279 3261 407 3328 Domine,
420 3277 479 3318 non
488 3259 575 3324 nobb,
583 3257 631 3316 scd
641 3260 805 3316 nominituo
815 3257 851 3312 de
859 3257 979 3328 pieriam
1036 3243 1119 3302 etlam
1131 3243 1329 3318 primogenitus
1343 3241 1501 3300 introducit.

177 3349 420 3422 (Psol.cx1u,i,).
437 3350 535 3404 Amen.
1071 3333 1160 3389 aiam
1174 3346 1241 3388 xero
1256 3348 1291 3404 qu
1312 3329 1329 3384 d
1345 3330 1445 3387 dicitur
1459 3347 1475 3385 a
1488 3331 1578 3399 Patre,
1594 3331 1779 3388 ambulantem
1793 3331 1832 3386 si·

1035 3419 1157 3496 gnificat,
1181 3425 1208 3476 et
1222 3417 1258 3474 ad
1281 3433 1355 3488 eum,
1372 3434 1454 3492 quem
1477 3418 1601 3491 proxime
1615 3419 1676 3493 ipso
1688 3427 1835 3493 praestante

432 3582 437 3594 ι
501 3469 617 3591 S'Ehth
633 3472 666 3528 γ’
1036 3507 1202 3567 celebraturi
1223 3523 1328 3577 sumus,
1355 3514 1461 3581 spectat
1484 3507 1682 3566 lncamationis
1702 3510 1763 3581 ejus
1786 3508 1834 3564 ad-

306 3583 344 3639 Dt
359 3580 450 3637 ”tritt
465 3579 548 3636 ΒΜ
561 3577 717 3650 imiimi&
731 3591 770 3645 Ἦν
788 3581 813 3643 ¹·
829 3580 855 3632 3·
1035 3605 1158 3656 ventum.
1173 3597 1242 3652 Hinc
1256 3595 1385 3652 nimirum
1401 3604 1428 3652 et
1442 3595 1502 3669 ipse
1514 3595 1571 3670 aiil:
1590 3599 1644 3671 Epo
1657 3600 1736 3655 enim
1749 3617 1767 3655 a
1781 3600 1836 3656 lieo

217 3693 243 3743 l.
271 3684 471 3744 commendant
494 3683 584 3751 nobis,
611 3697 698 3739 sacrae
721 3682 819 3738 litterae
847 3682 982 3738 Christum
1036 3687 1158 3758 processi
1171 3688 1199 3740 et
1212 3685 1278 3742 veni
1295 3684 1388 3755 (ioan.
1413 3699 1474 3756 snt,
1496 3685 1552 3756 42).
1569 3685 1599 3741 ln
1622 3685 1704 3742 terris
1717 3683 1836 3760 denique

180 3769 329 3834 Dominum
348 3781 375 3831 et
400 3789 433 3829 ex
454 3773 542 3840 Patre,
563 3779 590 3827 et
611 3771 638 3826 in
659 3772 747 3840 Patre,
768 3778 795 3828 et
810 3785 873 3827 cum
887 3772 981 3840 Patre,
1037 3774 1122 3842 visus,
1137 3781 1165 3830 et
1181 3787 1244 3829 cum
1266 3772 1422 3828 hominibus
1447 3782 1636 3846 conversatus,
1657 3774 1766 3832 medius
1785 3789 1837 3832 no·

181 3871 210 3922 et
229 3879 245 3918 a
260 3864 351 3932 Patro,
371 3868 400 3917 et
412 3873 463 3933 pro
478 3859 568 3929 Patre,
595 3858 676 3915 etiam
691 3866 718 3914 et
733 3858 783 3915 sub
797 3859 888 3915 Patre.
904 3857 985 3929 Quod
1038 3869 1135 3931 strum,
1151 3876 1234 3934 quern
1243 3859 1444 3930 nesciebamus,
1459 3861 1542 3934 stetit,
1558 3877 1641 3920 verus
1650 3863 1762 3936 quidem
1774 3861 1825 3919 lim

182 3951 293 4019 dicitur,
314 3965 348 4006 ex
367 3948 456 4017 Patre,
476 3945 625 4003 ineffabilis
647 3953 690 4003 est
708 3945 848 4011 nativitas;
869 3946 943 4020 quod
957 3947 984 4002 iu
1043 3948 1163 4017 manuel,
1184 3947 1437 4021 rediscumbere,
1460 3949 1607 4006 nobiscum
1627 3958 1712 4021 stans,
1729 3950 1777 4007 sed
1790 3963 1840 4024 pro

183 4042 274 4107 Patre,
299 4035 541 4095 consubstantialis
570 4034 674 4106 unitas3
706 4035 866 4108 quodcum
894 4035 983 4106 Patre,
1041 4041 1128 4094 Patre.
1158 4035 1238 4106 Quod
1265 4036 1339 4092 enim
1372 4036 1516 4094 nobiscum
1551 4038 1634 4108 stetit,
1656 4038 1835 4110 adiutorium

184 4127 326 4202 equalitas
341 4125 503 4197 majestatis.
524 4124 596 4181 Sane
617 4124 691 4181 enim
705 4128 757 4180 tria
780 4125 839 4182 haec
853 4126 888 4181 ab
901 4133 984 4182 aeter-
1041 4125 1114 4200 quod
1127 4139 1178 4198 pro
1202 4126 1281 4181 Patre
1299 4124 1384 4194 stetit,
1413 4125 1501 4182 zelum
1529 4124 1665 4201 designat.
1695 4127 1837 4186 Paternam

184 4233 231 4275 no.
247 4217 384 4274 Caeterum
399 4213 421 4268 si
434 4229 467 4270 ex
478 4213 557 4270 Patre
575 4227 705 4282 nascens;
721 4213 786 4286 quid
798 4213 825 4268 in
835 4215 924 4285 Patre,
940 4221 986 4270 aut
1040 4231 1139 4289 nempe
1153 4214 1296 4289 querebat
1304 4213 1332 4270 in
1340 4211 1468 4270 omnibus
1475 4213 1602 4288 gloriam,
1617 4217 1696 4288 cujus
1709 4222 1737 4272 et
1751 4227 1836 4272 vane·

185 4321 247 4362 cum
263 4303 364 4361 Petrei
376 4303 437 4359 Non
449 4302 600 4374 incongrue
614 4301 728 4358 forsitan
741 4302 770 4357 in
780 4302 857 4358 Patre
871 4303 984 4370 cubans,
1040 4312 1084 4363 rat
1098 4306 1190 4363 facere
1204 4303 1380 4362 voluntatem.
1391 4302 1527 4376 Caeterum
1542 4301 1565 4360 si
1574 4303 1740 4377 pendentem
1753 4289 1834 4364 061

187 4409 253 4450 cum
274 4391 354 4448 Patre
379 4389 479 4447 sedens
509 4389 624 4446 dicatur.
660 4389 693 4444 m
723 4387 813 4446 audite
838 4405 986 4448 consessus
1001 4426 1025 4503 u
1041 4394 1200 4454 consideres
1214 4411 1222 4461 ;
1238 4393 1261 4450 si
1277 4392 1415 4451 Christum
1439 4400 1466 4451 et
1480 4393 1554 4449 hunc
1573 4392 1734 4450 crucifixum
1747 4401 1839 4450 attens

187 4482 281 4552 huius,
305 4487 331 4536 et
358 4480 439 4551 hujus
467 4478 609 4535 accubitus
637 4478 780 4536 rationem.
809 4477 884 4537 Sicut
912 4481 986 4537 enim
1041 4483 1101 4554 das,
1117 4481 1156 4539 ibi
1177 4480 1296 4538 maxime
1320 4479 1579 4555 evidentissimeque
1602 4497 1665 4538 eum
1688 4480 1738 4536 sub
1761 4481 1841 4540 Patre

187 4568 277 4627 sessio
297 4570 479 4638 majestatem,
504 4567 544 4625 sic
568 4567 709 4625 consessio
729 4567 911 4642 equalitatem
935 4585 985 4627 ex·
1041 4571 1175 4644 reperies.
1186 4569 1244 4626 Hoc
1254 4567 1328 4626 enim
1336 4568 1447 4641 proprie
1457 4584 1490 4626 ac
1508 4567 1705 4642 specialiterad
1715 4568 1840 4624 humanm

187 4657 280 4731 primit
305 4657 465 4728 majestatis,
491 4655 645 4730 prasertim
671 4671 733 4714 cum
761 4658 796 4713 sit
819 4657 846 4716 ei
875 4658 987 4717 sedesa
1040 4659 1170 4734 pertinuit
1184 4665 1288 4715 naturae
1302 4656 1493 4728 humilitatem,
1518 4655 1668 4714 secundum
1683 4669 1765 4730 quam
1779 4654 1840 4730 ipse

188 4746 292 4804 dextris
310 4745 408 4815 Patris,
429 4760 486 4803 non
507 4761 574 4802 sane
595 4747 646 4802 sub
664 4745 793 4819 pedibus,
812 4747 856 4803 vel
874 4747 952 4821 quasi
971 4765 987 4804 a
1041 4749 1079 4804 ait
1093 4752 1188 4806 :Peter
1202 4750 1352 4820 mojorem
1365 4753 1408 4803 est
1429 4745 1521 4818 (foen.
1547 4760 1608 4816 xxv,
1624 4744 1680 4818 28).
1703 4743 1839 4802 Dicemus

188 4845 279 4910 tergo.
301 4835 336 4892 Et
357 4834 456 4892 sedere
483 4834 594 4906 quidem
617 4837 673 4906 jam
692 4834 837 4908 quiescere
861 4844 912 4906 est,
938 4837 987 4893 sed
1041 4835 1203 4893 audebimus
1217 4835 1290 4908 quod
1305 4832 1454 4907 aliquando
1469 4833 1551 4890 etiam
1574 4831 1656 4890 fuerit
1668 4831 1728 4889 sine
1740 4832 1841 4898 Patre?

187 4927 282 4998 jacere
298 4923 397 4998 magis.
414 4922 486 4993 Quid
500 4930 591 4979 autem
609 4923 796 4981 delectabilius
809 4931 837 4981 et
851 4926 986 4999 quodam-
1040 4925 1127 4983 Nemo
1141 4922 1169 4979 id
1182 4930 1372 4997 presumeret,
1395 4922 1417 4979 si
1437 4938 1492 4980 non
1519 4921 1595 4994 prior
1616 4921 1675 4994 ipse
1703 4918 1840 4992 dixisset:

189 5014 272 5070 modo
282 5011 389 5069 dulcius
400 5026 463 5068 esse
477 5011 614 5068 videbitur
622 5011 700 5083 Filio,
711 5013 784 5087 quod
798 5013 825 5069 in
841 5015 920 5069 Patra
934 5023 986 5081 est,
1042 5017 1117 5072 Deos
1134 5030 1226 5081 mans,
1246 5014 1319 5070 Deus
1346 5029 1435 5080 meas,
1453 5012 1556 5086 utquid
1584 5010 1759 5084 dereliquisti
1776 5009 1843 5069 me?

189 5119 226 5158 an
240 5101 392 5176 quodcum
408 5102 488 5157 Patre
508 5099 634 5156 omnibus
651 5101 773 5173 praeest?
791 5101 822 5156 ln
841 5115 895 5175 quo
909 5107 988 5174 putas
1041 5103 1152 5169 lllottls.
1169 5118 1260 5168 xxvxi,
1276 5101 1333 5172 id.)
1348 5099 1432 5172 Quasi
1445 5098 1570 5172 quaedam
1585 5099 1658 5156 enim
1671 5098 1709 5155 ibi
1723 5097 1841 5156 derelic-

188 5192 288 5248 horum
303 5204 411 5246 summa
424 5188 468 5244 illa
486 5203 539 5260 pax
552 5187 613 5256 Dei,
634 5205 696 5262 quae
716 5197 861 5262 exsuperat
878 5205 988 5246 omnem
1041 5191 1079 5249 tio
1094 5191 1153 5262 fuit,
1169 5191 1215 5248 ubi
1238 5190 1310 5247 nulla
1335 5189 1385 5245 fuit
1407 5187 1435 5244 in
1453 5196 1527 5250 tanta
1544 5188 1707 5246 necessitate
1734 5184 1841 5244 virtutis

190 5295 314 5349 sensum,
330 5285 357 5334 et
372 5277 521 5353 singularis
536 5277 647 5351 requies
666 5278 774 5336 Domini
789 5279 989 5352 competentius
1042 5279 1184 5350 exhibitio,
1195 5278 1269 5336 nulla
1282 5277 1403 5335 ostensio
1417 5277 1579 5349 majestatis.
1612 5329 1617 5344 ,

191 5367 368 5442 assignaturi
379 5367 437 5423 Etsi
453 5366 537 5440 digne
552 5366 618 5421 satis
627 5381 674 5423 ore
686 5366 716 5421 id
730 5366 845 5438 exprimi
858 5375 987 5440 nequeat,
1078 5372 1105 5425 i.
1122 5369 1260 5426 Habemus
1274 5367 1365 5441 itaque
1380 5366 1519 5424 Christum
1532 5382 1566 5423 ex
1580 5365 1659 5421 Patre
1668 5359 1838 5436 nascentem,

191 5457 277 5513 corde
292 5464 382 5513 tamen
402 5455 517 5513 forsitan
532 5454 576 5528 pie
597 5455 749 5527 concipitur
765 5472 772 5512 :
788 5464 817 5512 ut
836 5457 910 5514 salva
924 5456 988 5530 qui-
1043 5456 1072 5514 in
1093 5457 1172 5513 Patre
1195 5455 1351 5526 cubantem,
1376 5459 1439 5512 cuni
1464 5455 1542 5510 Patre
1562 5452 1715 5524 sedentem,
1729 5467 1745 5509 a
1759 5454 1839 5508 Patre

191 5543 257 5602 dem
272 5543 300 5600 in
315 5543 444 5601 omnibus
457 5543 529 5601 itlius
543 5542 700 5602 indivisibili
714 5543 886 5617 simplicitate
895 5561 991 5604 essen-
1045 5544 1240 5615 ambulantem,
1255 5559 1306 5617 pro
1325 5543 1406 5600 Patre
1421 5548 1547 5615 santam,
1564 5542 1614 5600 sub
1627 5542 1706 5602 Patre
1718 5540 1842 5616 pendens

191 5631 253 5704 tim,
268 5631 340 5688 inter
356 5631 452 5706 gloria
479 5631 670 5706 equalitatem,
686 5639 714 5690 et
727 5633 884 5691 substantiae
902 5635 990 5692 unca·
1050 5641 1117 5708 mm,
1134 5635 1192 5692 siue
1206 5633 1286 5691 Patre
1306 5633 1506 5708 quodamnodo
1524 5632 1696 5692 morientem.
1719 5633 1843 5706 Quonam
