4150 6348
315 341 367 402 523
798 303 1491 393 s.samiammalesuasae-maumas
1906 339 1960 398 see

313 465 371 524 loca
393 460 502 518 studeat
520 457 710 532 unusquisque
732 473 767 514 ne
792 456 921 513 dissideat
942 454 1001 526 ipse
1024 469 1041 510 a
1063 470 1107 509 se·
1127 451 1242 547 ndum,
1258 453 1311 511 sed
1325 454 1462 512 obsessum
1482 455 1516 510 ab
1539 455 1665 514 mimicis.
1684 454 1822 533 Quotquot
1835 460 1918 536 igitur
1933 465 1961 522 in

313 553 429 624 metipso
442 568 449 616 ;
464 549 592 624 quoniam
616 564 695 607 omne
709 565 823 622 regnum
845 536 872 603 iri
886 560 915 602 se
927 545 1015 616 ipsum
1039 541 1107 599 divi·
1166 541 1252 614 ipsius
1270 559 1343 600 arma
1365 545 1447 616 jurati
1471 546 1695 616 semesaque
1709 547 1811 605 militiae
1833 550 1961 612 dedimus

311 658 371 698 sum
399 638 577 710 desolabitur,
603 645 630 695 et
659 639 757 696 domus
781 653 863 709 supra
893 635 1003 691 domum
1030 632 1107 689 cadet
1159 633 1277 706 nomina,
1296 633 1395 708 triplici
1410 635 1488 691 nabis
1504 637 1811 707 cpuseeseaoverimns
1827 653 1960 714 apparatu

310 729 422 804 (batth.
438 745 491 797 su,
506 728 551 798 Pb)
564 745 570 798 ;
582 741 636 785 nec
655 726 765 784 intrabit
789 725 918 792 Christus,
939 723 987 780 ubi
1009 721 1107 778 suerint
1159 722 1192 776 ad
1216 723 1367 780 custodiam
1388 723 1469 781 castri
1484 725 1583 797 hujus:
1610 726 1760 784 munitione
1778 727 1911 802 uidelicet,
1933 745 1960 792 et

309 801 432 894 parietes¹
443 817 581 884 declinati,
598 826 624 873 et
638 816 762 873 maceriae
782 813 912 886 depulsae.
927 811 1024 868 Nonne
1035 811 1105 865 enim
1158 812 1249 883 armis,
1273 821 1300 868 et
1326 813 1470 869 alimentis.
1486 813 1552 884 Quae
1578 821 1703 890 asterga
1727 817 1869 877 munitio?
1893 823 1959 881 Urbe

308 909 431 982 corporis
454 907 497 964 sui
519 909 629 964 demum
648 906 783 980 integram
806 903 895 958 anima
912 903 971 958 vult
993 901 1103 967 habere,
1158 900 1342 970 tortitudinis
1368 907 1476 959 coatrae
1497 904 1574 977 Sica,
1601 903 1637 960 ait
1662 905 1800 978 propheta,
1827 896 1958 970 Salvator

308 1008 336 1060 et
350 1001 426 1056 exire
443 997 517 1054 illam
541 1011 650 1054 necesse
671 1003 722 1062 est,
737 995 761 1050 si
784 993 883 1050 fuerint
908 1007 967 1047 ase
991 990 1105 1048 invicem
1159 993 1282 1061 pacetur
1300 990 1332 1045 ia
1346 1006 1378 1047 eo
1391 1007 1492 1048 maras
1507 995 1535 1050 et
1550 996 1729 1052 antemurale
1748 995 1814 1065 (isc.
1831 1013 1902 1064 asar,
1920 999 1957 1070 l).

308 1091 432 1147 membra
450 1087 597 1159 dispersa?
611 1085 707 1142 Videat
721 1098 787 1156 ergo
803 1082 911 1155 etipsa,
928 1083 951 1136 si
967 1080 1107 1137 desiderat
1159 1079 1252 1133 Murus
1271 1079 1445 1150 continentia,
1468 1080 1634 1137 antemurale
1654 1082 1782 1154 patientia
1801 1093 1852 1143 est.
1867 1086 1958 1142 bonus

309 1180 431 1238 habitare
455 1175 590 1233 Christum
613 1191 663 1247 per
683 1173 765 1230 tidem
789 1172 818 1228 in
841 1171 924 1228 carde
945 1184 1004 1242 suc,
1025 1170 1106 1228 idest
1159 1166 1331 1224 confluentia
1364 1184 1466 1237 murus,
1495 1168 1542 1242 qui
1560 1169 1599 1228 sic
1618 1170 1737 1243 undique
1760 1171 1909 1230 circumdat
1931 1186 1956 1232 et

309 1270 337 1324 in
352 1284 379 1324 sc
394 1267 453 1340 ipsa
468 1264 601 1322 :sollicite
615 1270 705 1320 caveat
728 1276 762 1316 ne
777 1275 794 1316 o
809 1275 839 1315 se
858 1257 975 1316 invicem
985 1259 1105 1315 membra
1158 1257 1356 1331 circumcingit,
1382 1266 1412 1314 ut
1432 1274 1484 1314 nec
1508 1275 1556 1330 per
1582 1259 1720 1317 oculorum
1745 1261 1886 1330 fenestras,
1908 1281 1958 1322 nec

308 1358 367 1429 ejus
381 1355 536 1422 dissideant,
553 1353 579 1407 id
603 1357 647 1409 εει
663 1349 739 1418 ratio,
760 1348 884 1405 voluntas
897 1355 977 1421 atque
1000 1363 1104 1405 memo·
1159 1361 1209 1417 pet
1223 1351 1338 1403 caeteros
1361 1363 1455 1403 sensus
1479 1347 1558 1404 detur
1583 1347 1725 1422 ingressus
1743 1351 1832 1408 morti.
1850 1354 1956 1409 Bonum

309 1447 359 1503 ria.
383 1445 423 1501 Sit
445 1459 512 1518 erge
535 1443 593 1498 sine
616 1455 708 1497 errore
733 1437 812 1506 ratio,
831 1445 862 1493 ut
879 1438 950 1493 bene
975 1444 1106 1511 congruat
1158 1437 1325 1492 antemurale
1338 1435 1484 1506 patientiae,
1499 1436 1572 1509 quod
1588 1436 1689 1510 primos
1704 1439 1822 1494 hostium
1841 1441 1956 1496 sustinet

309 1535 441 1592 voluntati
460 1552 467 1588 z
483 1532 563 1587 talem
588 1529 659 1586 enim
684 1527 808 1587 voluntas
832 1533 913 1582 amat.
938 1524 977 1582 Sit
1002 1533 1029 1581 ει
1053 1540 1104 1583 vc·
1160 1523 1286 1594 impetus,
1309 1534 1338 1579 ut
1357 1523 1427 1580 inter
1451 1523 1566 1596 plurima
1586 1533 1749 1584 tentamenta
1763 1536 1868 1586 stemus
1890 1529 1957 1586 viri·

308 1624 397 1679 luntas
426 1621 484 1677 sine
516 1617 669 1692 iniquitate,
691 1615 817 1688 quoniam
843 1615 911 1670 ratio
944 1614 1022 1670 talem
1054 1630 1105 1682 ap·
1158 1610 1228 1680 liter,
1254 1621 1280 1668 et
1303 1627 1506 1683 perseveremus
1529 1613 1626 1687 jugiter
1650 1615 1817 1674 inconcussi.
1842 1618 1957 1676 Unicum

309 1713 417 1786 probat.
443 1708 553 1781 Alioqui
590 1707 613 1762 si
639 1721 699 1762 sese
730 1704 833 1777 judicat
868 1702 959 1758 aalma
997 1713 1105 1773 propter
1160 1701 1260 1772 quippe
1279 1700 1426 1757 remedium
1450 1709 1501 1774 est,
1523 1702 1587 1759 dum
1606 1705 1772 1762 continentia
1792 1708 1910 1778 quatitur
1929 1717 1957 1764 et

310 1797 455 1859 voluntatis
480 1795 637 1872 pravitatem
664 1793 692 1850 iu
723 1809 755 1850 εο
787 1793 860 1866 quod
887 1807 937 1862 per
968 1790 1101 1847 rationem
1157 1789 1274 1861 quodam
1287 1789 1370 1847 modo
1385 1797 1470 1862 nutat,
1490 1789 1610 1861 objicere
1628 1791 1795 1864 patientiam,
1812 1802 1849 1863 et,
1865 1813 1956 1870 qnan-

309 1893 416 1964 prcbat,
448 1886 548 1944 bellum
576 1884 734 1940 intestinum
759 1889 810 1948 εει,
835 1887 862 1936 ει
888 1880 1026 1937 discordia
1051 1895 1101 1951 pe·
1160 1887 1326 1952 tumcunque
1355 1879 1456 1937 terreat
1479 1896 1574 1940 sensus
1607 1885 1716 1954 peccati,
1749 1901 1851 1960 negare
1881 1889 1957 1944 omni

310 1979 449 2046 riculosa;
478 1973 605 2046 quoniam
639 1972 805 2028 voluntatem
834 1966 1000 2040 'hujusmodi
1037 1968 1104 2025 ratio
1158 1968 1238 2025 modo
1253 1971 1467 2028 consensumln
1477 1971 1619 2042 patientia
1638 1975 1741 2042 vestra,
1753 1973 1847 2048 inquit,
1862 1979 1957 2050 possi-

312 2081 420 2137 semper
447 2062 586 2138 suggillat,
610 2059 659 2115 sed
678 2065 795 2128 accusat,
813 2057 862 2113 sed
886 2056 1026 2128 dijudicat,
1057 2049 1106 2112 sed
1159 2055 1384 2116 debitisaaimas
1399 2062 1506 2116 cestros
1521 2058 1598 2132 (Lac.
1614 2075 1669 2130 aar,
1691 2062 1746 2133 lo).
1764 2063 1876 2122 Ponitur
1890 2080 1956 2138 ergo

311 2153 483 2212 condemnat.
508 2151 621 2218 Propter
648 2147 721 2216 quod
744 2147 782 2200 ait
808 2146 941 2201 Dominus
963 2145 989 2201 in
1014 2143 1104 2202 Evan—
1158 2143 1186 2200 in
1209 2144 1314 2202 civitate
1332 2161 1381 2200 sua
1404 2145 1528 2203 Salvator
1550 2148 1608 2218 ipse
1622 2164 1716 2204 murus
1731 2161 1758 2208 et
1776 2157 1954 2222 antemurale,
2050 2153 2051 2166 ¹

311 2243 384 2318 galia
399 2259 407 2297 ε
423 2243 489 2299 Esto
504 2237 682 2296 consectam
697 2234 857 2293 aduersante
873 2239 932 2304 tao,
949 2234 1017 2290 dam
1032 2250 1059 2290 es
1074 2234 1104 2289 ia
1158 2232 1245 2290 tactus
1259 2233 1338 2291 nobis
1352 2249 1367 2289 a
1381 2235 1440 2291 Dea
1464 2235 1543 2293 Patre
1563 2236 1677 2312 justitia,
1693 2248 1720 2295 et
1744 2242 1883 2314 prophetae
1909 2260 1956 2316 pa-

310 2328 640 2398 cacuminantem
655 2324 834 2382 adversarias
851 2323 948 2380 tradat
962 2326 989 2379 ta
998 2323 1102 2396 jodici,
1159 2323 1262 2390 tientia,
1286 2323 1355 2381 sicut
1377 2324 1450 2380 idem
1465 2324 1504 2380 ait
1519 2343 1525 2380 :
1549 2325 1690 2392 anaicea
1714 2331 1748 2386 ta
1761 2346 1789 2389 es
1810 2334 1955 2404 patientta

311 2413 967 2496 etjadeatradattatortosamqetmeureerem
976 2413 1105 2469 mittaris
1158 2427 1231 2484 mea,
1250 2413 1366 2472 Domine
1389 2412 1476 2484 (Paci.
1496 2430 1559 2484 axx,
1574 2415 1612 2487 5).
1633 2417 1733 2489 Murus,
1759 2417 1882 2492 iuquam,
1906 2439 1955 2494 po·

309 2511 420 2583 (tlatth.
446 2523 475 2578 v,
491 2505 546 2578 ιδ).
567 2504 608 2560 Sit
630 2503 711 2560 etiam
734 2501 864 2558 memoria
888 2502 947 2558 sine
969 2503 1058 2570 sorde,
1074 2511 1104 2557 ut
1158 2501 1230 2558 nitur
1259 2501 1286 2557 iu
1316 2505 1528 2570 cousersaticue,
1568 2507 1733 2564 antemurale
1760 2509 1789 2564 in
1818 2511 1953 2580 passione,

309 2600 414 2655 nullum
443 2595 472 2652 in
493 2610 526 2652 ea
549 2599 690 2664 peccatum
712 2596 828 2661 nraneat,
849 2589 921 2661 quod
958 2604 1013 2645 nan
1036 2605 1104 2662 pura
1157 2591 1191 2644 ab
1210 2589 1334 2646 omnibus
1361 2592 1449 2646 carnis
1476 2599 1504 2648 et
1529 2593 1623 2650 saeculi
1650 2596 1792 2666 pinsentis
1820 2598 1956 2656 illecebris

307 2685 480 2744 contessienc
494 2691 522 2739 et
536 2681 624 2756 dignis
639 2680 768 2736 tractibus
792 2677 956 2752 poeuitentiae
971 2677 1103 2736 deleatur.
1157 2678 1303 2748 abstinens,
1327 2688 1354 2734 et
1377 2679 1491 2736 adversa
1518 2683 1656 2739 sustinens
1684 2683 1790 2742 tortiter
1818 2687 1954 2748 universa.

309 2774 439 2847 Alioquin
463 2770 666 2836 conscientiam,
696 2770 723 2824 in
745 2775 961 2840 quapeccatum
983 2767 1056 2838 latet,
1078 2776 1105 2826 et
1193 2771 1219 2822 2.
1240 2767 1353 2839 Oportet
1366 2777 1457 2825 autem
1471 2777 1498 2825 ει
1512 2787 1588 2826 arana
1605 2787 1710 2843 parare,
1730 2774 1779 2831 aed
1797 2789 1871 2831 arma
1894 2781 1954 2850 spi-

307 2865 434 2921 voluntas
457 2862 523 2928 odit,
540 2869 567 2917 et
588 2859 655 2915 ratio
680 2864 842 2915 exsecratur.
867 2857 970 2912 Bonum
992 2857 1104 2930 proinde
1157 2855 1271 2926 ritualia,
1298 2857 1418 2928 potentia
1435 2860 1501 2928 Deo,
1527 2875 1584 2918 non
1604 2861 1737 2918 modoad
1761 2863 1952 2933 resistendum,

308 2961 384 3025 parat
410 2949 592 3006 habitaculum
615 2948 685 3013 lieo,
709 2947 788 3016 cajus
812 2961 863 3002 nec
886 2946 954 3002 ratic
977 2945 1101 3020 decepta,
1157 2945 1205 3001 sed
1249 2946 1283 3000 ad
1317 2945 1512 3018 impugandum
1559 2965 1670 3023 quoque
1693 2959 1720 3008 et
1742 2955 1954 3030 expugnandum

306 3057 356 3098 nec
388 3042 513 3098 uoluntas
539 3051 676 3110 peruersa,
706 3049 755 3091 nec
783 3035 914 3092 memoria
948 3034 1027 3091 tuerit
1053 3035 1096 3092 iu·
1114 3043 1135 3122 c
1152 3033 1265 3090 viriliter
1278 3035 1428 3096 inimicum.
1446 3037 1560 3094 ladaite
1575 3055 1622 3096 aaa
1643 3045 1826 3099 armaturam
1841 3046 1900 3114 liei,
1916 3044 1955 3101 ait

305 3130 424 3203 quinata.
1154 3123 1300 3195 Apostolus
1314 3125 1424 3197 (tipice.
1434 3139 1476 3195 vr,
1493 3127 1549 3199 lt),
1568 3136 1622 3185 etc.
1637 3129 1707 3200 Quid
1719 3129 1792 3187 enirn
1812 3141 1952 3202 putamus,

341 3222 367 3275 t.
392 3218 450 3272 tam
473 3229 540 3272 vero
563 3212 604 3270 sic
626 3227 654 3269 se
686 3210 847 3268 habentibus
869 3211 992 3283 singulis,
1019 3211 1097 3266 etiam
1153 3212 1274 3270 iratres?
1296 3213 1393 3270 Granis
1407 3215 1530 3288 equidem
1548 3218 1627 3274 uobis
1642 3227 1684 3274 est
1696 3209 1797 3277 inimici
1823 3223 1950 3289 tentatio;

303 3324 398 3366 omnes
426 3320 475 3362 nos
500 3302 625 3362 connecti
658 3309 685 3358 et
709 3299 889 3374 conglutinari
911 3315 1024 3357 necesse
1048 3306 1097 3367 est,
1154 3303 1202 3358 sed
1217 3302 1299 3375 longe
1313 3303 1422 3376 grauiam
1443 3303 1482 3359 illi
1499 3306 1586 3362 oratio
1607 3315 1709 3364 nostra.
1723 3289 1809 3366 ⁸laedit
1823 3325 1874 3368 nos
1898 3311 1952 3368 ini·

303 3405 396 3455 mutua
409 3394 502 3467 utique
516 3391 657 3458 charitate,
673 3407 733 3462 quae
748 3399 789 3446 εει
803 3388 939 3446 vinculum
957 3388 1100 3461 perlectio—
1152 3390 1240 3462 qaitas
1254 3392 1314 3461 eius
1333 3401 1412 3464 atque
1435 3396 1573 3467 versutia3
1590 3397 1639 3452 sed
1664 3398 1748 3455 multo
1763 3399 1882 3471 amplius
1898 3417 1951 3458 na-

301 3489 352 3544 nis.
368 3488 436 3542 Nem
451 3483 569 3558 aequitio
594 3481 702 3554 quidem
719 3479 840 3553 perlecta
861 3479 889 3535 in
904 3481 954 3536 hac
975 3478 1033 3534 vita
1048 3477 1100 3533 ha·
1152 3487 1208 3536 stra
1222 3497 1284 3536 eum
1297 3479 1453 3552 simplicitas
1473 3491 1500 3539 et
1517 3484 1705 3542 misericordia
1720 3496 1834 3560 torquet.
1851 3489 1952 3546 flumi-

302 3577 359 3634 beri
386 3591 443 3632 non
465 3579 564 3646 potest,
590 3569 702 3626 forsitan
726 3584 775 3627 nec
798 3575 915 3640 oportet.
941 3567 972 3623 ln
996 3565 1099 3622 coelesti
1151 3570 1254 3625 litatem
1291 3577 1410 3626 nostram
1445 3586 1501 3627 non
1535 3574 1663 3642 sustinet;
1694 3577 1782 3632 uritur
1819 3581 1952 3638 charitate

301 3664 435 3738 sequidem
459 3661 541 3718 domo
564 3658 683 3732 cognitio
698 3657 850 3714 dilectionis
873 3663 915 3713 est
941 3655 1098 3712 nutrimen·
1151 3665 1253 3727 nostra,
1277 3659 1483 3718 mausuetudine
1501 3669 1529 3719 et
1551 3663 1705 3722 obedientia
1727 3667 1951 3726 cruciatumlam

301 3762 368 3809 tum.
383 3752 449 3822 Quis
467 3751 539 3807 enim
554 3747 714 3824 gloriabitur
738 3752 842 3804 castam
866 3761 895 3803 εε
910 3745 1011 3802 babere
1030 3745 1098 3802 cort
1149 3763 1215 3804 vero
1229 3763 1278 3804 nec
1300 3747 1370 3804 tarne
1387 3749 1495 3822 quidem
1510 3751 1598 3825 urgeri
1614 3769 1772 3824 possumus,
1784 3764 1813 3811 ut
1827 3757 1951 3816 hostibus

299 3843 447 3914 Propterea
474 3839 553 3897 iacilc
582 3844 638 3896 erat
675 3845 701 3894 ει
728 3833 857 3894 contundi
891 3833 1042 3907 cognitum,
1069 3838 1098 3889 et
1150 3842 1266 3893 castrum
1290 3836 1396 3893 tradere
1429 3839 1642 3910 compellamur;
1673 3843 1812 3916 quoniam,
1847 3845 1951 3918 gratias

299 3937 507 4004 cognoscentem
518 3926 630 3985 aliendi.
644 3926 684 3981 lbi
697 3925 821 3996 jucunda
840 3922 891 3979 erit
906 3924 1036 3996 cognitio,
1051 3923 1096 3978 ubi
1150 3926 1219 3994 lieo,
1236 3941 1289 3982 noa
1304 3927 1379 3982 venit
1394 3943 1476 3998 super
1489 3943 1541 3984 nos
1556 3929 1682 3986 terribilis
1701 3929 1747 3988 illa
1774 3934 1950 3992 comminatio

300 4019 404 4075 uincula
425 4019 480 4088 jam
504 4033 559 4072 non
588 4015 648 4071 erit.
684 4012 733 4068 Illa
760 4028 828 4087 ergo
851 4013 948 4068 domus
972 4025 1096 4068 cannam
1148 4014 1298 4085 propheta,
1315 4013 1371 4070 imo
1386 4014 1493 4072 Domini
1507 4033 1554 4090 per
1576 4021 1747 4091 prophetam,
1768 4020 1847 4078 tamis
1871 4023 1949 4080 aide-

299 4107 403 4162 hrmius
417 4113 466 4172 est,
490 4112 621 4176 tanquam
644 4101 672 4156 in
687 4109 816 4156 aeternum
840 4115 969 4157 mansura
994 4117 1001 4154 :
1026 4101 1095 4164 haec.
1150 4103 1215 4160 licet
1235 4111 1262 4158 ει
1280 4102 1353 4170 sitis;
1368 4119 1423 4159 non
1443 4105 1519 4176 panis
1533 4115 1560 4162 et
1583 4123 1670 4180 aquae,
1690 4109 1738 4166 sed
1753 4110 1830 4168 verbi
1852 4109 1946 4184 latias,

299 4205 424 4268 tanquam
445 4193 646 4248 tabernaculum
667 4189 839 4259 bellatorum,
854 4189 945 4244 minus
963 4189 1013 4244 sibi
1029 4205 1094 4260 per·
1150 4191 1277 4248 audiendi
1285 4191 1530 4266 aerbi]Dei(rlmos
1539 4194 1661 4270 umuli).
1669 4197 1945 4259 Sicenimhabemus:

299 4283 369 4338 terte
393 4282 524 4337 cohaeret.
547 4280 595 4334 llla
627 4277 754 4334 nimirum
786 4277 884 4332 domus
909 4276 1019 4345 letitiae,
1045 4276 1095 4333 isto
1149 4282 1948 4364 bontasetopaaevtattttomaeeaiaomatuerbaqaod

298 4371 400 4427 militiae
423 4375 479 4438 est;
510 4369 555 4424 illa
577 4366 674 4424 damus
700 4363 814 4423 ton
839 4364 937 4432 laudis,
958 4367 1008 4422 ieta
1032 4381 1094 4423 cra·
1111 4325 1593 4444 ⁰proeedttdeorehetthaeas-nr,
1606 4377 1621 4430 3
1634 4392 1641 4441 ;
1654 4374 1948 4452 btctth.1v,i).ltaque

298 4461 389 4518 tionis.
416 4461 489 4527 llaec,
505 4459 625 4531 inquam,
642 4463 683 4513 est
706 4456 772 4512 urbs
796 4455 959 4511 tortitudinis
982 4465 1092 4523 nostrae,
1148 4473 1202 4513 ncn
1216 4457 1295 4515 nobis
1307 4460 1432 4518 alimenta
1443 4463 1548 4530 desunt,
1565 4461 1612 4536 qui
1627 4471 1654 4519 et
1668 4479 1808 4523 saumones
1819 4465 1948 4540 trequen-

299 4551 344 4607 illa
357 4557 399 4607 est
425 4550 520 4607 civitas
533 4545 635 4620 requiei
654 4553 764 4603 nostrae.
781 4543 895 4602 Proinde
919 4545 942 4599 si
957 4545 1094 4602 victoriosi
1150 4558 1200 4618 ter,
1212 4556 1238 4603 et
1252 4547 1420 4620 frequentius
1432 4566 1522 4608 sacras
1532 4551 1661 4610 lectiones
1675 4553 1812 4627 audimus,
1822 4565 1850 4612 et
1865 4563 1948 4612 inter-

300 4642 431 4698 tuerimus
453 4639 508 4708 hia,
534 4638 588 4694 illic
612 4636 712 4691 erimus
737 4633 858 4709 gloriosi,
884 4635 1015 4691 habentes
1035 4637 1095 4691 loco
1149 4638 1215 4693 dum
1234 4653 1342 4710 quoque
1367 4638 1515 4709 spiritualis
1539 4640 1687 4700 devotionis
1710 4651 1853 4717 gustamus
1875 4645 1948 4702 dcli-

303 4732 387 4804 gnleae
410 4730 542 4795 diadema,
573 4731 711 4797 sceptrum
735 4729 762 4778 et
781 4723 896 4794 palmam
920 4739 969 4796 pro
993 4723 1095 4796 gladio,
1150 4725 1216 4794 cias,
1240 4731 1367 4799 tanquam
1382 4727 1405 4783 si
1420 4731 1501 4786 catuli
1516 4730 1645 4788 edantde
1669 4732 1747 4792 micis
1765 4750 1826 4807 quae
1850 4737 1950 4792 cadunt

304 4838 355 4893 pra
380 4828 457 4876 scuto
470 4817 639 4888 chlamydem
661 4815 827 4880 deauratam,
843 4829 893 4886 pro
918 4815 1026 4870 thorace
1040 4822 1097 4870 sto·
1150 4816 1289 4871 demensa
1310 4817 1484 4874 dominorum
1498 4819 1628 4876 suorum?
1651 4821 1776 4879 coelestes
1797 4823 1861 4879 illos
1885 4839 1951 4880 cen-

304 4910 356 4963 lam
380 4907 565 4978 jucunditatis.
587 4904 696 4960 iuterim
716 4919 779 4959 sane
795 4903 883 4974 premi
905 4903 991 4975 magis
1015 4919 1097 4977 quam
1150 4903 1310 4971 tivasdico,
1339 4906 1385 4978 qui
1403 4906 1543 4978 replentur
1562 4909 1596 4963 ab
1620 4909 1743 4967 ubertate
1768 4911 1867 4969 donnaus
1889 4913 1948 4968 Dei.

303 4998 399 5069 peritni
414 4996 521 5052 videtur
536 4994 642 5064 utilius3
659 5001 686 5048 et
699 4992 833 5048 sustinere
849 4995 954 5063 pondus
968 4991 1057 5065 clypei
1071 4997 1098 5048 et
1151 4992 1284 5048 Habemus
1299 4993 1380 5048 etiam
1396 5011 1492 5067 panem
1512 4996 1701 5070 lacrymarum,
1721 4999 1779 5072 qui,
1790 4999 1849 5056 licet
1861 4999 1951 5056 minus

305 5087 396 5143 loricae
411 5084 618 5158 qaam‘maligni
630 5081 730 5152 jaculis
738 5081 825 5157 igneis
840 5081 994 5138 vulnerari:
1012 5082 1098 5154 aqui·
1151 5081 1249 5148 suauis,
1264 5083 1364 5152 optime
1389 5093 1476 5140 amen
1495 5086 1637 5142 contirmat
1650 5104 1697 5145 ccr
1716 5088 1844 5144 hominis.
1861 5089 1952 5146 liabe-

304 5179 354 5233 bus
368 5191 419 5231 nos
441 5189 557 5247 superus
571 5188 619 5228 sua
643 5171 809 5244 protectione
823 5172 966 5238 custodiat,
986 5171 1034 5243 qui
1058 5179 1100 5226 est
1152 5186 1211 5224 inus
1225 5177 1251 5225 et
1265 5171 1427 5228 obedientia
1441 5189 1551 5245 panem,
1568 5177 1602 5232 de
1614 5191 1668 5247 quo
1682 5175 1804 5248 loquitur
1817 5178 1850 5233 ad
1864 5179 1952 5234 disci·

303 5266 463 5322 pompatus
479 5264 505 5318 in
524 5266 630 5318 saecula.
647 5265 743 5320 Amen.
1153 5258 1230 5328 pulos
1243 5259 1374 5318 Dominus
1390 5279 1396 5316 :
1411 5262 1495 5329 ileos,
1505 5263 1640 5336 inquiens,
1650 5265 1726 5324 cibas
1737 5273 1792 5334 est,
1802 5271 1954 5340 attactum

612 5365 726 5424 gpppp
745 5367 791 5422 με,
1152 5349 1328 5406 volantatem
1342 5351 1440 5408 Patris
1455 5351 1511 5408 mei
1525 5353 1617 5424 (toea.
1632 5371 1672 5426 iv,
1689 5355 1744 5426 at).
1759 5357 1897 5413 Habemus
1912 5376 1955 5414 εε-

307 5461 342 5518 aa
356 5461 466 5534 triplici
480 5463 623 5536 apparata
639 5471 720 5530 quem
744 5455 877 5514 lactemus
892 5454 929 5512 od
944 5456 1100 5516 custodiam
1153 5451 1202 5506 pes
1224 5438 1314 5494 ‘’mniss
1332 5439 1367 5495 de
1390 5441 1461 5497 ⁰oe¹⁰
1475 5457 1574 5514 Ptssssm
1598 5443 1701 5511 titum,
1725 5459 1826 5517 corpus
1846 5447 1953 5504 Domini

676 5529 735 5585 Pei.
938 5527 944 5541 '
1154 5523 1456 5601 Salvatoris,incu1us
1484 5533 1578 5605 utique
1608 5531 1770 5594 tortitudine
1788 5535 1843 5593 cibi
1863 5536 1954 5593 omnis

344 5621 371 5676 i.
394 5620 499 5676 Domus
521 5619 589 5685 haec,
606 5617 712 5688 iratres,
728 5615 822 5672 aeterni
845 5613 928 5690 Regis
952 5623 994 5671 est
1017 5615 1098 5688 oppi—
1154 5613 1275 5670 adversae
1288 5617 1370 5688 partis
1383 5618 1509 5690 dejicitur
1522 5619 1666 5682 tortitudo.
