4150 6348
243 371 296 432 527

715 357 744 418 s.
761 352 933 418 aramum
951 349 1088 414 xanxuts
1106 331 1423 415 'cmruvaxuuvsrs

1829 351 1884 413 528

240 497 308 572 ipsis
325 491 463 551 hominum
488 487 605 560 prelatis
622 483 779 541 bominibus
801 483 952 555 angelicam
965 494 1036 553 quo·
1053 495 1077 574 p
1094 479 1175 548 liujus
1189 478 1322 536 sermonis
1336 477 1470 552 principio
1487 479 1685 537 reservavimus
1700 495 1806 548 vocem,
1818 481 1885 539 duru

188 637 193 643 .
241 601 295 657 que
310 579 458 639 custodiam
479 573 652 649 superponis,
676 581 753 630 utet
775 587 869 630 muros
883 570 1037 635 defensent,

241 683 268 728 et
282 685 329 728 eos
343 667 389 740 qui
402 679 540 723 murorum
560 662 665 719 ambitu
679 661 861 719 eontinentur.
881 661 932 726 lta,
950 660 1037 720 Pater,

239 758 365 833 qnoniam
383 755 424 811 sic
446 763 487 810 est
505 752 632 826 placitum
657 758 718 807 ante
739 757 775 818 te,
791 748 831 803 sic
854 744 1038 802 necessarium

240 846 329 904 nobis.
354 843 524 902 lusulliciens
554 842 628 898 enirn
647 847 688 896 est
716 837 910 894 administratio
934 841 1036 900 nostra,

239 935 292 994 nisi
305 945 332 992 et
348 935 491 991 nobiscum
509 941 535 988 et
549 946 599 1004 pro
619 928 701 985 nobis
713 923 959 983 administratorios
978 922 1039 978 illos

239 1025 351 1099 spiritus
370 1024 397 1078 in
412 1020 590 1077 ministerium
620 1017 722 1088 mittas,
744 1025 774 1072 ut
786 1013 968 1070 hereditatem
990 1027 1036 1066 oa·

238 1115 343 1186 plamus
375 1111 480 1168 salutis.
505 1107 577 1178 Quid
600 1105 715 1163 enimsi
739 1122 794 1163 uon
816 1103 938 1160 videmus
959 1101 1038 1157 obse-

238 1203 343 1274 quium,
360 1216 422 1258 cum
439 1197 609 1271 experiemur
624 1193 754 1251 auxilium
772 1196 786 1250 ι
802 1193 867 1265 quid
882 1193 904 1247 si
915 1207 971 1248 non
986 1205 1039 1246 me-

238 1307 330 1347 remur
352 1297 500 1361 aspectum,
526 1302 586 1342 cum
610 1285 758 1341 sentiamus
777 1281 927 1339 ellectum?
950 1279 1038 1335 Disci-

238 1397 299 1437 mus
331 1389 403 1435 certe
433 1377 476 1433 vol
503 1391 537 1431 cx
559 1377 613 1432 hoo
635 1375 695 1446 ipso
717 1371 861 1431 invisibilia
883 1369 1037 1428 visibilibus

239 1469 417 1540 praeferenda.
433 1463 499 1534 Quae
523 1465 595 1521 enirn
613 1463 747 1534 videntur,
775 1459 937 1534 temporalia
957 1465 1034 1530 suut;

237 1573 298 1629 quae
319 1563 409 1612 autem
432 1569 488 1611 non
511 1553 647 1620 videntur,
672 1560 773 1608 aeterna
787 1552 826 1622 (ll
845 1551 906 1608 Cor.
923 1565 963 1616 tv,
980 1549 1035 1618 l8).

1093 585 1278 640 quaereremus
1293 575 1411 639 sanctos,
1431 583 1546 641 quorum
1567 569 1748 627 sanctimonie
1766 585 1885 645 congra-

1092 656 1206 714 tulamur
1226 656 1369 714 devotione
1385 655 1508 713 solemni.
1525 658 1598 714 licet
1612 657 1684 714 enlm
1699 659 1816 731 parietes
1835 657 1886 716 bos

1091 753 1119 802 et
1136 746 1190 804 dici
1213 753 1321 802 sanctos
1335 752 1362 802 et
1382 761 1442 802 osse
1457 745 1535 802 faciat
1555 745 1719 803 consecratio
1740 749 1886 820 episcopo-

1093 851 1161 902 rum,
1189 835 1368 906 frequentatio
1397 835 1604 906 Scripturarum,
1634 836 1761 893 instantia
1782 839 1897 894 oratio-·

1092 940 1168 995 nvvm,
1187 923 1306 994 reliquie
1320 933 1484 993 sanctorum,
1505 923 1622 982 visitatio
1637 926 1806 999 angelorum,
1831 925 1886 982 mi-

1093 1013 1165 1068 nime
1191 1023 1278 1068 tamen
1299 1027 1393 1068 eorum
1414 1015 1544 1070 sanctitas
1567 1026 1678 1086 propter
1699 1031 1729 1071 se
1751 1015 1885 1073 credenda

1092 1115 1134 1158 cst
1149 1101 1286 1168 honorari,
1303 1119 1370 1174 quos
1383 1117 1434 1158 nec
1446 1110 1558 1173 propter
1572 1119 1601 1158 se
1614 1111 1718 1160 certum
1732 1114 1775 1161 est
1788 1106 1886 1162 macti-

1092 1190 1175 1246 fieari.
1190 1191 1318 1261 Quinimo
1334 1201 1426 1248 sancta
1447 1199 1508 1247 suut
1527 1201 1636 1264 propter
1650 1209 1765 1266 corpora
1778 1194 1885 1267 domus,

1092 1295 1207 1350 corpora
1230 1288 1341 1352 propter
1362 1279 1474 1346 animas,
1499 1281 1598 1336 animae
1622 1291 1732 1353 propter
1755 1282 1885 1354 Spiritum

1091 1368 1295 1424 inhabitantem.
1317 1369 1411 1442 Neque
1434 1368 1498 1427 hinc
1521 1369 1622 1425 dubitet
1641 1371 1712 1442 quis,
1732 1385 1795 1427 cum
1814 1372 1885 1430 invi·

1091 1457 1176 1514 sibilis
1190 1459 1250 1530 ejus
1264 1460 1357 1530 gratiae
1371 1457 1476 1518 visibile
1494 1459 1574 1514 nobis
1597 1461 1705 1533 signnm
1726 1460 1813 1517 stetin
1835 1463 1887 1518 bo-

1091 1563 1165 1605 num.
1192 1547 1260 1604 Dico
1279 1555 1369 1604 autem
1390 1547 1418 1604 in
1441 1563 1473 1603 eo
1495 1547 1568 1619 quod
1585 1557 1614 1603 et
1634 1547 1687 1620 ipsi
1708 1549 1791 1605 instar
1814 1549 1887 1606 illins

238 1645 364 1719 Denique
387 1644 415 1700 iu
436 1641 621 1698 invisibilibus
644 1640 791 1697 visibilium
805 1654 888 1696 causa
902 1636 1035 1705 conderis,
1092 1633 1244 1709 evangelici
1269 1635 1404 1708 paralytici
1424 1635 1550 1710 surgitls3
1570 1637 1643 1707 quod
1661 1652 1820 1709 corporeum
1834 1639 1887 1695 boc

236 1741 277 1800 ut,
290 1733 439 1790 secuudum
453 1729 624 1803 Apostolum,
641 1729 798 1785 luorsrbrlvu
812 1729 861 1786 brt
868 1743 920 1800 per
934 1741 967 1781 co
977 1741 1038 1798 quae
1092 1726 1243 1798 grabatum,
1260 1726 1355 1799 inquo
1368 1726 1499 1796 jacebatis
1513 1725 1646 1800 languidi,
1669 1735 1722 1782 tam
1737 1727 1813 1784 facile
1832 1727 1886 1786 tol-

237 1814 1038 1896 soctuauntocreulorooisibillr'rsteilecfuconspiciuntur
1055 1779 1076 1856 Β
1093 1814 1161 1883 litis,·
1181 1815 1255 1886 quod
1278 1814 1396 1888 deniquo
1420 1812 1563 1872 avrrbulatis
1581 1814 1609 1870 in
1631 1816 1740 1872 domum
1759 1825 1885 1886 vestram,

237 1915 316 1970 Nom.
332 1928 352 1978 ι,
368 1909 424 1984 20).
450 1909 495 1965 Sic
520 1907 646 1964 nimirum
672 1907 783 1962 Judaeos
795 1903 869 1970 olim,
893 1904 928 1959 de
942 1899 1038 1960 invisi·
1092 1900 1164 1958 illam
1188 1918 1253 1958 sane
1267 1902 1377 1959 domum
1399 1903 1433 1958 de
1456 1917 1510 1974 qua
1524 1903 1662 1973 laetamini,
1683 1903 1802 1963 diceutes
1824 1921 1886 1964 cum

237 2000 287 2058 bili
310 1993 668 2072 peccaturumiodulgcutia
691 1997 814 2049 sanctum
839 1990 889 2046 Dei
905 1990 1038 2062 blasphe-
1094 1993 1412 2064 Propbeta2b2domum
1424 1993 1537 2050 Domini
1547 1993 1651 2051 ibimus
1662 1994 1748 2062 (Ptol.
1761 1996 1885 2067 cxxxi).

236 2097 355 2156 mantes,
371 2086 493 2143 sanitatis
506 2097 645 2155 corporcae
664 2087 743 2156 signo
760 2079 860 2136 visibili
876 2077 1037 2138 conlutavit:
1093 2080 1117 2137 0
1144 2080 1312 2136 admirabilis
1336 2081 1442 2150 domus,
1467 2089 1495 2138 et
1517 2079 1622 2139 dilectis
1650 2081 1837 2152 tabernaculis,
1861 2093 1889 2140 et

240 2181 272 2238 tu
286 2178 383 2235 sciolis
398 2178 465 2248 quio
478 2174 569 2230 Filius
588 2171 710 2228 bominis
728 2172 898 2244 potestatem
916 2167 998 2224 babet
1008 2169 1039 2223 iu
1093 2171 1169 2226 atriis
1188 2168 1445 2243 concupiscibilibus
1469 2168 1652 2240 praeferenda!
1677 2171 1766 2240 Quom
1784 2171 1888 2228 dilecta

238 2281 315 2324 terro
335 2262 499 2322 dimittendi
516 2265 644 2336 peccato,
667 2257 748 2331 (tunc
767 2260 809 2314 uit
835 2257 1010 2330 paralytico)
1030 2273 1037 2310 :
1095 2259 1277 2316 tobcmoculu
1289 2263 1348 2324 tuo,
1367 2259 1482 2315 Domine
1495 2258 1659 2316 uirtutum!
1673 2261 1846 2334 concupiscit
1860 2265 1890 2319 et

236 2358 335 2428 Surge,
349 2353 669 2426 tollegrobotumtuum,
682 2348 783 2405 etvudc
792 2350 823 2402 ira
833 2347 948 2406 domum
958 2351 1039 2402 tuom
1093 2347 1189 2417 deficit
1200 2349 1298 2405 amima
1307 2364 1371 2404 meo
1380 2349 1412 2401 ιιι
1418 2347 1494 2403 ciria
1504 2347 1734 2405 postraverunt
1740 2350 1823 2406 multo
1832 2367 1888 2406 ma·

235 2447 331 2514 (Nave.
346 2459 378 2513 rr,
396 2443 451 2513 lb).
1093 2434 1152 2504 gis:
1170 2433 1249 2488 Beati
1258 2431 1444 2504 quibobilorrt
1456 2431 1644 2500 indomotuu,
1657 2433 1788 2504 Doruioc;
1798 2435 1886 2490 irasce-

273 2537 300 2589 3.
317 2531 362 2589 Sic
375 2543 402 2586 et
415 2529 581 2586 Pharisaeum
592 2526 668 2584 illum
681 2533 894 2582 murmurantem
909 2525 1039 2582 adversus
1093 2523 1159 2579 culo
1169 2523 1337 2578 saeculorum
1352 2519 1507 2576 laudabunt
1525 2527 1551 2577 lc
1569 2521 1656 2590 (Psoi.
1675 2537 1788 2593 axxxrrt,
1805 2526 1831 2593 2,
1846 2526 1885 2594 b).

235 2623 368 2679 medicum
383 2621 431 2693 qul
446 2621 564 2675 salntem
589 2619 762 2689 operabatur,
787 2621 816 2672 et
834 2622 1038 2671 succensentem
1093 2609 1230 2681 Siquidem
1244 2608 1359 2683 gloriosa
1383 2608 1454 2665 dicta
1473 2615 1537 2663 sunt
1550 2609 1584 2664 de
1604 2621 1640 2683 te,
1665 2613 1759 2666 civitas
1778 2611 1839 2668 Dei.
1856 2611 1885 2667 ln

234 2711 446 2784 languidaeque
460 2709 624 2774 salvabatur,
640 2703 794 2760 manifestis
812 2703 905 2760 revicit
918 2702 1037 2770 indiciis,
1093 2699 1271 2755 tabernaculis
1286 2700 1358 2752 cuim
1378 2696 1496 2769 gemitus
1511 2706 1551 2752 est
1567 2701 1740 2769 poenitentlae,
1765 2699 1792 2755 in
1812 2703 1887 2758 atriis

235 2799 364 2870 obsequia
377 2797 500 2852 mulieris
518 2793 827 2852 enumerans-Errabat
843 2791 976 2863 siquidem
990 2795 1038 2861 qui
1092 2797 1190 2861 gustus
1213 2784 1325 2851 letitie,
1350 2787 1377 2841 iu
1397 2794 1424 2842 te
1447 2785 1557 2842 satietas
1576 2788 1679 2860 gloriar.
1701 2790 1766 2845 llaec
1779 2790 1887 2863 quidem

236 2897 363 2958 tanquam
385 2885 474 2940 adbuc
494 2882 674 2956 peccatricem
697 2879 833 2948 horrebat,
858 2895 919 2952 quae
938 2877 1035 2937 divinis
1092 2885 1134 2933 est
1155 2873 1260 2931 infirma
1282 2876 1381 2932 domus
1394 2873 1533 2944 orationis,
1553 2876 1641 2931 media
1665 2879 1885 2950 exspectationis,

235 2977 371 3032 inhaerens
388 2972 518 3047 vestigiis,
544 2970 648 3043 rigabat
672 2968 791 3039 fletibus,
815 2970 937 3042 tergebat
953 2967 1035 3023 crini·
1090 2973 1119 3018 tn
1138 2966 1286 3036 gratiarnm
1306 2962 1420 3020 actionis
1439 2969 1466 3019 et
1489 2963 1587 3024 landis.
1607 2963 1682 3021 Felix
1704 2966 1818 3038 proinde
1839 2967 1889 3039 qui

235 3065 297 3132 bus,
331 3060 424 3119 osculo
453 3060 602 3130 premebat,
632 3059 753 3132 ungebat
784 3068 934 3129 unguento.
968 3054 1071 3137 Quisss
1087 3053 1132 3111 bic
1146 3052 1319 3108 declinaverit
1339 3052 1448 3117 amalo,
1469 3051 1544 3122 quod
1565 3063 1606 3109 est
1629 3055 1719 3126 culpa,
1742 3063 1769 3110 et
1795 3054 1890 3112 fecerit

236 3152 308 3208 enim
335 3150 450 3206 crimina
470 3149 528 3219 jum
541 3147 641 3203 'deleta
664 3151 811 3215 recenseat,
836 3144 897 3218 quis
915 3143 1034 3215 tangenti
1088 3143 1207 3199 bonum:
1224 3149 1254 3196 ut
1275 3140 1358 3198 illica
1377 3139 1459 3212 malo,
1479 3138 1554 3211 quod
1575 3152 1616 3198 est
1639 3157 1729 3212 poena,
1744 3141 1888 3214 liberetur,

235 3243 401 3305 succenseat,
430 3235 491 3308 quis
519 3249 580 3292 eam
611 3233 786 3306 peccatricem
818 3238 935 3302 censeat,
961 3246 1033 3304 quae,
1089 3241 1116 3288 et
1130 3228 1159 3286 in
1173 3237 1199 3286 te
1214 3231 1454 3303 recipiatbonum.
1478 3230 1527 3287 llic
1541 3229 1671 3286 nimirum
1686 3231 1813 3304 primitie
1827 3233 1894 3305 spi·.

236 3325 459 3384 dumcommissa
476 3324 607 3394 deplorat,
632 3319 886 3394 oditiniquitatem;
913 3324 977 3376 dum
992 3335 1035 3376 os·
1089 3319 1167 3389 ritus,
1190 3317 1250 3376 illio
1273 3318 1384 3386 divitiae,
1409 3319 1481 3378 inte
1507 3319 1659 3391 plenitudo:
1685 3318 1729 3374 ubi
1751 3320 1825 3376 bona
1843 3320 1890 3379 illa

236 3415 340 3474 celatur
364 3413 447 3487 podes
469 3411 589 3480 bomini,
612 3409 702 3484 diligit
718 3405 869 3480 justitiam
884 3415 911 3464 et
926 3422 1036 3464 rursum
1089 3422 1225 3478 mensura,
1253 3408 1383 3475 conferta,
1412 3419 1439 3465 ct
1463 3407 1604 3482 coagitata,
1635 3416 1662 3464 et
1689 3407 1891 3481 supereffluens

236 3505 301 3561 dum
337 3504 419 3575 tergit
445 3501 575 3569 crinibus,
606 3499 716 3555 exhibet
741 3495 942 3566 humilitatem
971 3498 1035 3553 dum
1088 3498 1168 3554 detur
1192 3497 1219 3550 in
1244 3496 1320 3553 ainus
1343 3508 1461 3556 nostros.
1487 3499 1536 3554 llic
1559 3494 1676 3570 denique
1700 3495 1766 3553 liunt
1790 3497 1888 3563 sancti,

236 3593 314 3664 ungit
335 3601 483 3666 unguento,
499 3587 732 3645 mansuetudinem
755 3586 883 3660 praclcrt‘l
905 3585 1034 3658 Nunquid
1090 3585 1143 3644 illic
1156 3585 1252 3653 securi,
1274 3585 1303 3641 in
1321 3594 1347 3643 te
1365 3587 1447 3642 beati.
1468 3587 1516 3642 llae
1531 3585 1664 3660 siquidem
1683 3585 1810 3658 primitiae
1829 3586 1890 3658 spi·

237 3681 366 3753 possibile
380 3689 544 3750 estreguere
568 3682 711 3747 peccatum
724 3673 753 3728 in
768 3674 858 3730 auimo
878 3673 995 3730 contrito
1008 3680 1036 3729 et
1090 3675 1167 3744 ritus,
1191 3691 1252 3748 quse
1266 3675 1442 3734 militantibus
1465 3676 1574 3733 interim
1588 3687 1791 3749 praerogantur:
1819 3690 1887 3733 san-

238 3772 336 3839 spiritu
359 3767 559 3841 ingemiscenti,
582 3775 627 3821 ant
649 3778 703 3821 noa
724 3762 804 3818 multa
818 3763 935 3819 charitas
948 3763 1036 3834 operit
1089 3765 1166 3822 ctitas
1188 3765 1216 3820 iu
1231 3769 1446 3837 conversatione,
1464 3767 1553 3837 pietas
1571 3766 1598 3821 iu
1620 3765 1781 3838 intentione,
1803 3766 1889 3824 virtus

240 3858 437 3916 multitudinem
454 3855 649 3929 peccatorum?
664 3853 787 3912 diruisse
798 3855 906 3910 sunici
917 3857 1036 3926 pescolo
1089 3855 1118 3910 in
1131 3856 1329 3912 colluctatione.
1353 3857 1383 3910 ln
1398 3857 1538 3912 sanctitate
1556 3856 1779 3924 conversationis,
1798 3855 1888 3927 poeui-

237 3947 485 4023 multo‚guorviorn
496 3943 1037 4015 dilexitmultum(l.uc.v11,38·i'l).lle·
1090 3944 1179 4002 teutiae
1195 3943 1298 4001 fructus
1318 3944 1450 4017 intellige,
1466 3953 1494 4000 et
1512 3943 1662 4018 corporalia
1675 3961 1792 4018 quasque
1815 3944 1888 4001 divi-

239 4037 289 4094 rito
312 4036 427 4109 proinde
449 4037 577 4107 jamnon
602 4034 739 4106 peccatrix
754 4032 832 4103 juxta
856 4039 938 4101 tuam,
965 4033 1035 4087 Pba·
1090 4049 1188 4091 norum
1216 4032 1345 4091 exercitia
1370 4036 1568 4092 mandatorum.
1594 4034 1628 4090 ιιι
1661 4035 1788 4106 quoniam
1816 4034 1887 4107 bec,

239 4127 325 4195 vises,
359 4125 529 4190 sententiam,
563 4122 611 4178 sed
641 4131 733 4178 sancta
768 4119 901 4191 discipula
936 4119 1036 4177 Christi
1091 4123 1143 4181 nisi
1162 4123 1274 4194 simplex
1296 4122 1377 4181 fuerit
1390 4123 1495 4194 oculus,
1510 4121 1643 4195 simplicia
1665 4137 1725 4181 esse
1747 4138 1801 4181 nou
1821 4140 1887 4195 pos·

241 4214 390 4286 vocabitur,
414 4230 430 4268 a
454 4229 509 4284 quo
538 4212 620 4268 etiam
641 4210 734 4267 didicit
761 4209 790 4264 in
810 4218 864 4266 tans
888 4209 963 4266 brevi
978 4224 1038 4264 esse
1092 4219 1165 4283 sunt,
1186 4211 1339 4268 necessario
1367 4213 1450 4284 pietas
1468 4211 1624 4272 intentionis
1646 4219 1674 4270 et
1695 4211 1800 4286 puritas
1826 4229 1888 4272 cor·

241 4305 315 4360 mitis
335 4312 364 4359 et
386 4301 497 4358 humilis
518 4301 606 4357 corde.
628 4299 759 4356 Nimirum
782 4299 833 4355 boc
855 4303 897 4355 est
919 4300 992 4370 quod
1010 4297 1037 4353 in
1054 4301 1134 4415 ndis
1149 4300 1276 4373 exigitur,
1291 4316 1326 4357 ue
1339 4302 1381 4358 vel
1396 4303 1507 4360 honoris
1520 4302 1646 4374 ambitus,
1660 4299 1704 4360 vel
1717 4301 1806 4359 laudis
1820 4303 1888 4359 sub·

242 4392 375 4466 propbeta
388 4389 489 4466 legisti,
506 4387 554 4445 sed
570 4386 684 4444 forsitan
708 4387 868 4459 neglexisti:
898 4389 974 4446 Verte
987 4390 1039 4444 iru-
1094 4395 1172 4462 repat
1186 4390 1334 4461 appetitus:
1350 4391 1397 4447 sed
1419 4393 1494 4449 solus
1508 4391 1552 4448 ille
1572 4391 1741 4449 desideretur
1754 4392 1801 4464 qul
1815 4394 1891 4450 solus

242 4483 312 4556 pios,
327 4484 355 4538 ct
364 4496 423 4538 nors
435 4485 518 4537 crum
531 4478 624 4547 (Proo.
645 4491 696 4544 ιιιι,
709 4475 748 4548 7).
757 4474 812 4544 Sic,
827 4475 989 4542 charissimi,
1000 4475 1039 4533 sic
1093 4477 1257 4536 desiderium
1286 4479 1382 4552 replet,
1410 4485 1437 4537 et
1463 4481 1496 4536 ad
1521 4480 1622 4554 proprii
1650 4480 1732 4538 fontis
1754 4481 1891 4555 originem

243 4579 271 4627 et
289 4568 416 4641 antiquus
435 4568 480 4624 illo
498 4579 639 4623 accusator
657 4564 778 4632 fratrum,
797 4565 829 4634 si,
850 4564 993 4637 inquibus
1014 4574 1041 4622 et
1094 4567 1281 4640 amnisquam
1303 4569 1458 4642 accepimns
1485 4569 1570 4643 gratia
1589 4578 1750 4630 revertatur.
1770 4571 1891 4628 bieman-

243 4671 294 4714 vos
315 4654 486 4722 erubescitis,
512 4651 647 4724 praeterita
671 4661 780 4724 peccata
814 4661 900 4710 vestra
927 4650 1038 4710 1⁰⁷²
1097 4667 1124 4714 to
1148 4666 1235 4714 umen
1257 4657 1342 4715 solam
1365 4673 1397 4714 ex
1418 4658 1542 4714 omnibus
1560 4659 1786 4729 perseverantiam
1809 4675 1891 4718 coro·

244 4745 321 4804 vobis
335 4744 511 4818 improperet,
526 4741 686 4814 Apostolum
701 4741 789 4798 andita
804 4741 949 4814 magnifice
972 4757 1041 4798 con-
1096 4747 1164 4816 nari,
1180 4762 1232 4803 nec
1247 4761 1306 4802 eam
1321 4745 1399 4802 lacile
1410 4761 1492 4818 posse
1511 4747 1581 4804 inter
1597 4756 1639 4805 tot
1652 4748 1809 4806 discrimina
1826 4748 1891 4807 vin·

244 4834 375 4892 sobntem
387 4847 448 4899 vos,
463 4840 490 4888 et
502 4832 650 4888 dicentem:
666 4833 730 4888 llaec
745 4830 857 4904 quidem
872 4832 980 4902 fuistis,
995 4831 1042 4889 scd
1095 4834 1190 4906 dicari,
1218 4835 1268 4892 nisi
1287 4835 1464 4908 multiplicent
1486 4837 1611 4894 obtineas
1628 4837 1657 4893 in
1676 4846 1730 4894 tam
1752 4837 1893 4911 multiplici

246 4923 339 4981 minti
353 4922 430 4994 estis,
446 4921 683 4991 sed‘suuctificutv'
696 4923 764 4978 estis
775 4921 799 4991 (l
815 4919 1043 4992 uor.v1‚tt);et
1095 4924 1287 4981 colluctab'one
1301 4922 1438 4983 virtutem.
1449 4927 1511 4983 llaec
1523 4925 1551 4981 iu
1566 4926 1756 4984 tabernaculis.

244 5009 449 5070 illudzllubctis
457 5009 794 5081 neruoqur'demfructum
806 5011 1044 5066 amiterninuas·
1132 5013 1160 5067 u.
1181 5013 1268 5068 Porro
1285 5011 1315 5067 in
1336 5012 1422 5080 atriis,
1441 5029 1502 5085 quae
1521 5024 1582 5086 post
1600 5013 1729 5071 molestos
1750 5013 1894 5073 conflictus

245 5101 461 5171 suificationem,
475 5099 561 5168 finem
574 5099 737 5156 veroor'tom
750 5102 888 5154 eternam
902 5099 1041 5166 (ftomvr,
1097 5115 1203 5156 amoena
1236 5100 1401 5170 iucunditate
1427 5100 1560 5158 fovendos
1592 5101 1729 5173 excipiunt
1760 5112 1893 5161 exeuntes

246 5192 310 5263 ιι);
327 5200 354 5245 et
368 5187 534 5244 manifestius
548 5187 703 5261 exprimens
722 5203 730 5242 ι
750 5186 894 5258 ternplum
917 5187 978 5252 Dei,
994 5187 1043 5255 ait,
1097 5189 1163 5262 (80),
1183 5190 1239 5261 jam
1264 5189 1363 5246 divitiae
1377 5188 1487 5262 spiritus
1508 5197 1664 5262 erogantur,
1689 5190 1799 5264 requies
1818 5205 1836 5248 a
1854 5191 1894 5248 la·

242 5284 374 5340 sonetum
388 5285 440 5346 cst,
457 5277 529 5353 quod
543 5278 609 5336 estis
624 5293 671 5335 uos
687 5276 714 5347 (l
727 5277 786 5334 Cor.
805 5289 845 5345 ru,
862 5275 919 5347 tt).
1098 5278 1219 5349 boribus,
1238 5277 1368 5334 securitas
1390 5295 1404 5334 a
1424 5277 1662 5351 sollicitudinibus,
1684 5295 1736 5352 pax
1757 5280 1792 5336 ab
1809 5280 1895 5340 bosti-

281 5373 308 5426 ι.
324 5370 458 5426 Nimirum
473 5369 531 5440 ipse
547 5376 598 5438 est,
615 5369 694 5439 cujus
713 5365 870 5422 reverentiae
889 5364 1003 5437 primam
1016 5365 1044 5421 in
1097 5366 1159 5424 bus.
1175 5367 1236 5438 lpse
1250 5367 1322 5424 enim
1336 5367 1434 5424 amodo
1445 5365 1582 5439 jamdicit
1595 5367 1713 5440 Spiritus
1729 5379 1757 5426 ut
1770 5369 1894 5442 requies-

281 5495 336 5580 (ιιι.)
351 5496 390 5550 ba
404 5481 555 5576 atriis‘quae
569 5493 819 5577 animosiustorum
834 5501 1045 5550 nuncexeuntes
1097 5508 1205 5550 monem
1231 5495 1248 5550 2
1280 5469 1313 5548 de
1340 5491 1474 5550 Omnibus
1497 5493 1608 5550 sanctis.
1636 5492 1704 5551 vida
1731 5493 1841 5552 Cornel.
1867 5493 1894 5550 in

243 5575 391 5636 excipiunt,
407 5579 494 5648 narnus
508 5567 675 5622 commodam
690 5563 797 5644 videtur
810 5563 909 5646 babere
930 5573 1044 5620 senten·
1097 5567 1183 5646 apoc.
1198 5580 1238 5636 vr,
1254 5566 1286 5635 93
1302 5565 1457 5646 ibidemque
1477 5565 1621 5631 Pererium,
1635 5564 1738 5636 disput.
1756 5565 1894 5634 Balissus..

242 5637 317 5694 tium.
336 5635 391 5693 Sed
403 5639 443 5694 de
456 5638 507 5693 bre
522 5652 552 5693 ra
565 5636 646 5708 paulo
659 5642 721 5692 ante
739 5643 804 5692 saus
817 5647 924 5705 egimus
937 5636 972 5692 ad
986 5651 1045 5693 ser·
1097 5635 1145 5691 lib.
1163 5651 1173 5692 ι
1187 5635 1229 5693 De
1241 5637 1409 5695 beautudrne
1423 5645 1588 5706 amoturum,
1602 5650 1663 5708 cup.
1679 5639 1707 5694 ³.
