3996 6350
259 325 296 386 83
729 324 758 384 S.
778 320 947 384 stultitia
965 318 1104 382 tthalts
1122 324 1438 389 amhn-thunitiam
1887 332 1919 389 at

264 452 642 526 Quiamctttimpoasibile
658 451 736 525 apud
744 455 835 514 Reum
847 449 1055 516 omoefactnmt
1073 452 1303 543 pathidamete
1330 454 1418 511 eaelo:
1442 455 1467 512 0
1486 453 1599 526 pulchra
1619 454 1860 522 intermulieres,
1882 455 1921 512 fae
1944 525 1945 532 ἵ

263 543 324 613 ted,
339 541 555 600 omneucrhom.
569 543 611 598 Διι
625 541 727 598 idcirco
737 543 827 614 posnit
840 541 965 610 anunm,
990 540 1056 613 quia
1113 559 1158 601 me
1171 544 1267 601 audire
1281 558 1377 601 vocem
1388 550 1471 600 tuam.
1487 544 1516 601 Si
1526 560 1593 620 ergo
1607 551 1636 600 tn
1646 561 1708 601 eum
1722 544 1810 602 iacias
1823 545 1921 601 audire

265 628 451 706 quamfecde
472 638 587 702 possunt
610 631 735 689 homines
761 632 835 704 loqui
862 631 935 706 quod
953 629 1057 701 volunt,
1112 641 1300 698 vocemtuam,
1316 633 1375 705 ipse
1394 641 1421 690 te
1436 633 1516 691 faciet
1538 634 1631 691 videre
1650 635 1764 691 salutem
1780 641 1918 692 nostram
1946 675 1947 678 ,

264 721 346 777 eliam
359 719 433 792 qnod
448 720 603 778 nullatcnus
623 721 715 778 facere
735 726 870 793 possunt;
896 731 949 778 ιιιιι
969 721 1059 789 facile,
1112 722 1242 796 Nunqnid
1258 738 1313 779 non
1323 723 1424 779 hocest
1437 723 1510 794 qnod
1525 724 1757 796 quaerebas,qn0d
1771 723 1918 796 gemebas,
1947 757 1948 782 ι

263 810 318 868 imo
333 809 584 882 incomparabiliter
598 810 703 868 facilius
716 810 788 867 ualet
802 812 876 866 Deus
898 825 983 881 opere
1005 810 1061 866 im·
1115 813 1188 885 quod
1203 813 1299 870 dicbus
1322 822 1349 869 et
1368 813 1494 869 noctibus
1517 813 1621 870 orando
1639 811 1830 886 suspirabas?
1852 812 1920 883 Quid
1948 832 1949 886 ι

264 899 355 972 plere,
370 899 504 974 quidquid
518 899 556 955 illi
566 901 651 958 verbo
665 899 757 957 ualent
771 896 948 971 exprimere?
967 899 1060 955 Dicam
1116 902 1223 974 igitnrf
1238 909 1267 958 tu
1281 919 1312 960 es
1329 904 1372 959 oui
1395 903 1447 959 hoo
1462 902 1626 975 promissum
1640 910 1692 972 est,
1714 919 1750 959 an
1764 903 1864 959 aliam'
1877 919 1920 958 ex·

266 989 398 1061 apertius.
411 989 440 1046 si
459 989 613 1048 hominibus
627 997 682 1046 tam
696 990 775 1046 facile
790 997 863 1046 esset
880 987 1063 1060 facerequam
1117 989 1295 1064 spectamus?
1308 993 1365 1048 lmo
1380 998 1409 1047 tu
1428 991 1499 1064 ipsa,
1513 1008 1568 1048 non
1587 992 1648 1050 aha.
1665 992 1714 1059 Tu,
1730 991 1866 1066 inquam,
1882 991 1921 1046 illa

268 1079 361 1138 dicere
374 1080 611 1154 quodvolunt3et
629 1080 696 1152 ipsis
709 1096 819 1155 quoque
840 1096 895 1136 non
921 1088 995 1137 esset
1009 1079 1063 1134 im-
1117 1080 1262 1154 promissa,
1285 1080 1331 1136 illa
1351 1087 1517 1149 exspectata,
1544 1080 1589 1136 illa
1613 1080 1780 1148 desiderata,
1809 1097 1847 1136 ex
1873 1098 1921 1152 qna

267 1169 397 1242 possibile
410 1171 622 1228 omneuerbnm.
636 1172 715 1228 Nunc
742 1181 832 1226 autem
855 1169 982 1242 quoniam
1007 1169 1068 1227 tul·
1117 1177 1227 1226 sanctus
1241 1178 1321 1242 pater
1334 1177 1396 1226 tuns
1408 1170 1492 1226 Jacob
1514 1170 1572 1241 J'am
1597 1170 1676 1227 morti
1695 1169 1922 1243 appropinquans

271 1261 344 1336 garis
364 1266 393 1314 et
419 1269 497 1316 uetus
520 1274 611 1314 sermo
630 1265 681 1324 est,
706 1259 818 1314 multum
841 1259 975 1317 interesse
992 1261 1066 1318 inter
1117 1260 1200 1317 uitam
1213 1261 1342 1331 sperabat
1355 1267 1493 1330 aeternam,
1511 1277 1572 1317 cum
1595 1260 1721 1317 dicebat:
1745 1261 1922 1334 Exspectata

270 1347 344 1421 loqui
363 1356 391 1405 et
404 1347 503 1416 faeere,
515 1347 564 1402 sed
578 1346 649 1416 apud
660 1347 794 1414 homines,
805 1363 860 1404 non
871 1349 943 1420 apud
958 1350 1063 1408 Deum:
1119 1351 1247 1409 solutore
1263 1354 1354 1420 tuom,
1370 1351 1486 1406 Domine
1501 1349 1721 1422 (Consumit).
1732 1349 1765 1404 ln
1779 1365 1839 1420 qna
1851 1349 1913 1404 deni

271 1437 321 1493 soli
336 1437 394 1493 Deo
407 1435 471 1507 quia
483 1434 604 1491 idemest
617 1433 791 1508 facerequod
808 1436 895 1508 loqtn,
909 1437 1066 1510 idemloqui
1121 1456 1185 1511 que,
1201 1445 1229 1494 et
1242 1453 1293 1509 per
1307 1452 1386 1510 quam
1402 1438 1475 1493 Deus
1493 1438 1553 1508 ipse
1568 1453 1616 1494 rex
1630 1447 1725 1495 noster
1739 1446 1806 1494 ante
1824 1437 1923 1493 saecula

271 1524 342 1597 quod
357 1523 444 1592 aelle,
461 1523 558 1580 mento
572 1539 627 1580 non
641 1525 694 1581 erit
708 1525 867 1597 impossible
890 1527 963 1596 apud
981 1527 1067 1584 Reum
1121 1526 1255 1599 disposuit
1267 1525 1375 1597 operari
1389 1526 1504 1582 salutern
1516 1525 1544 1582 in
1567 1527 1658 1582 medio
1675 1534 1767 1584 terrae.
1788 1525 1868 1596 Quid
1892 1526 1922 1580 ab

270 1629 350 1670 omne
365 1612 491 1670 verbnm.
510 1613 593 1669 Verbi
603 1613 693 1686 gratia
704 1629 710 1669 ι
722 1615 1030 1687 potueruntpraeuidere
1040 1626 1068 1676 et
1122 1615 1175 1672 alia
1189 1631 1295 1686 speras,
1310 1614 1384 1687 qnod
1403 1615 1452 1670 tihi
1467 1613 1601 1672 offerturi
1623 1615 1687 1690 quid
1702 1631 1752 1687 per
1771 1615 1859 1672 aliam
1875 1631 1921 1669 ex-

270 1702 420 1775 praedicera
434 1702 578 1774 prophetae
590 1703 729 1777 Virginem
737 1702 909 1761 velsterilem
923 1713 1067 1779 conceptu·
1123 1713 1241 1778 spectas,
1267 1704 1340 1778 quod
1363 1721 1413 1776 per
1434 1711 1462 1760 te
1496 1719 1558 1760 mox
1583 1703 1736 1772 exhibetur,
1770 1703 1923 1760 dummodo

272 1808 330 1848 ram
358 1807 389 1848 ac
407 1791 558 1864 parituram
584 1792 656 1862 3sad
671 1791 794 1865 nunquid
808 1792 899 1851 facero
926 1803 957 1851 nt
974 1795 1068 1853 conci-
1086 1775 1248 1866 Rpraeueas
1263 1809 1418 1865 assensum,
1436 1793 1605 1868 respondeas
1619 1794 1755 1850 verbnm?
1771 1793 1924 1865 Responde

270 1890 351 1955 peret
364 1889 392 1938 et
405 1883 539 1953 pareret?
554 1883 628 1938 Deus
641 1888 743 1951 antem,
769 1881 816 1954 qni
838 1881 916 1941 dedit
933 1885 974 1942 eis
991 1901 1071 1957 posse
1124 1883 1216 1956 itaque
1244 1883 1323 1939 citius
1357 1881 1466 1954 angelo,
1490 1882 1545 1938 imo
1568 1897 1618 1954 per
1637 1881 1765 1954 angelum
1796 1881 1924 1938 Domino.

271 1971 435 2044 previdere,
450 1985 531 2043 qnam
546 1970 625 2028 facile
638 1971 724 2042 potuit
739 1980 803 2029 tunc
816 1974 890 2045 qnod
905 1973 999 2042 voluit,
1024 1992 1073 2047 per
1124 1971 1269 2046 Responde
1278 1972 1404 2043 uerbum,
1415 1977 1444 2028 et
1458 1970 1566 2044 suscipe
1576 1971 1695 2028 Verbum
1709 1991 1716 2026 :
1732 1969 1830 2044 profer
1842 1977 1926 2034 tuunr,

273 2059 501 2132 illospraedioare,
519 2067 573 2116 tam
589 2060 669 2119 facile
691 2061 779 2132 potnit
802 2077 876 2120 nunc
895 2065 1005 2136 qnando
1025 2079 1073 2122 vo·
1126 2070 1154 2117 at
1173 2060 1286 2133 concipe
1301 2059 1437 2118 divinum:
1458 2059 1552 2117 emitte
1567 2059 1760 2128 transitorium,
1777 2067 1807 2115 et
1821 2059 1926 2130 ample·

273 2147 334 2216 luit,
348 2165 399 2222 per
414 2165 444 2206 se
458 2149 547 2223 ipsum
560 2150 634 2223 quod
649 2150 775 2222 promisit
793 2151 917 2223 implere.
933 2150 1074 2227 Siquidem
1127 2157 1203 2208 ctera
1226 2149 1433 2220 sempiternum.
1459 2147 1529 2217 Quid
1557 2147 1674 2206 tardas?
1691 2148 1758 2221 quid
1781 2147 1928 2221 trepidas?

275 2239 348 2312 apud
361 2239 449 2298 Deum
463 2254 515 2296 uae
527 2239 642 2297 verbum
656 2239 771 2297 dissidet
786 2241 821 2296 ab
836 2241 1000 2312 intentione,
1011 2244 1076 2316 qnia
1129 2238 1228 2306 Crede,
1244 2235 1426 2304 eonfitere,et
1439 2237 1555 2311 suscipe.
1571 2238 1665 2294 Sumat
1683 2237 1825 2294 humilitas
1840 2237 1928 2291 anda·
1966 2265 1967 2326 ι

278 2329 378 2385 ueritas
391 2336 442 2398 cst3
458 2343 509 2386 neo
523 2327 625 2386 factum
638 2343 655 2384 a
668 2331 764 2400 verbo,
780 2329 1010 2402 quiavirtusest;
1025 2347 1076 2388 nec
1129 2327 1209 2384 ciam.
1238 2325 1404 2383 verecundia
1435 2323 1571 2387 fiduciam.
1609 2327 1769 2382 Nullatenus
1796 2326 1928 2382 convenit
1967 2345 1968 2408 l

277 2419 410 2484 modusa
431 2419 512 2488 facto,
533 2417 598 2492 qutia
622 2419 757 2491 sapientia
775 2426 829 2479 est:
847 2435 878 2474 ac
888 2435 938 2490 per
947 2420 999 2477 hoc
1022 2436 1078 2478 non
1131 2431 1203 2472 nuno
1220 2422 1251 2470 ut
1264 2415 1404 2486 virginalis
1426 2415 1584 2486 simplicitas
1612 2415 1784 2472 obliviscatur
1808 2413 1928 2487 pruden·
1968 2426 1969 2480 ι

278 2509 330 2565 orit
343 2507 508 2580 impossibile
523 2509 596 2579 apud
608 2509 696 2565 Reum
709 2510 921 2569 omneaerbum.
1133 2505 1209 2561 tiam.
1224 2507 1254 2561 ln
1265 2506 1315 2561 hac
1329 2505 1386 2562 sola
1400 2521 1430 2561 re
1445 2522 1480 2562 ne
1495 2505 1600 2571 timeas,
1611 2505 1732 2577 prudens
1747 2505 1844 2577 Virgo,
1862 2519 1930 2576 pra·
1969 2506 1970 2560 l

317 2601 344 2653 8.
359 2596 475 2662 audisti,
498 2597 591 2672 Virgo,
621 2598 740 2668 factum;
762 2598 862 2655 audisti
890 2606 918 2654 et
944 2598 1076 2657 modum:
1131 2595 1331 2666 sumptionem:
1347 2595 1420 2667 quia,
1437 2595 1487 2651 etsi
1497 2602 1575 2667 grata
1589 2596 1616 2650 in
1630 2593 1738 2650 silentio
1752 2594 1928 2655 verecundia,
1970 2586 1971 2644 l

279 2694 426 2759 utrumqne
441 2687 549 2755 mirum,
564 2694 711 2760 utrumque
733 2687 893 2758 jucundum.
912 2688 1079 2755 Jucnndare,
1132 2684 1218 2756 magis
1229 2691 1319 2739 tamen
1334 2682 1446 2739 nuncin
1460 2683 1544 2739 verbo
1558 2683 1645 2755 pietas
1660 2683 1827 2739 necessaria.
1838 2683 1930 2754 Aperi,

279 2773 334 2832 filia
353 2775 437 2846 Sion;
458 2783 486 2833 et
504 2777 608 2834 exsulta
626 2777 702 2845 satis,
732 2775 787 2831 lilia
815 2776 964 2833 Jerusalem
985 2779 1078 2847 (loch.
1132 2772 1216 2847 Virgo
1243 2772 1334 2837 beata,
1358 2786 1406 2827 cor
1424 2769 1498 2836 fidei,
1530 2769 1602 2826 labia
1629 2769 1804 2836 confessioni,
1827 2771 1932 2826 viscera
1973 2824 1974 2860 ,

282 2880 323 2935 tx,
334 2863 373 2938 9).
389 2865 425 2920 Et
439 2865 567 2937 quoniam
576 2865 681 2922 auditui
695 2875 742 2923 tuo
750 2867 842 2921 datam
858 2871 900 2922 est
914 2865 1042 2940 gandium
1053 2873 1082 2922 et
1135 2860 1266 2917 Creatori.
1295 2859 1365 2915 Ecce
1389 2859 1560 2915 desideratus
1586 2859 1693 2915 cunetis
1715 2857 1845 2931 gentihus
1871 2856 1933 2912 foris
1973 2865 1975 2944 ',

281 2953 385 3022 laetitia,
395 2953 538 3013 audiamus
553 2961 582 3012 et
591 2971 641 3014 nos
655 2972 671 3011 a
683 2959 711 3012 te
721 2968 882 3028 responsum
896 2953 998 3011 laetitiae
1007 2955 1081 3028 qnod
1136 2950 1226 3021 pulsat
1240 2948 1275 3004 ad
1290 2947 1400 3005 ostium.
1415 2947 1440 3005 0
1453 2948 1476 3004 si
1501 2956 1528 3004 te
1551 2957 1673 3004 morante
1692 2946 1896 3020 pertransierit,
1911 2954 1936 3000 et
1975 2984 1976 3008 ι

284 3043 481 3111 desideramus,
495 3052 528 3101 nt
557 3046 614 3117 jam
630 3044 769 3102 exsultent
784 3059 845 3100 ossa
859 3043 1009 3100 humiliata.
1024 3047 1081 3102 Λιι-
1098 3078 1122 3157 c
1138 3055 1234 3095 rursus
1247 3035 1363 3110 incipias
1377 3037 1475 3094 dolens
1488 3053 1611 3110 quaerere
1634 3054 1715 3111 quem
1739 3035 1828 3108 diligit
1848 3033 1936 3090 anima
1976 3064 1977 3127 ι

284 3132 356 3202 disti,
384 3134 505 3206 inquam,
533 3133 644 3202 factum,
668 3142 695 3191 et
715 3132 876 3192 credidisti:
896 3135 978 3192 crede
1000 3142 1028 3190 et
1049 3135 1083 3191 do
1140 3129 1202 3186 tuat
1220 3129 1318 3203 Surge,
1335 3143 1424 3194 curre,
1453 3127 1540 3198 aperi.
1566 3129 1654 3202 Surge
1677 3143 1726 3200 per
1743 3124 1838 3192 fidem,
1858 3141 1938 3180 curre
1977 3142 1978 3196 ι

284 3222 369 3280 modo
384 3222 458 3296 quod
473 3223 584 3280 audisti.
595 3223 703 3282 Audisti
713 3225 777 3296 quia
787 3223 938 3296 concipies,
953 3230 981 3281 et
995 3222 1085 3296 paries
1140 3234 1191 3292 per
1205 3218 1391 3284 devotionem,
1406 3217 1483 3288 aperi
1498 3233 1548 3289 per
1561 3215 1763 3273 confessionem
1779 3215 1830 3286 (8).

285 3305 388 3366 filiurn:
417 3311 517 3367 audisti
540 3314 613 3385 quod
636 3327 692 3370 non
715 3329 766 3385 per
789 3311 937 3380 hominem,
963 3311 1013 3368 sed
1036 3327 1087 3383 per
1177 3313 1203 3366 9.
1215 3312 1293 3379 Eece,
1312 3305 1410 3379 inquit,
1421 3307 1528 3363 occido
1547 3307 1671 3378 Domini,
1686 3307 1738 3376 fiat
1751 3306 1825 3362 mihi
1841 3320 1939 3361 secan-

286 3396 413 3470 Spiritum
428 3409 564 3458 sanetum.
592 3403 739 3474 Exspectat
763 3403 877 3473 angelus
900 3416 1062 3474 responsum
1079 3419 1086 3456 ι
1142 3397 1209 3454 dom
1219 3395 1332 3454 anona
1347 3398 1441 3452 tuam.
1452 3395 1567 3465 Semper
1577 3394 1645 3450 solet
1659 3409 1722 3449 esse
1735 3392 1832 3464 gratiae
1842 3391 1940 3446 divine

288 3497 396 3561 tempus
411 3498 454 3546 est
468 3490 541 3547 enim
554 3498 585 3548 ut
609 3501 763 3550 revertatur
785 3492 819 3548 ad
842 3494 929 3550 Deum
952 3492 998 3565 qui
1016 3491 1089 3548 misit
1142 3485 1281 3542 familiaris
1294 3484 1380 3541 uirtus
1394 3481 1541 3539 humilitas.
1559 3483 1633 3538 Deus
1652 3482 1724 3538 enim
1746 3480 1876 3550 superbis
1900 3495 1940 3533 re·

288 3580 374 3635 illum.
390 3580 586 3650 Exspectamus
602 3587 630 3637 et
652 3596 712 3650 nos,
728 3596 745 3636 o
763 3581 888 3654 Domina,
902 3582 1015 3640 verbum
1033 3581 1089 3636 mi·
1144 3576 1226 3642 sistit,
1237 3574 1385 3631 humilibus
1399 3580 1491 3629 autem
1512 3573 1559 3629 dat
1573 3571 1701 3646 gratiam.
1716 3568 1863 3625 Humiliter
1878 3583 1940 3640 ergo

291 3666 448 3735 secationis,
464 3681 534 3738 quos
549 3669 739 3726 miserabiliter
752 3671 852 3743 premit
865 3673 1002 3729 sententia
1012 3673 1091 3729 dam·
1145 3664 1303 3737 respondet,
1319 3669 1349 3719 111
1363 3663 1443 3719 sedet
1457 3661 1552 3735 glaliae
1565 3659 1831 3733 nitebamur-Ecce,
1841 3658 1940 3730 inquit,

292 3753 423 3812 nationis.
445 3755 479 3811 lit
498 3771 563 3813 ecoe
577 3757 694 3815 offertur
716 3759 764 3818 tibi
787 3760 905 3833 pretium
928 3763 1023 3820 salutis
1038 3779 1091 3820 no·
1146 3757 1254 3812 ancillo
1269 3754 1393 3811 Domita.
1405 3752 1472 3823 Quae
1482 3758 1523 3807 est
1531 3751 1650 3806 haectam
1660 3747 1782 3805 sublimis
1795 3746 1943 3812 humilitas,

292 3853 376 3904 strae:
392 3844 485 3904 statim
497 3846 675 3906 liberabimur
684 3849 708 3906 si
720 3851 868 3908 consentis.
884 3853 915 3908 ln
924 3852 1092 3923 sempiterno
1148 3857 1210 3915 quae
1223 3841 1323 3898 tedere
1337 3855 1392 3896 1¹0n
1407 3839 1483 3895 ¹¹0Vit
1496 3837 1658 3904 h⁰1¹0rib11⁵‚
1675 3835 1841 3892 insolescere
1859 3833 1943 3908 ssl0ti⁸

293 3939 344 3995 Dei
355 3940 447 3997 Verbo
460 3940 523 3997 faeti
536 3955 630 3996 sumus
644 3955 751 4010 omnes,
767 3945 794 3996 et
810 3955 873 3996 ecce
898 3940 1049 3997 morimur:
1065 3941 1094 3998 in
1148 3929 1254 3986 nestit?
1267 3929 1354 3984 litter
1368 3925 1417 3984 Dei
1434 3924 1553 4000 eligitur,
1568 3931 1596 3982 θῑ
1617 3923 1741 3981 ancillam
1757 3939 1787 3979 ὅθ
1811 3921 1944 3977 minti

300 4036 346 4086 tao
360 4029 437 4088 breti
456 4045 589 4104 responso
617 4047 711 4087 sumus
731 4029 883 4096 reficiendi,
902 4037 932 4083 ut
952 4030 987 4085 ad
1011 4031 1094 4086 vitam
1149 4020 1209 4075 Non
1223 4016 1367 4073 mediocris
1382 4031 1478 4072 revera
1491 4013 1651 4071 humilitatis
1665 4013 1781 4088 insigne,
1797 4011 1946 4101 neooblata

294 4131 466 4177 revocemur.
480 4119 537 4176 lloc
552 4120 713 4193 supplicate
729 4126 767 4185 te,
786 4117 858 4190 opia
881 4116 974 4193 Virgo,
999 4117 1097 4176 flehihs
1150 4105 1323 4180 lassitsslfflit
1336 4103 1457 4162 0bliVi⁵⁰i
1472 4104 1659 4161 humililfwm·
1683 4103 1743 4159 N⁰¹¹
1760 4115 1896 4172 miluum
1910 4109 1947 4154 ⁰⁵¹

296 4209 382 4265 Adam
397 4224 458 4265 oum
473 4211 574 4264 misera
584 4205 678 4266 sobole
693 4224 741 4264 sna
755 4207 832 4264 exsul
844 4207 879 4264 do
893 4207 1030 4279 paradiso,
1046 4208 1097 4266 hoo
1151 4213 1212 4253 0⁸³0
1227 4195 1353 4251 humilem
1366 4194 1394 4251 5ss
1407 4193 1559 4263 abjectione
1573 4209 1581 4262 ἱ
1597 4206 1694 4264 mfldssi
1711 4205 1824 4263 Pl⁰f⁸¹¹⁵
1846 4197 1877 4244 0²
1892 4203 1949 4244 sm

297 4299 445 4364 Abraham,
469 4299 522 4356 1100
546 4299 641 4355 David,
666 4300 723 4357 1100
753 4298 847 4358 φωτὶ
867 4297 991 4371 flagitant
1013 4297 1099 4353 sancti
1152 4284 1248 4352 uirtus,
1259 4283 1395 4340 humilitas
1410 4284 1552 4339 honorata.
1565 4280 1595 4338 Si
1614 4296 1659 4336 me
1678 4280 1808 4336 miserum
1831 4279 1949 4333 homan·

297 4389 402 4457 Patres,
427 4395 519 4459 patros
537 4389 643 4448 seilicet
664 4389 713 4458 tui,
737 4389 784 4463 qni
806 4397 836 4446 et
857 4389 908 4462 ipsi
933 4333 1694 4444 habitantinn010110¹¹¹¹¹¹0i⁵d⁰⁰l³l³insimulationibus
1713 4369 1747 4425 ad
1770 4365 1900 4465 intimi
1913 4365 1951 4463 Vei

299 4480 411 4552 regione
432 4481 538 4537 11meae
556 4479 662 4550 mortis,
680 4480 820 4535 Hocfolus
835 4477 1099 4551 mundugtuisgeni.
1153 4461 1318 4520 mediocl'em
1333 4461 1464 4518 honorem
1476 4459 1632 4532 pl'OVexel'ii
1653 4457 1785 4523 Ecclesia,
1796 4455 1859 4553 Deo.
1871 4469 1953 4509 nimi·

299 4573 350 4628 hus
364 4570 522 4643 provolutus
535 4575 686 4640 exspectat.
702 4567 760 4625 Nec
778 4567 912 4624 immerito
941 4568 1050 4642 quando
1065 4584 1099 4624 ex
1154 4569 1213 4609 mm
1228 4553 1280 4609 ¹¹⁰⁰
1303 4551 1345 4607 Vel
1356 4558 1479 4650 'imples
1494 4563 1564 4616 ¹¹¹0&
1579 4547 1624 4605 Vel
1647 4553 1762 4650 limitis
1780 4541 1953 4642 Sillim-imm

301 4675 350 4718 ore
383 4665 431 4717 tuo
450 4661 554 4732 pendet
579 4655 728 4715 consolatio
752 4655 924 4723 miserorum,
946 4657 1098 4729 redemptio
1153 4645 1469 4715 90⁰⁰³¹³P⁸fffl¹l¹0¹¹i03
1486 4633 1793 4735 ¹1⁰V¹¹0⁸i³l¹fflqbi¹¹ffl
1821 4648 1881 4732 qut·
1898 4631 1954 4687 fne-

301 4749 482 4821 captivorum,
517 4747 644 4804 liberatio
675 4748 884 4803 damnatorum:
921 4743 1006 4804 ⁷58
1026 4743 1099 4801 salus
1153 4733 1215 4798 rim,
1231 4731 1313 4788 bilem
1327 4745 1371 4786 me
1385 4737 1463 4801 lium,
1477 4727 1564 4800 qualit
1583 4726 1617 4781 θ’)
1640 4722 1804 4822 h⁰¹¹¹¹¹¹¹bl¹i
1820 4721 1882 4793 (qut
1912 4736 1957 4777 ⁰⁰?

301 4835 421 4909 deniqne
434 4837 623 4894 universorum
639 4835 753 4892 liliorum
772 4835 869 4907 Adam,
884 4833 968 4892 totius
990 4833 1101 4912 generis
1153 4835 1208 4878 1¹⁰ss
1222 4821 1330 4891 Vident)
1340 4825 1450 4891 putatus
1467 4815 1548 4872 Sum?
1560 4811 1847 4886 Gffld⁰s⁸fflaeiaiffl³=
1864 4809 1956 4882 sanel,

303 4925 354 4983 tui.
370 4925 420 4992 lla,
438 4924 531 4998 Virgo,
555 4941 715 4997 responsum
743 4925 913 4982 festinanter.
936 4923 1099 4994 ORomina,
1154 4909 1350 4970 conscientiam
1370 4922 1424 4963 non
1445 4906 1574 4976 attendo;
1598 4911 1625 4962 et
1648 4909 1778 4975 reputans
1794 4915 1851 4957 non
1865 4899 1958 4956 hono·

304 5014 442 5086 responde
462 5013 586 5083 verbum,
614 5014 687 5087 quod
704 5021 786 5084 terra,
820 5014 893 5088 quod
918 5012 1007 5082 inferi,
1028 5011 1101 5086 qnod
1156 5020 1214 5060 rem
1229 4998 1385 5064 virtutihus,
1398 4996 1447 5053 sed
1461 4994 1575 5053 uirtutes
1599 4993 1708 5060 honori,
1731 5008 1765 5050 eo
1779 4987 1957 5090 sanctiorem,

306 5103 467 5167 exspectant
482 5103 510 5152 et
525 5095 628 5168 superi.
643 5095 705 5168 lpse
727 5111 836 5170 quoque
851 5095 972 5152 omnium
997 5095 1052 5152 Rex
1075 5101 1119 5150 et·
1157 5107 1212 5166 quo
1240 5087 1409 5160 superiorem
1436 5101 1480 5142 me
1503 5085 1615 5142 aestimo.
1643 5084 1742 5141 Videas
1758 5082 1909 5154 plerosque
1932 5095 1959 5133 un

305 5187 436 5243 Dominus
450 5195 582 5260 mantum
596 5185 750 5259 concupiuit
773 5186 902 5244 decorem
928 5193 1015 5256 tuum,
1039 5193 1103 5241 tan·
1159 5179 1279 5236 Ecclesia
1289 5178 1324 5233 de
1334 5175 1499 5248 ignobilibus
1511 5173 1668 5241 nobiles,de
1681 5171 1962 5246 pauperibusdivites

307 5283 364 5331 tum
391 5276 531 5333 desiderat
550 5279 578 5331 et
601 5275 787 5348 responsionis
814 5291 973 5332 assensum:
995 5275 1023 5330 in
1050 5289 1105 5348 qua
1161 5270 1255 5334 factos,
1273 5265 1363 5322 subito
1386 5265 1576 5332 intumescere,
1602 5263 1724 5336 pristinae
1738 5261 1865 5319 obliuisci
1880 5261 1963 5332 abJ'e·

305 5363 433 5421 nimirum
448 5363 589 5437 proposuit
599 5365 703 5422 salvare
714 5365 852 5422 mundum.
864 5367 899 5422 Et
925 5362 967 5421 oui
982 5363 1105 5435 placuisti
1162 5358 1272 5423 ationis;
1283 5371 1372 5427 genus
1383 5370 1493 5428 quoquo
1507 5369 1585 5410 suum
1601 5355 1778 5420 erubescere,
1802 5360 1831 5408 ot
1849 5351 1964 5408 infimos

318 5471 336 5508 n
356 5453 464 5510 silentio
472 5455 528 5524 J'am
542 5453 628 5528 magis
651 5441 770 5527 placebis
794 5471 827 5511 ex
841 5455 937 5520 uerbo,
961 5469 1023 5509 curn
1047 5453 1105 5524 ipse
1163 5445 1306 5519 dedignari
1319 5453 1459 5516 parentes.
1474 5443 1575 5500 Videas
1597 5453 1625 5500 et
1648 5441 1770 5499 homines
1793 5440 1966 5514 pecuniosos

343 5635 382 5708 (8)
394 5634 496 5692 Similia
510 5635 633 5692 inuenies
647 5635 675 5692 in
686 5633 815 5708 append.
830 5629 895 5688 tomi
912 5631 932 5688 V
950 5629 980 5686 S.
997 5627 1155 5704 Augustini,
1170 5639 1253 5684 serm.
1273 5626 1336 5693 lati,
1351 5639 1379 5679 n.
1396 5623 1425 5677 t.
