<?xml version="1.0" encoding="UTF-8"?>
<!DOCTYPE html PUBLIC "-//W3C//DTD XHTML 1.0 Transitional//EN"
    "http://www.w3.org/TR/xhtml1/DTD/xhtml1-transitional.dtd">
<html xmlns="http://www.w3.org/1999/xhtml" xml:lang="en" lang="en">
 <head>
  <title>
</title>
<meta http-equiv="Content-Type" content="text/html;charset=utf-8" />
  <meta name='ocr-system' content='tesseract 3.04.00' />
  <meta name='ocr-capabilities' content='ocr_page ocr_carea ocr_par ocr_line ocrx_word'/>
</head>
<body>
  <div class='ocr_page' id='page_1' title='image "./patrologiaecurs142unkngoog_0180.png"; bbox 0 0 4118 6346; ppageno 0'>
   <div class='ocr_carea' id='block_1_1' title="bbox 116 438 165 494">
    <p class='ocr_par' dir='ltr' id='par_1_1' title="bbox 116 438 165 494">
     <span class='ocr_line' id='line_1_1' title="bbox 116 438 165 494; baseline -0.02 0"><span class='ocrx_word' id='word_1_1' title='bbox 116 438 165 494; x_wconf 78' lang='lat' dir='ltr'><strong>att</strong></span> 
     </span>
    </p>
   </div>
   <div class='ocr_carea' id='block_1_2' title="bbox 504 430 1368 496">
    <p class='ocr_par' dir='ltr' id='par_1_2' title="bbox 504 430 1368 496">
     <span class='ocr_line' id='line_1_2' title="bbox 504 430 1368 496; baseline -0.001 -4"><span class='ocrx_word' id='word_1_2' title='bbox 504 437 572 496; x_wconf 83' lang='lat' dir='ltr'><strong>rito</strong></span> <span class='ocrx_word' id='word_1_3' title='bbox 589 436 760 496; x_wconf 73' lang='lat' dir='ltr'><strong>DOEINICA</strong></span> <span class='ocrx_word' id='word_1_4' title='bbox 780 433 802 488; x_wconf 91' lang='lat' dir='ltr'>V</span> <span class='ocrx_word' id='word_1_5' title='bbox 818 431 905 491; x_wconf 84' lang='lat' dir='ltr'><strong>POST</strong></span> <span class='ocrx_word' id='word_1_6' title='bbox 927 430 1172 491; x_wconf 79' lang='lat' dir='ltr'><strong>PENTECOSTEN</strong></span> <span class='ocrx_word' id='word_1_7' title='bbox 1192 435 1308 492; x_wconf 83' lang='lat' dir='ltr'><strong>suhtto</strong></span> <span class='ocrx_word' id='word_1_8' title='bbox 1323 437 1368 491; x_wconf 87' lang='lat' dir='ltr'><strong>lll.</strong></span> 
     </span>
    </p>
   </div>
   <div class='ocr_carea' id='block_1_3' title="bbox 1710 440 1764 496">
    <p class='ocr_par' dir='ltr' id='par_1_3' title="bbox 1710 440 1764 496">
     <span class='ocr_line' id='line_1_3' title="bbox 1710 440 1764 496; baseline -0.019 -1"><span class='ocrx_word' id='word_1_9' title='bbox 1710 440 1764 496; x_wconf 69' lang='lat' dir='ltr'><strong>ddi</strong></span> 
     </span>
    </p>
   </div>
   <div class='ocr_carea' id='block_1_4' title="bbox 113 555 1764 661">
    <p class='ocr_par' dir='ltr' id='par_1_4' title="bbox 113 555 1764 661">
     <span class='ocr_line' id='line_1_4' title="bbox 113 555 1764 661; baseline 0 -43"><span class='ocrx_word' id='word_1_10' title='bbox 113 565 276 634; x_wconf 77' lang='lat' dir='ltr'><strong>sequeretur</strong></span> <span class='ocrx_word' id='word_1_11' title='bbox 293 560 455 630; x_wconf 83' lang='lat' dir='ltr'><strong>poenitudo‘l</strong></span> <span class='ocrx_word' id='word_1_12' title='bbox 472 563 600 618; x_wconf 80' lang='lat' dir='ltr'><strong>cumulus</strong></span> <span class='ocrx_word' id='word_1_13' title='bbox 623 569 697 619; x_wconf 89' lang='lat' dir='ltr'><strong>esset</strong></span> <span class='ocrx_word' id='word_1_14' title='bbox 715 558 905 626; x_wconf 77' lang='lat' dir='ltr'><strong>damnationis,</strong></span> <span class='ocrx_word' id='word_1_15' title='bbox 923 581 947 661; x_wconf 59' lang='grc' dir='ltr'><strong>Α</strong></span> <span class='ocrx_word' id='word_1_16' title='bbox 963 555 1099 628; x_wconf 84' lang='lat' dir='ltr'><strong>cidissam,</strong></span> <span class='ocrx_word' id='word_1_17' title='bbox 1114 558 1138 614; x_wconf 90' lang='lat' dir='ltr'><strong>si</strong></span> <span class='ocrx_word' id='word_1_18' title='bbox 1151 558 1214 616; x_wconf 88' lang='lat' dir='ltr'><strong>data</strong></span> <span class='ocrx_word' id='word_1_19' title='bbox 1227 567 1302 616; x_wconf 85' lang='lat' dir='ltr'><strong>esset</strong></span> <span class='ocrx_word' id='word_1_20' title='bbox 1316 559 1435 626; x_wconf 89' lang='lat' dir='ltr'><strong>occasio;</strong></span> <span class='ocrx_word' id='word_1_21' title='bbox 1447 560 1507 626; x_wconf 89' lang='lat' dir='ltr'><strong>sed,</strong></span> <span class='ocrx_word' id='word_1_22' title='bbox 1518 560 1569 618; x_wconf 89' lang='lat' dir='ltr'><strong>Dei</strong></span> <span class='ocrx_word' id='word_1_23' title='bbox 1577 560 1764 631; x_wconf 90' lang='lat' dir='ltr'><strong>miseratione,</strong></span> 
     </span>
    </p>
   </div>
   <div class='ocr_carea' id='block_1_5' title="bbox 34 649 907 1872">
    <p class='ocr_par' dir='ltr' id='par_1_5' title="bbox 34 649 907 1872">
     <span class='ocr_line' id='line_1_5' title="bbox 114 649 905 724; baseline -0.003 -18"><span class='ocrx_word' id='word_1_24' title='bbox 114 650 222 707; x_wconf 77' lang='lat' dir='ltr'><strong>dicente</strong></span> <span class='ocrx_word' id='word_1_25' title='bbox 244 649 362 707; x_wconf 88' lang='lat' dir='ltr'><strong>Domino</strong></span> <span class='ocrx_word' id='word_1_26' title='bbox 387 667 393 706; x_wconf 95' lang='lat'><strong>:</strong></span> <span class='ocrx_word' id='word_1_27' title='bbox 419 653 481 710; x_wconf 78' lang='lat' dir='ltr'><strong>llaec</strong></span> <span class='ocrx_word' id='word_1_28' title='bbox 513 653 615 724; x_wconf 76' lang='lat' dir='ltr'><strong>fecisti,</strong></span> <span class='ocrx_word' id='word_1_29' title='bbox 649 658 679 710; x_wconf 88' lang='lat' dir='ltr'><strong>et</strong></span> <span class='ocrx_word' id='word_1_30' title='bbox 711 651 788 710; x_wconf 83' lang='lat' dir='ltr'><strong>teoni</strong></span> <span class='ocrx_word' id='word_1_31' title='bbox 818 649 905 721; x_wconf 85' lang='lat' dir='ltr'><strong>(Psoi.</strong></span> 
     </span>
     <span class='ocr_line' id='line_1_6' title="bbox 112 737 261 813; baseline -0.013 -17"><span class='ocrx_word' id='word_1_32' title='bbox 112 755 190 813; x_wconf 83' lang='lat' dir='ltr'><strong>xurr,</strong></span> <span class='ocrx_word' id='word_1_33' title='bbox 204 737 261 812; x_wconf 86' lang='lat' dir='ltr'><strong>st).</strong></span> 
     </span>
     <span class='ocr_line' id='line_1_7' title="bbox 34 826 907 900; baseline -0.006 -15"><span class='ocrx_word' id='word_1_34' title='bbox 34 829 35 836; x_wconf 76' lang='grc'>’</span> <span class='ocrx_word' id='word_1_35' title='bbox 148 831 175 884; x_wconf 83' lang='grc' dir='ltr'><strong>ι.</strong></span> <span class='ocrx_word' id='word_1_36' title='bbox 196 827 287 886; x_wconf 83' lang='grc' dir='ltr'>Τιιιιι</span> <span class='ocrx_word' id='word_1_37' title='bbox 309 826 423 899; x_wconf 86' lang='lat' dir='ltr'><strong>proinde</strong></span> <span class='ocrx_word' id='word_1_38' title='bbox 447 828 586 886; x_wconf 88' lang='lat' dir='ltr'><strong>miseratio</strong></span> <span class='ocrx_word' id='word_1_39' title='bbox 609 828 668 896; x_wconf 80' lang='lat' dir='ltr'><strong>huit,</strong></span> <span class='ocrx_word' id='word_1_40' title='bbox 691 827 764 900; x_wconf 90' lang='lat' dir='ltr'><strong>quod</strong></span> <span class='ocrx_word' id='word_1_41' title='bbox 791 826 907 885; x_wconf 89' lang='lat' dir='ltr'><strong>visitarit</strong></span> 
     </span>
     <span class='ocr_line' id='line_1_8' title="bbox 112 914 906 989; baseline -0.001 -16"><span class='ocrx_word' id='word_1_42' title='bbox 112 931 265 974; x_wconf 87' lang='lat' dir='ltr'><strong>cormeum</strong></span> <span class='ocrx_word' id='word_1_43' title='bbox 280 923 307 972; x_wconf 92' lang='lat' dir='ltr'><strong>at</strong></span> <span class='ocrx_word' id='word_1_44' title='bbox 323 914 482 987; x_wconf 83' lang='grc' dir='ltr'>ιιιιιιιιιιι,</span> <span class='ocrx_word' id='word_1_45' title='bbox 498 925 528 974; x_wconf 88' lang='grc' dir='ltr'><strong>ιι</strong></span> <span class='ocrx_word' id='word_1_46' title='bbox 542 933 634 974; x_wconf 88' lang='lat' dir='ltr'><strong>amara</strong></span> <span class='ocrx_word' id='word_1_47' title='bbox 650 917 749 975; x_wconf 84' lang='lat' dir='ltr'><strong>fierent</strong></span> <span class='ocrx_word' id='word_1_48' title='bbox 762 933 823 989; x_wconf 86' lang='lat' dir='ltr'><strong>quae</strong></span> <span class='ocrx_word' id='word_1_49' title='bbox 836 915 906 972; x_wconf 91' lang='lat' dir='ltr'><strong>male</strong></span> 
     </span>
     <span class='ocr_line' id='line_1_9' title="bbox 111 1005 906 1079; baseline 0.004 -20"><span class='ocrx_word' id='word_1_50' title='bbox 111 1005 201 1062; x_wconf 87' lang='lat' dir='ltr'><strong>dulcia</strong></span> <span class='ocrx_word' id='word_1_51' title='bbox 215 1005 289 1079; x_wconf 92' lang='lat' dir='ltr'><strong>prius</strong></span> <span class='ocrx_word' id='word_1_52' title='bbox 304 1011 381 1060; x_wconf 90' lang='lat' dir='ltr'><strong>erant</strong></span> <span class='ocrx_word' id='word_1_53' title='bbox 398 1022 403 1062; x_wconf 93' lang='lat'>:</span> <span class='ocrx_word' id='word_1_54' title='bbox 425 1013 453 1062; x_wconf 91' lang='lat' dir='ltr'><strong>et</strong></span> <span class='ocrx_word' id='word_1_55' title='bbox 468 1005 514 1078; x_wconf 94' lang='lat' dir='ltr'><strong>qui</strong></span> <span class='ocrx_word' id='word_1_56' title='bbox 532 1007 643 1063; x_wconf 86' lang='lat' dir='ltr'><strong>laetahar</strong></span> <span class='ocrx_word' id='word_1_57' title='bbox 660 1023 723 1064; x_wconf 93' lang='lat' dir='ltr'><strong>cum</strong></span> <span class='ocrx_word' id='word_1_58' title='bbox 741 1006 812 1064; x_wconf 89' lang='lat' dir='ltr'><strong>male</strong></span> <span class='ocrx_word' id='word_1_59' title='bbox 832 1005 906 1062; x_wconf 88' lang='lat' dir='ltr'><strong>lace·</strong></span> 
     </span>
     <span class='ocr_line' id='line_1_10' title="bbox 112 1091 907 1168; baseline 0 -18"><span class='ocrx_word' id='word_1_60' title='bbox 112 1111 182 1165; x_wconf 85' lang='lat' dir='ltr'><strong>rem,</strong></span> <span class='ocrx_word' id='word_1_61' title='bbox 208 1101 236 1149; x_wconf 89' lang='lat' dir='ltr'><strong>et</strong></span> <span class='ocrx_word' id='word_1_62' title='bbox 258 1091 426 1149; x_wconf 75' lang='lat' dir='ltr'><strong>exsultabam</strong></span> <span class='ocrx_word' id='word_1_63' title='bbox 439 1094 467 1150; x_wconf 91' lang='lat' dir='ltr'><strong>in</strong></span> <span class='ocrx_word' id='word_1_64' title='bbox 491 1096 573 1152; x_wconf 90' lang='lat' dir='ltr'><strong>rebus</strong></span> <span class='ocrx_word' id='word_1_65' title='bbox 596 1095 732 1167; x_wconf 85' lang='lat' dir='ltr'><strong>pessimis,</strong></span> <span class='ocrx_word' id='word_1_66' title='bbox 757 1095 907 1168; x_wconf 79' lang='lat' dir='ltr'><strong>inciperem</strong></span> 
     </span>
     <span class='ocr_line' id='line_1_11' title="bbox 110 1179 906 1257; baseline 0.004 -20"><span class='ocrx_word' id='word_1_67' title='bbox 110 1183 224 1240; x_wconf 89' lang='lat' dir='ltr'><strong>demum</strong></span> <span class='ocrx_word' id='word_1_68' title='bbox 247 1179 399 1257; x_wconf 84' lang='lat' dir='ltr'><strong>recogitare</strong></span> <span class='ocrx_word' id='word_1_69' title='bbox 423 1183 449 1240; x_wconf 91' lang='lat' dir='ltr'><strong>ei</strong></span> <span class='ocrx_word' id='word_1_70' title='bbox 472 1200 558 1241; x_wconf 89' lang='lat' dir='ltr'><strong>annos</strong></span> <span class='ocrx_word' id='word_1_71' title='bbox 581 1201 658 1242; x_wconf 89' lang='lat' dir='ltr'><strong>meos</strong></span> <span class='ocrx_word' id='word_1_72' title='bbox 672 1185 700 1241; x_wconf 91' lang='lat' dir='ltr'><strong>in</strong></span> <span class='ocrx_word' id='word_1_73' title='bbox 727 1184 906 1242; x_wconf 87' lang='lat' dir='ltr'><strong>amaritudine</strong></span> 
     </span>
     <span class='ocr_line' id='line_1_12' title="bbox 109 1270 906 1344; baseline 0 -18"><span class='ocrx_word' id='word_1_74' title='bbox 109 1270 208 1328; x_wconf 89' lang='lat' dir='ltr'><strong>animae</strong></span> <span class='ocrx_word' id='word_1_75' title='bbox 226 1285 306 1328; x_wconf 88' lang='lat' dir='ltr'><strong>meae.</strong></span> <span class='ocrx_word' id='word_1_76' title='bbox 322 1271 355 1326; x_wconf 88' lang='lat' dir='ltr'><strong>Et</strong></span> <span class='ocrx_word' id='word_1_77' title='bbox 370 1287 453 1344; x_wconf 90' lang='lat' dir='ltr'><strong>nunc,</strong></span> <span class='ocrx_word' id='word_1_78' title='bbox 472 1273 598 1340; x_wconf 88' lang='lat' dir='ltr'><strong>Domine,</strong></span> <span class='ocrx_word' id='word_1_79' title='bbox 618 1272 786 1331; x_wconf 78' lang='lat' dir='ltr'><strong>commovisti</strong></span> <span class='ocrx_word' id='word_1_80' title='bbox 805 1279 906 1328; x_wconf 87' lang='lat' dir='ltr'><strong>termm</strong></span> 
     </span>
     <span class='ocr_line' id='line_1_13' title="bbox 110 1358 905 1434; baseline -0.001 -19"><span class='ocrx_word' id='word_1_81' title='bbox 110 1359 201 1416; x_wconf 89' lang='lat' dir='ltr'><strong>cordis</strong></span> <span class='ocrx_word' id='word_1_82' title='bbox 215 1359 281 1426; x_wconf 85' lang='lat' dir='ltr'><strong>mei,</strong></span> <span class='ocrx_word' id='word_1_83' title='bbox 297 1367 324 1417; x_wconf 90' lang='lat' dir='ltr'><strong>et</strong></span> <span class='ocrx_word' id='word_1_84' title='bbox 337 1358 419 1420; x_wconf 71' lang='lat' dir='ltr'><strong>Ml</strong></span> <span class='ocrx_word' id='word_1_85' title='bbox 441 1362 607 1418; x_wconf 91' lang='lat' dir='ltr'><strong>conturbasti</strong></span> <span class='ocrx_word' id='word_1_86' title='bbox 621 1378 701 1434; x_wconf 81' lang='lat' dir='ltr'><strong>eam3</strong></span> <span class='ocrx_word' id='word_1_87' title='bbox 718 1377 783 1419; x_wconf 88' lang='lat' dir='ltr'><strong>sana</strong></span> <span class='ocrx_word' id='word_1_88' title='bbox 802 1360 905 1417; x_wconf 90' lang='lat' dir='ltr'><strong>contri-</strong></span> 
     </span>
     <span class='ocr_line' id='line_1_14' title="bbox 34 1449 905 1522; baseline 0.005 -20"><span class='ocrx_word' id='word_1_89' title='bbox 34 1489 35 1492; x_wconf 36' lang='lat'><strong>.</strong></span> <span class='ocrx_word' id='word_1_90' title='bbox 110 1449 199 1506; x_wconf 90' lang='lat' dir='ltr'><strong>tiones</strong></span> <span class='ocrx_word' id='word_1_91' title='bbox 214 1451 283 1520; x_wconf 86' lang='lat' dir='ltr'><strong>ejus,</strong></span> <span class='ocrx_word' id='word_1_92' title='bbox 300 1449 365 1521; x_wconf 88' lang='lat' dir='ltr'><strong>quia</strong></span> <span class='ocrx_word' id='word_1_93' title='bbox 377 1459 514 1506; x_wconf 88' lang='lat' dir='ltr'><strong>commota</strong></span> <span class='ocrx_word' id='word_1_94' title='bbox 524 1460 575 1507; x_wconf 90' lang='lat' dir='ltr'><strong>est.</strong></span> <span class='ocrx_word' id='word_1_95' title='bbox 592 1452 669 1508; x_wconf 86' lang='lat' dir='ltr'><strong>hinlti</strong></span> <span class='ocrx_word' id='word_1_96' title='bbox 682 1452 756 1508; x_wconf 89' lang='lat' dir='ltr'><strong>enirn</strong></span> <span class='ocrx_word' id='word_1_97' title='bbox 770 1449 905 1522; x_wconf 89' lang='lat' dir='ltr'><strong>poeniten·</strong></span> 
     </span>
     <span class='ocr_line' id='line_1_15' title="bbox 108 1535 906 1613; baseline 0.004 -22"><span class='ocrx_word' id='word_1_98' title='bbox 108 1535 146 1592; x_wconf 91' lang='lat' dir='ltr'><strong>tia</strong></span> <span class='ocrx_word' id='word_1_99' title='bbox 161 1537 234 1594; x_wconf 93' lang='lat' dir='ltr'><strong>ducti</strong></span> <span class='ocrx_word' id='word_1_100' title='bbox 249 1545 321 1606; x_wconf 86' lang='lat' dir='ltr'><strong>sunt,</strong></span> <span class='ocrx_word' id='word_1_101' title='bbox 337 1535 385 1593; x_wconf 91' lang='lat' dir='ltr'><strong>sed</strong></span> <span class='ocrx_word' id='word_1_102' title='bbox 394 1537 576 1608; x_wconf 79' lang='lat' dir='ltr'><strong>infructuosa;</strong></span> <span class='ocrx_word' id='word_1_103' title='bbox 589 1541 718 1613; x_wconf 91' lang='lat' dir='ltr'><strong>quoniam</strong></span> <span class='ocrx_word' id='word_1_104' title='bbox 729 1540 787 1612; x_wconf 91' lang='lat' dir='ltr'><strong>ipsa</strong></span> <span class='ocrx_word' id='word_1_105' title='bbox 797 1553 906 1611; x_wconf 90' lang='lat' dir='ltr'><strong>quoquc</strong></span> 
     </span>
     <span class='ocr_line' id='line_1_16' title="bbox 107 1622 903 1697; baseline 0.004 -18"><span class='ocrx_word' id='word_1_106' title='bbox 107 1637 204 1680; x_wconf 90' lang='lat' dir='ltr'><strong>eorum</strong></span> <span class='ocrx_word' id='word_1_107' title='bbox 214 1622 375 1695; x_wconf 78' lang='lat' dir='ltr'><strong>paenitentia</strong></span> <span class='ocrx_word' id='word_1_108' title='bbox 385 1627 531 1697; x_wconf 87' lang='lat' dir='ltr'><strong>reprobata</strong></span> <span class='ocrx_word' id='word_1_109' title='bbox 541 1635 590 1694; x_wconf 88' lang='lat' dir='ltr'><strong>est,</strong></span> <span class='ocrx_word' id='word_1_110' title='bbox 607 1629 676 1683; x_wconf 90' lang='lat' dir='ltr'><strong>sicut</strong></span> <span class='ocrx_word' id='word_1_111' title='bbox 690 1634 718 1683; x_wconf 90' lang='lat' dir='ltr'><strong>et</strong></span> <span class='ocrx_word' id='word_1_112' title='bbox 729 1626 802 1697; x_wconf 92' lang='lat' dir='ltr'><strong>prior</strong></span> <span class='ocrx_word' id='word_1_113' title='bbox 814 1626 903 1697; x_wconf 89' lang='lat' dir='ltr'><strong>culpa.</strong></span> 
     </span>
     <span class='ocr_line' id='line_1_17' title="bbox 105 1712 904 1786; baseline 0.001 -20"><span class='ocrx_word' id='word_1_114' title='bbox 105 1712 202 1786; x_wconf 89' lang='lat' dir='ltr'><strong>ltaque</strong></span> <span class='ocrx_word' id='word_1_115' title='bbox 212 1719 239 1768; x_wconf 90' lang='lat' dir='ltr'><strong>et</strong></span> <span class='ocrx_word' id='word_1_116' title='bbox 249 1714 307 1769; x_wconf 86' lang='lat' dir='ltr'><strong>haec</strong></span> <span class='ocrx_word' id='word_1_117' title='bbox 317 1712 457 1770; x_wconf 88' lang='lat' dir='ltr'><strong>miseratio</strong></span> <span class='ocrx_word' id='word_1_118' title='bbox 467 1723 561 1786; x_wconf 88' lang='lat' dir='ltr'><strong>quarta</strong></span> <span class='ocrx_word' id='word_1_119' title='bbox 574 1714 632 1782; x_wconf 88' lang='lat' dir='ltr'><strong>fuit,</strong></span> <span class='ocrx_word' id='word_1_120' title='bbox 644 1714 716 1786; x_wconf 93' lang='lat' dir='ltr'><strong>quod</strong></span> <span class='ocrx_word' id='word_1_121' title='bbox 726 1712 904 1785; x_wconf 90' lang='lat' dir='ltr'><strong>poenitentem</strong></span> 
     </span>
     <span class='ocr_line' id='line_1_18' title="bbox 105 1799 903 1872; baseline 0.003 -18"><span class='ocrx_word' id='word_1_122' title='bbox 105 1799 320 1856; x_wconf 75' lang='lat' dir='ltr'><strong>misericorditer</strong></span> <span class='ocrx_word' id='word_1_123' title='bbox 334 1801 487 1872; x_wconf 86' lang='lat' dir='ltr'><strong>suscepisti,</strong></span> <span class='ocrx_word' id='word_1_124' title='bbox 502 1801 573 1857; x_wconf 91' lang='lat' dir='ltr'><strong>utin</strong></span> <span class='ocrx_word' id='word_1_125' title='bbox 588 1815 684 1857; x_wconf 90' lang='lat' dir='ltr'><strong>eorum</strong></span> <span class='ocrx_word' id='word_1_126' title='bbox 697 1815 811 1858; x_wconf 88' lang='lat' dir='ltr'><strong>nurnero</strong></span> <span class='ocrx_word' id='word_1_127' title='bbox 825 1799 903 1856; x_wconf 90' lang='lat' dir='ltr'><strong>inve-</strong></span> 
     </span>
    </p>
   </div>
   <div class='ocr_carea' id='block_1_6' title="bbox 959 645 1766 1871">
    <p class='ocr_par' dir='ltr' id='par_1_6' title="bbox 960 645 1766 1340">
     <span class='ocr_line' id='line_1_19' title="bbox 962 645 1764 719; baseline 0.007 -19"><span class='ocrx_word' id='word_1_128' title='bbox 962 660 1017 702; x_wconf 94' lang='lat' dir='ltr'><strong>non</strong></span> <span class='ocrx_word' id='word_1_129' title='bbox 1042 661 1086 705; x_wconf 90' lang='lat' dir='ltr'><strong>me</strong></span> <span class='ocrx_word' id='word_1_130' title='bbox 1113 645 1173 703; x_wconf 90' lang='lat' dir='ltr'><strong>talis</strong></span> <span class='ocrx_word' id='word_1_131' title='bbox 1203 646 1390 719; x_wconf 86' lang='lat' dir='ltr'><strong>opportunitas</strong></span> <span class='ocrx_word' id='word_1_132' title='bbox 1417 647 1607 718; x_wconf 82' lang='lat' dir='ltr'><strong>apprehendit.</strong></span> <span class='ocrx_word' id='word_1_133' title='bbox 1626 649 1657 706; x_wconf 92' lang='lat' dir='ltr'><strong>ln</strong></span> <span class='ocrx_word' id='word_1_134' title='bbox 1680 649 1764 706; x_wconf 87' lang='lat' dir='ltr'><strong>multa</strong></span> 
     </span>
     <span class='ocr_line' id='line_1_20' title="bbox 961 734 1766 809; baseline 0.006 -20"><span class='ocrx_word' id='word_1_135' title='bbox 961 749 1070 807; x_wconf 93' lang='lat' dir='ltr'><strong>quoque</strong></span> <span class='ocrx_word' id='word_1_136' title='bbox 1089 735 1169 806; x_wconf 90' lang='lat' dir='ltr'><strong>paulo</strong></span> <span class='ocrx_word' id='word_1_137' title='bbox 1189 735 1278 792; x_wconf 90' lang='lat' dir='ltr'><strong>minus</strong></span> <span class='ocrx_word' id='word_1_138' title='bbox 1303 734 1471 802; x_wconf 88' lang='lat' dir='ltr'><strong>cecidissem,</strong></span> <span class='ocrx_word' id='word_1_139' title='bbox 1491 734 1611 805; x_wconf 80' lang='lat' dir='ltr'><strong>gravitcr</strong></span> <span class='ocrx_word' id='word_1_140' title='bbox 1633 737 1766 809; x_wconf 77' lang='lat' dir='ltr'><strong>impulsus</strong></span> 
     </span>
     <span class='ocr_line' id='line_1_21' title="bbox 961 822 1764 893; baseline 0.007 -14"><span class='ocrx_word' id='word_1_141' title='bbox 961 822 1090 880; x_wconf 88' lang='lat' dir='ltr'><strong>violentia</strong></span> <span class='ocrx_word' id='word_1_142' title='bbox 1113 824 1284 893; x_wconf 88' lang='lat' dir='ltr'><strong>tentationis;</strong></span> <span class='ocrx_word' id='word_1_143' title='bbox 1304 824 1352 880; x_wconf 90' lang='lat' dir='ltr'><strong>sed</strong></span> <span class='ocrx_word' id='word_1_144' title='bbox 1381 822 1508 878; x_wconf 87' lang='lat' dir='ltr'><strong>virtutem</strong></span> <span class='ocrx_word' id='word_1_145' title='bbox 1534 823 1610 878; x_wconf 87' lang='lat' dir='ltr'><strong>dedit</strong></span> <span class='ocrx_word' id='word_1_146' title='bbox 1632 826 1764 889; x_wconf 85' lang='lat' dir='ltr'><strong>Dominus</strong></span> 
     </span>
     <span class='ocr_line' id='line_1_22' title="bbox 961 910 1761 982; baseline 0.008 -16"><span class='ocrx_word' id='word_1_147' title='bbox 961 927 1009 968; x_wconf 87' lang='lat' dir='ltr'><strong>rex</strong></span> <span class='ocrx_word' id='word_1_148' title='bbox 1023 911 1161 979; x_wconf 90' lang='lat' dir='ltr'><strong>virtutum,</strong></span> <span class='ocrx_word' id='word_1_149' title='bbox 1178 919 1207 968; x_wconf 91' lang='lat' dir='ltr'><strong>ut</strong></span> <span class='ocrx_word' id='word_1_150' title='bbox 1221 913 1272 968; x_wconf 91' lang='lat' dir='ltr'><strong>suh</strong></span> <span class='ocrx_word' id='word_1_151' title='bbox 1292 928 1335 968; x_wconf 90' lang='lat' dir='ltr'><strong>me</strong></span> <span class='ocrx_word' id='word_1_152' title='bbox 1356 919 1427 967; x_wconf 90' lang='lat' dir='ltr'><strong>esset</strong></span> <span class='ocrx_word' id='word_1_153' title='bbox 1441 910 1575 982; x_wconf 87' lang='lat' dir='ltr'><strong>appetitus</strong></span> <span class='ocrx_word' id='word_1_154' title='bbox 1590 925 1677 981; x_wconf 92' lang='lat' dir='ltr'><strong>meus,</strong></span> <span class='ocrx_word' id='word_1_155' title='bbox 1693 923 1722 970; x_wconf 88' lang='lat' dir='ltr'><strong>et</strong></span> <span class='ocrx_word' id='word_1_156' title='bbox 1735 917 1761 972; x_wconf 89' lang='lat' dir='ltr'><strong>ei</strong></span> 
     </span>
     <span class='ocr_line' id='line_1_23' title="bbox 961 997 1761 1071; baseline 0.003 -17"><span class='ocrx_word' id='word_1_157' title='bbox 961 1015 1042 1071; x_wconf 91' lang='lat' dir='ltr'><strong>quam</strong></span> <span class='ocrx_word' id='word_1_158' title='bbox 1062 1001 1211 1058; x_wconf 85' lang='lat' dir='ltr'><strong>sentiebam</strong></span> <span class='ocrx_word' id='word_1_159' title='bbox 1238 999 1463 1071; x_wconf 87' lang='lat' dir='ltr'><strong>concupiscentiae</strong></span> <span class='ocrx_word' id='word_1_160' title='bbox 1486 997 1599 1054; x_wconf 87' lang='lat' dir='ltr'><strong>minime</strong></span> <span class='ocrx_word' id='word_1_161' title='bbox 1629 1004 1761 1056; x_wconf 86' lang='lat' dir='ltr'><strong>consenti·</strong></span> 
     </span>
     <span class='ocr_line' id='line_1_24' title="bbox 961 1087 1761 1162; baseline 0.003 -18"><span class='ocrx_word' id='word_1_162' title='bbox 961 1105 1029 1145; x_wconf 91' lang='lat' dir='ltr'><strong>rem.</strong></span> <span class='ocrx_word' id='word_1_163' title='bbox 1047 1091 1101 1147; x_wconf 86' lang='lat' dir='ltr'><strong>Sed</strong></span> <span class='ocrx_word' id='word_1_164' title='bbox 1116 1107 1131 1146; x_wconf 88' lang='lat' dir='ltr'><strong>a</strong></span> <span class='ocrx_word' id='word_1_165' title='bbox 1146 1090 1307 1162; x_wconf 91' lang='lat' dir='ltr'><strong>quibusdam</strong></span> <span class='ocrx_word' id='word_1_166' title='bbox 1322 1097 1377 1145; x_wconf 87' lang='lat' dir='ltr'><strong>tam</strong></span> <span class='ocrx_word' id='word_1_167' title='bbox 1392 1090 1472 1159; x_wconf 82' lang='lat' dir='ltr'><strong>longe</strong></span> <span class='ocrx_word' id='word_1_168' title='bbox 1489 1103 1532 1144; x_wconf 89' lang='lat' dir='ltr'><strong>me</strong></span> <span class='ocrx_word' id='word_1_169' title='bbox 1544 1087 1609 1144; x_wconf 88' lang='lat' dir='ltr'><strong>iecit</strong></span> <span class='ocrx_word' id='word_1_170' title='bbox 1622 1088 1761 1146; x_wconf 83' lang='lat' dir='ltr'><strong>miseratio</strong></span> 
     </span>
     <span class='ocr_line' id='line_1_25' title="bbox 961 1176 1760 1251; baseline -0.001 -18"><span class='ocrx_word' id='word_1_171' title='bbox 961 1186 1017 1245; x_wconf 89' lang='lat' dir='ltr'><strong>tua,</strong></span> <span class='ocrx_word' id='word_1_172' title='bbox 1041 1179 1167 1251; x_wconf 84' lang='lat' dir='ltr'><strong>Domine,</strong></span> <span class='ocrx_word' id='word_1_173' title='bbox 1180 1188 1209 1234; x_wconf 93' lang='lat' dir='ltr'><strong>ut</strong></span> <span class='ocrx_word' id='word_1_174' title='bbox 1229 1180 1337 1250; x_wconf 88' lang='lat' dir='ltr'><strong>penitus</strong></span> <span class='ocrx_word' id='word_1_175' title='bbox 1357 1177 1530 1234; x_wconf 83' lang='lat' dir='ltr'><strong>abominarer</strong></span> <span class='ocrx_word' id='word_1_176' title='bbox 1549 1191 1592 1244; x_wconf 91' lang='lat' dir='ltr'><strong>ea,</strong></span> <span class='ocrx_word' id='word_1_177' title='bbox 1609 1184 1636 1232; x_wconf 92' lang='grc' dir='ltr'><strong>ιι</strong></span> <span class='ocrx_word' id='word_1_178' title='bbox 1657 1192 1691 1234; x_wconf 88' lang='grc' dir='ltr'><strong>ιι</strong></span> <span class='ocrx_word' id='word_1_179' title='bbox 1706 1176 1760 1232; x_wconf 90' lang='lat' dir='ltr'><strong>ulla</strong></span> 
     </span>
     <span class='ocr_line' id='line_1_26' title="bbox 960 1267 1546 1340; baseline 0 -17"><span class='ocrx_word' id='word_1_180' title='bbox 960 1268 1072 1340; x_wconf 90' lang='lat' dir='ltr'><strong>quidem</strong></span> <span class='ocrx_word' id='word_1_181' title='bbox 1084 1284 1178 1324; x_wconf 91' lang='lat' dir='ltr'><strong>eorum</strong></span> <span class='ocrx_word' id='word_1_182' title='bbox 1193 1283 1236 1324; x_wconf 92' lang='lat' dir='ltr'><strong>me</strong></span> <span class='ocrx_word' id='word_1_183' title='bbox 1253 1267 1365 1324; x_wconf 89' lang='lat' dir='ltr'><strong>tentatio</strong></span> <span class='ocrx_word' id='word_1_184' title='bbox 1381 1267 1546 1323; x_wconf 87' lang='lat' dir='ltr'><strong>molestaret.</strong></span> 
     </span>
    </p>

    <p class='ocr_par' dir='ltr' id='par_1_7' title="bbox 959 1354 1759 1871">
     <span class='ocr_line' id='line_1_27' title="bbox 996 1354 1759 1429; baseline -0.009 -14"><span class='ocrx_word' id='word_1_185' title='bbox 996 1362 1023 1415; x_wconf 77' lang='grc' dir='ltr'><strong>ι.</strong></span> <span class='ocrx_word' id='word_1_186' title='bbox 1049 1357 1190 1413; x_wconf 90' lang='lat' dir='ltr'><strong>Secundus</strong></span> <span class='ocrx_word' id='word_1_187' title='bbox 1210 1371 1319 1429; x_wconf 89' lang='lat' dir='ltr'><strong>quoque</strong></span> <span class='ocrx_word' id='word_1_188' title='bbox 1338 1355 1417 1427; x_wconf 89' lang='lat' dir='ltr'><strong>panis</strong></span> <span class='ocrx_word' id='word_1_189' title='bbox 1435 1355 1484 1411; x_wconf 87' lang='lat' dir='ltr'><strong>luit</strong></span> <span class='ocrx_word' id='word_1_190' title='bbox 1512 1354 1688 1426; x_wconf 85' lang='lat' dir='ltr'><strong>exspectatio,</strong></span> <span class='ocrx_word' id='word_1_191' title='bbox 1705 1371 1759 1427; x_wconf 88' lang='lat' dir='ltr'><strong>qua</strong></span> 
     </span>
     <span class='ocr_line' id='line_1_28' title="bbox 961 1442 1757 1516; baseline -0.003 -17"><span class='ocrx_word' id='word_1_192' title='bbox 961 1446 1084 1501; x_wconf 89' lang='lat' dir='ltr'><strong>tardabat</strong></span> <span class='ocrx_word' id='word_1_193' title='bbox 1101 1444 1244 1515; x_wconf 90' lang='lat' dir='ltr'><strong>ultionem,</strong></span> <span class='ocrx_word' id='word_1_194' title='bbox 1265 1445 1326 1516; x_wconf 90' lang='lat' dir='ltr'><strong>quia</strong></span> <span class='ocrx_word' id='word_1_195' title='bbox 1340 1443 1537 1516; x_wconf 82' lang='lat' dir='ltr'><strong>indulgentiam</strong></span> <span class='ocrx_word' id='word_1_196' title='bbox 1560 1442 1705 1514; x_wconf 82' lang='lat' dir='ltr'><strong>cogitabat.</strong></span> <span class='ocrx_word' id='word_1_197' title='bbox 1721 1444 1757 1499; x_wconf 86' lang='lat' dir='ltr'><strong>Et</strong></span> 
     </span>
     <span class='ocr_line' id='line_1_29' title="bbox 960 1530 1758 1605; baseline -0.003 -17"><span class='ocrx_word' id='word_1_198' title='bbox 960 1535 1040 1604; x_wconf 89' lang='lat' dir='ltr'><strong>hujus</strong></span> <span class='ocrx_word' id='word_1_199' title='bbox 1055 1549 1121 1605; x_wconf 87' lang='lat' dir='ltr'><strong>ergo</strong></span> <span class='ocrx_word' id='word_1_200' title='bbox 1136 1532 1215 1604; x_wconf 86' lang='lat' dir='ltr'><strong>panis</strong></span> <span class='ocrx_word' id='word_1_201' title='bbox 1228 1533 1280 1588; x_wconf 88' lang='lat' dir='ltr'><strong>tria</strong></span> <span class='ocrx_word' id='word_1_202' title='bbox 1294 1532 1448 1604; x_wconf 88' lang='lat' dir='ltr'><strong>fragmenta</strong></span> <span class='ocrx_word' id='word_1_203' title='bbox 1461 1531 1585 1602; x_wconf 90' lang='lat' dir='ltr'><strong>accipite,</strong></span> <span class='ocrx_word' id='word_1_204' title='bbox 1606 1530 1758 1602; x_wconf 83' lang='lat' dir='ltr'><strong>cogitantes</strong></span> 
     </span>
     <span class='ocr_line' id='line_1_30' title="bbox 959 1619 1756 1694; baseline -0.001 -16"><span class='ocrx_word' id='word_1_205' title='bbox 959 1621 1192 1694; x_wconf 88' lang='lat' dir='ltr'><strong>longanimitatem</strong></span> <span class='ocrx_word' id='word_1_206' title='bbox 1216 1637 1296 1693; x_wconf 76' lang='grc' dir='ltr'>ιῃιιιιι</span> <span class='ocrx_word' id='word_1_207' title='bbox 1315 1621 1445 1691; x_wconf 84' lang='lat' dir='ltr'><strong>exhibuit,</strong></span> <span class='ocrx_word' id='word_1_208' title='bbox 1463 1619 1626 1676; x_wconf 90' lang='lat' dir='ltr'><strong>electionem</strong></span> <span class='ocrx_word' id='word_1_209' title='bbox 1648 1620 1756 1689; x_wconf 82' lang='lat' dir='ltr'><strong>praede-</strong></span> 
     </span>
     <span class='ocr_line' id='line_1_31' title="bbox 960 1708 1755 1783; baseline -0.004 -18"><span class='ocrx_word' id='word_1_210' title='bbox 960 1709 1113 1768; x_wconf 91' lang='lat' dir='ltr'><strong>stinationis</strong></span> <span class='ocrx_word' id='word_1_211' title='bbox 1133 1726 1190 1766; x_wconf 81' lang='lat' dir='ltr'><strong>sure</strong></span> <span class='ocrx_word' id='word_1_212' title='bbox 1205 1726 1286 1783; x_wconf 91' lang='lat' dir='ltr'><strong>quam</strong></span> <span class='ocrx_word' id='word_1_213' title='bbox 1309 1709 1417 1781; x_wconf 92' lang='lat' dir='ltr'><strong>impleri</strong></span> <span class='ocrx_word' id='word_1_214' title='bbox 1439 1708 1533 1776; x_wconf 91' lang='lat' dir='ltr'><strong>voluit,</strong></span> <span class='ocrx_word' id='word_1_215' title='bbox 1554 1715 1582 1765; x_wconf 89' lang='lat' dir='ltr'><strong>et</strong></span> <span class='ocrx_word' id='word_1_216' title='bbox 1596 1709 1755 1764; x_wconf 89' lang='lat' dir='ltr'><strong>charitatem</strong></span> 
     </span>
     <span class='ocr_line' id='line_1_32' title="bbox 959 1797 1757 1871; baseline -0.003 -17"><span class='ocrx_word' id='word_1_217' title='bbox 959 1800 1070 1855; x_wconf 91' lang='lat' dir='ltr'><strong>nimiam</strong></span> <span class='ocrx_word' id='word_1_218' title='bbox 1081 1817 1134 1871; x_wconf 91' lang='lat' dir='ltr'><strong>qun</strong></span> <span class='ocrx_word' id='word_1_219' title='bbox 1144 1817 1187 1856; x_wconf 90' lang='lat' dir='ltr'><strong>me</strong></span> <span class='ocrx_word' id='word_1_220' title='bbox 1198 1799 1301 1855; x_wconf 87' lang='lat' dir='ltr'><strong>dilexit.</strong></span> <span class='ocrx_word' id='word_1_221' title='bbox 1315 1799 1431 1869; x_wconf 90' lang='lat' dir='ltr'><strong>Propter</strong></span> <span class='ocrx_word' id='word_1_222' title='bbox 1441 1798 1492 1853; x_wconf 92' lang='lat' dir='ltr'><strong>hoc</strong></span> <span class='ocrx_word' id='word_1_223' title='bbox 1506 1797 1578 1853; x_wconf 89' lang='lat' dir='ltr'><strong>enim</strong></span> <span class='ocrx_word' id='word_1_224' title='bbox 1593 1804 1757 1870; x_wconf 85' lang='lat' dir='ltr'><strong>exspectans</strong></span> 
     </span>
    </p>
   </div>
   <div class='ocr_carea' id='block_1_7' title="bbox 106 1883 1754 1963">
    <p class='ocr_par' dir='ltr' id='par_1_8' title="bbox 106 1883 1754 1963">
     <span class='ocr_line' id='line_1_33' title="bbox 106 1883 1754 1963; baseline -0.001 -20"><span class='ocrx_word' id='word_1_225' title='bbox 106 1887 191 1957; x_wconf 86' lang='lat' dir='ltr'><strong>nirer,</strong></span> <span class='ocrx_word' id='word_1_226' title='bbox 207 1889 242 1944; x_wconf 90' lang='lat' dir='ltr'><strong>de</strong></span> <span class='ocrx_word' id='word_1_227' title='bbox 257 1888 355 1959; x_wconf 92' lang='lat' dir='ltr'><strong>quibus</strong></span> <span class='ocrx_word' id='word_1_228' title='bbox 368 1888 531 1946; x_wconf 86' lang='lat' dir='ltr'><strong>Psalmista:</strong></span> <span class='ocrx_word' id='word_1_229' title='bbox 557 1891 647 1956; x_wconf 83' lang='lat' dir='ltr'><strong>Beati,</strong></span> <span class='ocrx_word' id='word_1_230' title='bbox 667 1889 763 1963; x_wconf 88' lang='lat' dir='ltr'><strong>inquit,</strong></span> <span class='ocrx_word' id='word_1_231' title='bbox 784 1905 903 1962; x_wconf 75' lang='lat' dir='ltr'><strong>priorum</strong></span> <span class='ocrx_word' id='word_1_232' title='bbox 920 1883 942 1960; x_wconf 77' lang='lat' dir='ltr'><strong>B</strong></span> <span class='ocrx_word' id='word_1_233' title='bbox 959 1890 1126 1959; x_wconf 87' lang='lat' dir='ltr'><strong>exspectavit</strong></span> <span class='ocrx_word' id='word_1_234' title='bbox 1140 1905 1183 1944; x_wconf 89' lang='lat' dir='ltr'><strong>me</strong></span> <span class='ocrx_word' id='word_1_235' title='bbox 1204 1888 1346 1958; x_wconf 89' lang='lat' dir='ltr'><strong>Dominus,</strong></span> <span class='ocrx_word' id='word_1_236' title='bbox 1363 1895 1390 1942; x_wconf 93' lang='lat' dir='ltr'><strong>et</strong></span> <span class='ocrx_word' id='word_1_237' title='bbox 1412 1902 1465 1942; x_wconf 92' lang='lat' dir='ltr'><strong>non</strong></span> <span class='ocrx_word' id='word_1_238' title='bbox 1479 1885 1596 1942; x_wconf 86' lang='lat' dir='ltr'><strong>intendit</strong></span> <span class='ocrx_word' id='word_1_239' title='bbox 1611 1885 1686 1952; x_wconf 90' lang='lat' dir='ltr'><strong>mihi,</strong></span> <span class='ocrx_word' id='word_1_240' title='bbox 1705 1886 1754 1942; x_wconf 91' lang='lat' dir='ltr'><strong>sed</strong></span> 
     </span>
    </p>
   </div>
   <div class='ocr_carea' id='block_1_8' title="bbox 102 1978 904 2494">
    <p class='ocr_par' dir='ltr' id='par_1_9' title="bbox 104 1978 902 2137">
     <span class='ocr_line' id='line_1_34' title="bbox 105 1978 902 2053; baseline 0.006 -21"><span class='ocrx_word' id='word_1_241' title='bbox 105 1978 228 2034; x_wconf 81' lang='lat' dir='ltr'><strong>remisse</strong></span> <span class='ocrx_word' id='word_1_242' title='bbox 239 1982 307 2034; x_wconf 81' lang='lat' dir='ltr'><strong>sont</strong></span> <span class='ocrx_word' id='word_1_243' title='bbox 317 1979 493 2052; x_wconf 84' lang='lat' dir='ltr'><strong>iniquitates,</strong></span> <span class='ocrx_word' id='word_1_244' title='bbox 506 1984 534 2035; x_wconf 87' lang='lat' dir='ltr'><strong>et</strong></span> <span class='ocrx_word' id='word_1_245' title='bbox 545 1994 667 2053; x_wconf 81' lang='lat' dir='ltr'><strong>quoram</strong></span> <span class='ocrx_word' id='word_1_246' title='bbox 678 1982 753 2036; x_wconf 86' lang='lat' dir='ltr'><strong>tecta</strong></span> <span class='ocrx_word' id='word_1_247' title='bbox 762 1983 902 2052; x_wconf 83' lang='lat' dir='ltr'><strong>sontpee·</strong></span> 
     </span>
     <span class='ocr_line' id='line_1_35' title="bbox 104 2067 425 2137; baseline 0 -16"><span class='ocrx_word' id='word_1_248' title='bbox 104 2071 171 2122; x_wconf 84' lang='lat' dir='ltr'><strong>ecto</strong></span> <span class='ocrx_word' id='word_1_249' title='bbox 185 2067 274 2137; x_wconf 80' lang='lat' dir='ltr'><strong>(Psoi.</strong></span> <span class='ocrx_word' id='word_1_250' title='bbox 289 2081 371 2135; x_wconf 82' lang='lat' dir='ltr'><strong>xxxi,</strong></span> <span class='ocrx_word' id='word_1_251' title='bbox 388 2072 425 2135; x_wconf 84' lang='lat' dir='ltr'><strong>t).</strong></span> 
     </span>
    </p>

    <p class='ocr_par' dir='ltr' id='par_1_10' title="bbox 102 2154 904 2494">
     <span class='ocr_line' id='line_1_36' title="bbox 140 2154 901 2228; baseline 0 -18"><span class='ocrx_word' id='word_1_252' title='bbox 140 2157 167 2210; x_wconf 76' lang='lat'><strong>5.</strong></span> <span class='ocrx_word' id='word_1_253' title='bbox 191 2155 319 2228; x_wconf 87' lang='lat' dir='ltr'><strong>Sequitur</strong></span> <span class='ocrx_word' id='word_1_254' title='bbox 339 2154 524 2213; x_wconf 88' lang='lat' dir='ltr'><strong>misericordia</strong></span> <span class='ocrx_word' id='word_1_255' title='bbox 542 2156 647 2228; x_wconf 92' lang='lat' dir='ltr'><strong>quinta,</strong></span> <span class='ocrx_word' id='word_1_256' title='bbox 670 2172 719 2228; x_wconf 92' lang='lat' dir='ltr'><strong>per</strong></span> <span class='ocrx_word' id='word_1_257' title='bbox 740 2172 821 2228; x_wconf 91' lang='lat' dir='ltr'><strong>quam</strong></span> <span class='ocrx_word' id='word_1_258' title='bbox 834 2156 901 2211; x_wconf 92' lang='lat' dir='ltr'><strong>mihi</strong></span> 
     </span>
     <span class='ocr_line' id='line_1_37' title="bbox 103 2242 901 2317; baseline 0 -17"><span class='ocrx_word' id='word_1_259' title='bbox 103 2242 261 2300; x_wconf 89' lang='lat' dir='ltr'><strong>continendi</strong></span> <span class='ocrx_word' id='word_1_260' title='bbox 276 2243 415 2316; x_wconf 87' lang='lat' dir='ltr'><strong>deinceps,</strong></span> <span class='ocrx_word' id='word_1_261' title='bbox 436 2253 464 2302; x_wconf 87' lang='lat' dir='ltr'><strong>et</strong></span> <span class='ocrx_word' id='word_1_262' title='bbox 479 2245 650 2302; x_wconf 90' lang='lat' dir='ltr'><strong>emendatius</strong></span> <span class='ocrx_word' id='word_1_263' title='bbox 669 2244 777 2302; x_wconf 83' lang='lat' dir='ltr'><strong>vivendi</strong></span> <span class='ocrx_word' id='word_1_264' title='bbox 791 2244 901 2317; x_wconf 84' lang='lat' dir='ltr'><strong>praesti·</strong></span> 
     </span>
     <span class='ocr_line' id='line_1_38' title="bbox 103 2331 900 2405; baseline 0.005 -21"><span class='ocrx_word' id='word_1_265' title='bbox 103 2331 158 2387; x_wconf 91' lang='lat' dir='ltr'><strong>tisti</strong></span> <span class='ocrx_word' id='word_1_266' title='bbox 171 2331 307 2395; x_wconf 84' lang='lat' dir='ltr'><strong>virtutem,</strong></span> <span class='ocrx_word' id='word_1_267' title='bbox 321 2348 357 2388; x_wconf 92' lang='lat' dir='ltr'><strong>ne</strong></span> <span class='ocrx_word' id='word_1_268' title='bbox 371 2333 520 2391; x_wconf 86' lang='lat' dir='ltr'><strong>recidivum</strong></span> <span class='ocrx_word' id='word_1_269' title='bbox 536 2341 655 2405; x_wconf 84' lang='lat' dir='ltr'><strong>paterer,</strong></span> <span class='ocrx_word' id='word_1_270' title='bbox 672 2340 699 2390; x_wconf 92' lang='lat' dir='ltr'><strong>et</strong></span> <span class='ocrx_word' id='word_1_271' title='bbox 713 2341 786 2388; x_wconf 88' lang='lat' dir='ltr'><strong>esset</strong></span> <span class='ocrx_word' id='word_1_272' title='bbox 807 2333 900 2388; x_wconf 91' lang='lat' dir='ltr'><strong>novis-</strong></span> 
     </span>
     <span class='ocr_line' id='line_1_39' title="bbox 102 2419 904 2494; baseline 0 -19"><span class='ocrx_word' id='word_1_273' title='bbox 102 2419 186 2476; x_wconf 88' lang='lat' dir='ltr'><strong>simus</strong></span> <span class='ocrx_word' id='word_1_274' title='bbox 205 2435 283 2478; x_wconf 91' lang='lat' dir='ltr'><strong>error</strong></span> <span class='ocrx_word' id='word_1_275' title='bbox 303 2423 384 2493; x_wconf 82' lang='lat' dir='ltr'><strong>pejor</strong></span> <span class='ocrx_word' id='word_1_276' title='bbox 401 2421 504 2494; x_wconf 89' lang='lat' dir='ltr'><strong>priore.</strong></span> <span class='ocrx_word' id='word_1_277' title='bbox 520 2422 638 2480; x_wconf 87' lang='lat' dir='ltr'><strong>Omnino</strong></span> <span class='ocrx_word' id='word_1_278' title='bbox 662 2422 734 2478; x_wconf 88' lang='lat' dir='ltr'><strong>enim</strong></span> <span class='ocrx_word' id='word_1_279' title='bbox 758 2420 904 2482; x_wconf 79' lang='lat' dir='ltr'><strong>manifeste,</strong></span> 
     </span>
    </p>
   </div>
   <div class='ocr_carea' id='block_1_9' title="bbox 956 1974 1755 2315">
    <p class='ocr_par' dir='ltr' id='par_1_11' title="bbox 956 1974 1755 2315">
     <span class='ocr_line' id='line_1_40' title="bbox 956 1974 1755 2046; baseline -0.005 -12"><span class='ocrx_word' id='word_1_280' title='bbox 956 1979 1050 2034; x_wconf 92' lang='lat' dir='ltr'><strong>oculos</strong></span> <span class='ocrx_word' id='word_1_281' title='bbox 1072 1993 1136 2034; x_wconf 91' lang='lat' dir='ltr'><strong>suos</strong></span> <span class='ocrx_word' id='word_1_282' title='bbox 1158 1978 1255 2032; x_wconf 82' lang='lat' dir='ltr'><strong>avertit</strong></span> <span class='ocrx_word' id='word_1_283' title='bbox 1275 1993 1292 2030; x_wconf 92' lang='lat' dir='ltr'><strong>a</strong></span> <span class='ocrx_word' id='word_1_284' title='bbox 1310 1975 1428 2046; x_wconf 84' lang='lat' dir='ltr'><strong>peccatis</strong></span> <span class='ocrx_word' id='word_1_285' title='bbox 1451 1975 1529 2043; x_wconf 89' lang='lat' dir='ltr'><strong>meis,</strong></span> <span class='ocrx_word' id='word_1_286' title='bbox 1558 1975 1636 2046; x_wconf 92' lang='lat' dir='ltr'><strong>quasi</strong></span> <span class='ocrx_word' id='word_1_287' title='bbox 1660 1974 1755 2030; x_wconf 88' lang='lat' dir='ltr'><strong>nolens</strong></span> 
     </span>
     <span class='ocr_line' id='line_1_41' title="bbox 956 2061 1753 2138; baseline -0.008 -17"><span class='ocrx_word' id='word_1_288' title='bbox 956 2067 1100 2124; x_wconf 88' lang='lat' dir='ltr'><strong>advertere</strong></span> <span class='ocrx_word' id='word_1_289' title='bbox 1122 2071 1254 2138; x_wconf 90' lang='lat' dir='ltr'><strong>quantum</strong></span> <span class='ocrx_word' id='word_1_290' title='bbox 1279 2064 1478 2136; x_wconf 88' lang='lat' dir='ltr'><strong>delinquerem.</strong></span> <span class='ocrx_word' id='word_1_291' title='bbox 1497 2061 1612 2135; x_wconf 88' lang='lat' dir='ltr'><strong>Propter</strong></span> <span class='ocrx_word' id='word_1_292' title='bbox 1634 2063 1695 2130; x_wconf 89' lang='lat' dir='ltr'><strong>hoc,</strong></span> <span class='ocrx_word' id='word_1_293' title='bbox 1711 2061 1753 2116; x_wconf 92' lang='lat' dir='ltr'><strong>iu·</strong></span> 
     </span>
     <span class='ocr_line' id='line_1_42' title="bbox 956 2149 1753 2227; baseline -0.005 -15"><span class='ocrx_word' id='word_1_294' title='bbox 956 2171 1048 2227; x_wconf 90' lang='lat' dir='ltr'><strong>quam,</strong></span> <span class='ocrx_word' id='word_1_295' title='bbox 1080 2153 1265 2212; x_wconf 89' lang='lat' dir='ltr'><strong>dissimulabat</strong></span> <span class='ocrx_word' id='word_1_296' title='bbox 1291 2161 1321 2210; x_wconf 95' lang='lat' dir='ltr'><strong>ut</strong></span> <span class='ocrx_word' id='word_1_297' title='bbox 1357 2151 1562 2208; x_wconf 90' lang='lat' dir='ltr'><strong>commendaret</strong></span> <span class='ocrx_word' id='word_1_298' title='bbox 1598 2149 1753 2222; x_wconf 88' lang='lat' dir='ltr'><strong>patientiam</strong></span> 
     </span>
     <span class='ocr_line' id='line_1_43' title="bbox 956 2238 1754 2315; baseline -0.005 -15"><span class='ocrx_word' id='word_1_299' title='bbox 956 2261 1042 2314; x_wconf 89' lang='lat' dir='ltr'><strong>suam,</strong></span> <span class='ocrx_word' id='word_1_300' title='bbox 1062 2253 1091 2300; x_wconf 91' lang='lat' dir='ltr'><strong>ut</strong></span> <span class='ocrx_word' id='word_1_301' title='bbox 1105 2243 1232 2315; x_wconf 89' lang='lat' dir='ltr'><strong>impleret</strong></span> <span class='ocrx_word' id='word_1_302' title='bbox 1245 2241 1407 2298; x_wconf 87' lang='lat' dir='ltr'><strong>electionem</strong></span> <span class='ocrx_word' id='word_1_303' title='bbox 1430 2255 1517 2308; x_wconf 91' lang='lat' dir='ltr'><strong>suam,</strong></span> <span class='ocrx_word' id='word_1_304' title='bbox 1532 2246 1561 2296; x_wconf 95' lang='lat' dir='ltr'><strong>ut</strong></span> <span class='ocrx_word' id='word_1_305' title='bbox 1580 2238 1754 2296; x_wconf 80' lang='lat' dir='ltr'><strong>continuaret</strong></span> 
     </span>
    </p>
   </div>
   <div class='ocr_carea' id='block_1_10' title="bbox 954 2334 1752 2492">
    <p class='ocr_par' dir='ltr' id='par_1_12' title="bbox 954 2334 1752 2492">
     <span class='ocr_line' id='line_1_44' title="bbox 954 2334 1214 2390; baseline -0.008 0"><span class='ocrx_word' id='word_1_306' title='bbox 954 2334 1113 2390; x_wconf 88' lang='lat' dir='ltr'><strong>charitatem</strong></span> <span class='ocrx_word' id='word_1_307' title='bbox 1127 2348 1214 2388; x_wconf 89' lang='lat' dir='ltr'><strong>suam.</strong></span> 
     </span>
     <span class='ocr_line' id='line_1_45' title="bbox 990 2416 1752 2492; baseline -0.008 -16"><span class='ocrx_word' id='word_1_308' title='bbox 990 2425 1017 2476; x_wconf 85' lang='grc'><strong>3.</strong></span> <span class='ocrx_word' id='word_1_309' title='bbox 1032 2421 1073 2476; x_wconf 93' lang='lat' dir='ltr'><strong>De</strong></span> <span class='ocrx_word' id='word_1_310' title='bbox 1088 2419 1167 2477; x_wconf 91' lang='lat' dir='ltr'><strong>tertio</strong></span> <span class='ocrx_word' id='word_1_311' title='bbox 1183 2433 1291 2492; x_wconf 89' lang='lat' dir='ltr'><strong>quoque</strong></span> <span class='ocrx_word' id='word_1_312' title='bbox 1305 2433 1386 2490; x_wconf 88' lang='lat' dir='ltr'><strong>pane,</strong></span> <span class='ocrx_word' id='word_1_313' title='bbox 1404 2419 1463 2488; x_wconf 87' lang='lat' dir='ltr'><strong>ejus</strong></span> <span class='ocrx_word' id='word_1_314' title='bbox 1474 2417 1580 2474; x_wconf 88' lang='lat' dir='ltr'><strong>scilicet</strong></span> <span class='ocrx_word' id='word_1_315' title='bbox 1593 2416 1752 2473; x_wconf 91' lang='lat' dir='ltr'><strong>misericor-</strong></span> 
     </span>
    </p>
   </div>
   <div class='ocr_carea' id='block_1_11' title="bbox 93 2505 1752 3556">
    <p class='ocr_par' dir='ltr' id='par_1_13' title="bbox 95 2505 1752 3384">
     <span class='ocr_line' id='line_1_46' title="bbox 101 2505 1750 2584; baseline -0.001 -22"><span class='ocrx_word' id='word_1_316' title='bbox 101 2515 155 2564; x_wconf 85' lang='lat' dir='ltr'><strong>tuea</strong></span> <span class='ocrx_word' id='word_1_317' title='bbox 177 2518 230 2579; x_wconf 88' lang='lat' dir='ltr'><strong>est,</strong></span> <span class='ocrx_word' id='word_1_318' title='bbox 255 2510 370 2566; x_wconf 88' lang='lat' dir='ltr'><strong>Domine</strong></span> <span class='ocrx_word' id='word_1_319' title='bbox 393 2510 477 2576; x_wconf 92' lang='lat' dir='ltr'><strong>Deus,</strong></span> <span class='ocrx_word' id='word_1_320' title='bbox 504 2519 530 2565; x_wconf 89' lang='lat' dir='ltr'><strong>ct</strong></span> <span class='ocrx_word' id='word_1_321' title='bbox 554 2527 610 2565; x_wconf 89' lang='lat' dir='ltr'><strong>nou</strong></span> <span class='ocrx_word' id='word_1_322' title='bbox 633 2511 758 2565; x_wconf 88' lang='lat' dir='ltr'><strong>humanae</strong></span> <span class='ocrx_word' id='word_1_323' title='bbox 782 2508 899 2576; x_wconf 88' lang='lat' dir='ltr'><strong>virtutis,</strong></span> <span class='ocrx_word' id='word_1_324' title='bbox 955 2511 1007 2566; x_wconf 88' lang='lat' dir='ltr'><strong>diae</strong></span> <span class='ocrx_word' id='word_1_325' title='bbox 1021 2526 1077 2584; x_wconf 90' lang='lat' dir='ltr'><strong>qua</strong></span> <span class='ocrx_word' id='word_1_326' title='bbox 1091 2508 1224 2567; x_wconf 87' lang='lat' dir='ltr'><strong>convertit</strong></span> <span class='ocrx_word' id='word_1_327' title='bbox 1239 2507 1332 2564; x_wconf 87' lang='lat' dir='ltr'><strong>nosad</strong></span> <span class='ocrx_word' id='word_1_328' title='bbox 1347 2505 1547 2577; x_wconf 87' lang='lat' dir='ltr'><strong>poeniteutiam,</strong></span> <span class='ocrx_word' id='word_1_329' title='bbox 1563 2506 1613 2560; x_wconf 91' lang='lat' dir='ltr'><strong>tria</strong></span> <span class='ocrx_word' id='word_1_330' title='bbox 1628 2520 1682 2562; x_wconf 90' lang='lat' dir='ltr'><strong>non</strong></span> <span class='ocrx_word' id='word_1_331' title='bbox 1697 2514 1750 2562; x_wconf 90' lang='lat' dir='ltr'><strong>tam</strong></span> 
     </span>
     <span class='ocr_line' id='line_1_47' title="bbox 99 2594 1752 2674; baseline 0 -24"><span class='ocrx_word' id='word_1_332' title='bbox 99 2606 255 2669; x_wconf 88' lang='lat' dir='ltr'><strong>susceptum</strong></span> <span class='ocrx_word' id='word_1_333' title='bbox 289 2604 374 2654; x_wconf 88' lang='lat' dir='ltr'><strong>semet</strong></span> <span class='ocrx_word' id='word_1_334' title='bbox 387 2598 492 2671; x_wconf 90' lang='lat' dir='ltr'><strong>peccati</strong></span> <span class='ocrx_word' id='word_1_335' title='bbox 505 2599 601 2674; x_wconf 85' lang='lat' dir='ltr'><strong>jugum</strong></span> <span class='ocrx_word' id='word_1_336' title='bbox 625 2615 641 2654; x_wconf 90' lang='lat' dir='ltr'><strong>a</strong></span> <span class='ocrx_word' id='word_1_337' title='bbox 668 2598 819 2655; x_wconf 84' lang='lat' dir='ltr'><strong>cervicibus</strong></span> <span class='ocrx_word' id='word_1_338' title='bbox 843 2597 900 2653; x_wconf 87' lang='lat' dir='ltr'><strong>suis</strong></span> <span class='ocrx_word' id='word_1_339' title='bbox 954 2597 1107 2674; x_wconf 84' lang='lat' dir='ltr'><strong>fragmenta</strong></span> <span class='ocrx_word' id='word_1_340' title='bbox 1121 2613 1203 2669; x_wconf 92' lang='lat' dir='ltr'><strong>qnam</strong></span> <span class='ocrx_word' id='word_1_341' title='bbox 1217 2595 1302 2651; x_wconf 85' lang='lat' dir='ltr'><strong>frusta</strong></span> <span class='ocrx_word' id='word_1_342' title='bbox 1311 2595 1389 2652; x_wconf 90' lang='lat' dir='ltr'><strong>vobis</strong></span> <span class='ocrx_word' id='word_1_343' title='bbox 1398 2599 1516 2666; x_wconf 88' lang='lat' dir='ltr'><strong>appono.</strong></span> <span class='ocrx_word' id='word_1_344' title='bbox 1533 2594 1607 2649; x_wconf 90' lang='lat' dir='ltr'><strong>Tune</strong></span> <span class='ocrx_word' id='word_1_345' title='bbox 1622 2594 1705 2664; x_wconf 90' lang='lat' dir='ltr'><strong>enim,</strong></span> <span class='ocrx_word' id='word_1_346' title='bbox 1722 2603 1752 2650; x_wconf 92' lang='lat' dir='ltr'><strong>ut</strong></span> 
     </span>
     <span class='ocr_line' id='line_1_48' title="bbox 100 2682 1752 2759; baseline -0.002 -19"><span class='ocrx_word' id='word_1_347' title='bbox 100 2692 245 2754; x_wconf 89' lang='lat' dir='ltr'><strong>excutere;</strong></span> <span class='ocrx_word' id='word_1_348' title='bbox 261 2685 389 2758; x_wconf 90' lang='lat' dir='ltr'><strong>quoniam</strong></span> <span class='ocrx_word' id='word_1_349' title='bbox 404 2687 493 2742; x_wconf 89' lang='lat' dir='ltr'><strong>omnis</strong></span> <span class='ocrx_word' id='word_1_350' title='bbox 507 2686 554 2759; x_wconf 91' lang='lat' dir='ltr'><strong>qui</strong></span> <span class='ocrx_word' id='word_1_351' title='bbox 563 2686 627 2743; x_wconf 86' lang='lat' dir='ltr'><strong>lacit</strong></span> <span class='ocrx_word' id='word_1_352' title='bbox 640 2695 792 2758; x_wconf 90' lang='lat' dir='ltr'><strong>peccatum,</strong></span> <span class='ocrx_word' id='word_1_353' title='bbox 803 2703 899 2743; x_wconf 92' lang='lat' dir='ltr'><strong>servus</strong></span> <span class='ocrx_word' id='word_1_354' title='bbox 953 2689 1024 2744; x_wconf 91' lang='lat' dir='ltr'><strong>hene</strong></span> <span class='ocrx_word' id='word_1_355' title='bbox 1038 2686 1159 2755; x_wconf 90' lang='lat' dir='ltr'><strong>memini,</strong></span> <span class='ocrx_word' id='word_1_356' title='bbox 1179 2683 1315 2742; x_wconf 88' lang='lat' dir='ltr'><strong>concussit</strong></span> <span class='ocrx_word' id='word_1_357' title='bbox 1329 2698 1492 2752; x_wconf 88' lang='lat' dir='ltr'><strong>cormeum,</strong></span> <span class='ocrx_word' id='word_1_358' title='bbox 1507 2682 1629 2740; x_wconf 88' lang='lat' dir='ltr'><strong>excitans</strong></span> <span class='ocrx_word' id='word_1_359' title='bbox 1643 2682 1707 2739; x_wconf 93' lang='lat' dir='ltr'><strong>illud</strong></span> <span class='ocrx_word' id='word_1_360' title='bbox 1722 2691 1752 2738; x_wconf 93' lang='lat' dir='ltr'><strong>nt</strong></span> 
     </span>
     <span class='ocr_line' id='line_1_49' title="bbox 99 2772 1752 2848; baseline -0.001 -19"><span class='ocrx_word' id='word_1_361' title='bbox 99 2782 142 2829; x_wconf 90' lang='lat' dir='ltr'><strong>cst</strong></span> <span class='ocrx_word' id='word_1_362' title='bbox 155 2775 262 2846; x_wconf 89' lang='lat' dir='ltr'><strong>peccati</strong></span> <span class='ocrx_word' id='word_1_363' title='bbox 276 2775 368 2846; x_wconf 76' lang='lat' dir='ltr'><strong>(ioue.</strong></span> <span class='ocrx_word' id='word_1_364' title='bbox 385 2791 447 2840; x_wconf 91' lang='lat' dir='ltr'><strong>vrrr,</strong></span> <span class='ocrx_word' id='word_1_365' title='bbox 463 2777 521 2848; x_wconf 80' lang='lat' dir='ltr'><strong>st),</strong></span> <span class='ocrx_word' id='word_1_366' title='bbox 532 2791 584 2832; x_wconf 90' lang='grc' dir='ltr'><strong>ιιι</strong></span> <span class='ocrx_word' id='word_1_367' title='bbox 597 2782 638 2832; x_wconf 88' lang='grc' dir='ltr'><strong>ιιι</strong></span> <span class='ocrx_word' id='word_1_368' title='bbox 651 2776 707 2845; x_wconf 87' lang='lat' dir='ltr'><strong>jam</strong></span> <span class='ocrx_word' id='word_1_369' title='bbox 720 2775 832 2831; x_wconf 89' lang='lat' dir='ltr'><strong>liberari</strong></span> <span class='ocrx_word' id='word_1_370' title='bbox 847 2775 898 2830; x_wconf 92' lang='lat' dir='ltr'><strong>nisi</strong></span> <span class='ocrx_word' id='word_1_371' title='bbox 953 2777 1107 2833; x_wconf 86' lang='lat' dir='ltr'><strong>adverteret</strong></span> <span class='ocrx_word' id='word_1_372' title='bbox 1128 2772 1215 2830; x_wconf 68' lang='lat' dir='ltr'><strong><em>w</em></strong></span> <span class='ocrx_word' id='word_1_373' title='bbox 1239 2787 1350 2828; x_wconf 90' lang='lat' dir='ltr'><strong>suorum</strong></span> <span class='ocrx_word' id='word_1_374' title='bbox 1378 2772 1491 2828; x_wconf 82' lang='lat' dir='ltr'><strong>uulnera</strong></span> <span class='ocrx_word' id='word_1_375' title='bbox 1513 2777 1697 2842; x_wconf 88' lang='lat' dir='ltr'><strong>peccatorum,</strong></span> <span class='ocrx_word' id='word_1_376' title='bbox 1722 2781 1752 2827; x_wconf 92' lang='lat' dir='ltr'><strong>et</strong></span> 
     </span>
     <span class='ocr_line' id='line_1_50' title="bbox 97 2858 1749 2936; baseline 0 -20"><span class='ocrx_word' id='word_1_377' title='bbox 97 2861 128 2917; x_wconf 92' lang='lat' dir='ltr'><strong>in</strong></span> <span class='ocrx_word' id='word_1_378' title='bbox 142 2877 224 2919; x_wconf 89' lang='lat' dir='ltr'><strong>mauu</strong></span> <span class='ocrx_word' id='word_1_379' title='bbox 239 2862 311 2919; x_wconf 85' lang='lat' dir='ltr'><strong>lorti.</strong></span> <span class='ocrx_word' id='word_1_380' title='bbox 336 2864 395 2920; x_wconf 88' lang='lat' dir='ltr'><strong>lam</strong></span> <span class='ocrx_word' id='word_1_381' title='bbox 409 2878 475 2920; x_wconf 86' lang='lat' dir='ltr'><strong>vero</strong></span> <span class='ocrx_word' id='word_1_382' title='bbox 507 2870 649 2934; x_wconf 89' lang='lat' dir='ltr'><strong>postquam</strong></span> <span class='ocrx_word' id='word_1_383' title='bbox 671 2863 698 2918; x_wconf 92' lang='lat' dir='ltr'><strong>in</strong></span> <span class='ocrx_word' id='word_1_384' title='bbox 722 2863 764 2919; x_wconf 89' lang='lat' dir='ltr'><strong>his</strong></span> <span class='ocrx_word' id='word_1_385' title='bbox 778 2863 897 2936; x_wconf 89' lang='lat' dir='ltr'><strong>quinque</strong></span> <span class='ocrx_word' id='word_1_386' title='bbox 952 2864 1092 2924; x_wconf 89' lang='lat' dir='ltr'><strong>vulnerum</strong></span> <span class='ocrx_word' id='word_1_387' title='bbox 1107 2861 1220 2919; x_wconf 88' lang='lat' dir='ltr'><strong>sentiret</strong></span> <span class='ocrx_word' id='word_1_388' title='bbox 1231 2861 1363 2917; x_wconf 90' lang='lat' dir='ltr'><strong>dolorem.</strong></span> <span class='ocrx_word' id='word_1_389' title='bbox 1380 2859 1469 2914; x_wconf 88' lang='lat' dir='ltr'><strong>Etiam</strong></span> <span class='ocrx_word' id='word_1_390' title='bbox 1496 2867 1523 2915; x_wconf 92' lang='lat' dir='ltr'><strong>et</strong></span> <span class='ocrx_word' id='word_1_391' title='bbox 1538 2858 1644 2927; x_wconf 89' lang='lat' dir='ltr'><strong>terruit,</strong></span> <span class='ocrx_word' id='word_1_392' title='bbox 1659 2859 1749 2916; x_wconf 87' lang='lat' dir='ltr'><strong>dedu-</strong></span> 
     </span>
     <span class='ocr_line' id='line_1_51' title="bbox 98 2947 1749 3024; baseline -0.001 -18"><span class='ocrx_word' id='word_1_393' title='bbox 98 2951 321 3009; x_wconf 88' lang='lat' dir='ltr'><strong>miserationibus</strong></span> <span class='ocrx_word' id='word_1_394' title='bbox 351 2967 368 3006; x_wconf 93' lang='lat' dir='ltr'><strong>a</strong></span> <span class='ocrx_word' id='word_1_395' title='bbox 392 2952 463 3008; x_wconf 92' lang='lat' dir='ltr'><strong>malo</strong></span> <span class='ocrx_word' id='word_1_396' title='bbox 495 2951 663 3021; x_wconf 85' lang='lat' dir='ltr'><strong>liberareris,</strong></span> <span class='ocrx_word' id='word_1_397' title='bbox 696 2959 724 3007; x_wconf 93' lang='lat' dir='ltr'><strong>ut</strong></span> <span class='ocrx_word' id='word_1_398' title='bbox 747 2951 793 3007; x_wconf 85' lang='lat' dir='ltr'><strong>liat</strong></span> <span class='ocrx_word' id='word_1_399' title='bbox 825 2953 897 3024; x_wconf 93' lang='lat' dir='ltr'><strong>quod</strong></span> <span class='ocrx_word' id='word_1_400' title='bbox 952 2969 1018 3010; x_wconf 90' lang='lat' dir='ltr'><strong>cens</strong></span> <span class='ocrx_word' id='word_1_401' title='bbox 1033 2953 1067 3008; x_wconf 91' lang='lat' dir='ltr'><strong>ad</strong></span> <span class='ocrx_word' id='word_1_402' title='bbox 1082 2948 1279 3024; x_wconf 84' lang='lat' dir='ltr'><strong>portasinieri,</strong></span> <span class='ocrx_word' id='word_1_403' title='bbox 1296 2955 1323 3005; x_wconf 91' lang='grc' dir='ltr'><strong>ιι</strong></span> <span class='ocrx_word' id='word_1_404' title='bbox 1338 2953 1490 3019; x_wconf 87' lang='lat' dir='ltr'><strong>praeparata</strong></span> <span class='ocrx_word' id='word_1_405' title='bbox 1504 2947 1604 3020; x_wconf 92' lang='lat' dir='ltr'><strong>iniquis</strong></span> <span class='ocrx_word' id='word_1_406' title='bbox 1618 2947 1749 3019; x_wconf 87' lang='lat' dir='ltr'><strong>supplieia</strong></span> 
     </span>
     <span class='ocr_line' id='line_1_52' title="bbox 97 3035 1748 3112; baseline -0.002 -17"><span class='ocrx_word' id='word_1_407' title='bbox 97 3038 229 3111; x_wconf 87' lang='lat' dir='ltr'><strong>scripturn</strong></span> <span class='ocrx_word' id='word_1_408' title='bbox 245 3047 302 3096; x_wconf 90' lang='lat' dir='ltr'><strong>est:</strong></span> <span class='ocrx_word' id='word_1_409' title='bbox 318 3042 437 3099; x_wconf 85' lang='lat' dir='ltr'><strong>Declirro</strong></span> <span class='ocrx_word' id='word_1_410' title='bbox 450 3059 468 3098; x_wconf 87' lang='lat' dir='ltr'><strong>o</strong></span> <span class='ocrx_word' id='word_1_411' title='bbox 481 3043 568 3110; x_wconf 84' lang='lat' dir='ltr'><strong>molo,</strong></span> <span class='ocrx_word' id='word_1_412' title='bbox 584 3046 610 3098; x_wconf 91' lang='lat' dir='ltr'><strong>et</strong></span> <span class='ocrx_word' id='word_1_413' title='bbox 628 3043 676 3112; x_wconf 71' lang='lat' dir='ltr'><strong>stre</strong></span> <span class='ocrx_word' id='word_1_414' title='bbox 691 3040 794 3097; x_wconf 80' lang='lat' dir='ltr'><strong>bonore</strong></span> <span class='ocrx_word' id='word_1_415' title='bbox 808 3041 894 3111; x_wconf 83' lang='lat' dir='ltr'><strong>(Paul.</strong></span> <span class='ocrx_word' id='word_1_416' title='bbox 951 3049 1116 3100; x_wconf 88' lang='lat' dir='ltr'><strong>monstrans.</strong></span> <span class='ocrx_word' id='word_1_417' title='bbox 1131 3040 1166 3094; x_wconf 89' lang='lat' dir='ltr'><strong>Et</strong></span> <span class='ocrx_word' id='word_1_418' title='bbox 1181 3046 1210 3094; x_wconf 93' lang='lat' dir='ltr'><strong>ut</strong></span> <span class='ocrx_word' id='word_1_419' title='bbox 1234 3037 1301 3093; x_wconf 92' lang='lat' dir='ltr'><strong>nihil</strong></span> <span class='ocrx_word' id='word_1_420' title='bbox 1313 3038 1370 3108; x_wconf 86' lang='lat' dir='ltr'><strong>jam</strong></span> <span class='ocrx_word' id='word_1_421' title='bbox 1393 3036 1482 3092; x_wconf 88' lang='lat' dir='ltr'><strong>noxiae</strong></span> <span class='ocrx_word' id='word_1_422' title='bbox 1500 3044 1656 3092; x_wconf 88' lang='lat' dir='ltr'><strong>remaneret</strong></span> <span class='ocrx_word' id='word_1_423' title='bbox 1670 3035 1748 3091; x_wconf 93' lang='lat' dir='ltr'><strong>dele-</strong></span> 
     </span>
     <span class='ocr_line' id='line_1_53' title="bbox 98 3122 1745 3202; baseline -0.004 -16"><span class='ocrx_word' id='word_1_424' title='bbox 98 3144 203 3198; x_wconf 82' lang='lat' dir='ltr'><strong>xxxru,</strong></span> <span class='ocrx_word' id='word_1_425' title='bbox 220 3129 282 3202; x_wconf 80' lang='grc' dir='ltr'>ιι);</span> <span class='ocrx_word' id='word_1_426' title='bbox 299 3129 327 3185; x_wconf 88' lang='grc' dir='ltr'><strong>ιι</strong></span> <span class='ocrx_word' id='word_1_427' title='bbox 342 3130 447 3187; x_wconf 90' lang='lat' dir='ltr'><strong>duabus</strong></span> <span class='ocrx_word' id='word_1_428' title='bbox 461 3130 519 3187; x_wconf 90' lang='lat' dir='ltr'><strong>aliis</strong></span> <span class='ocrx_word' id='word_1_429' title='bbox 534 3131 607 3186; x_wconf 91' lang='lat' dir='ltr'><strong>bona</strong></span> <span class='ocrx_word' id='word_1_430' title='bbox 619 3129 736 3202; x_wconf 83' lang='lat' dir='ltr'><strong>largiris.</strong></span> <span class='ocrx_word' id='word_1_431' title='bbox 747 3131 795 3186; x_wconf 83' lang='lat' dir='ltr'><strong>Hae</strong></span> <span class='ocrx_word' id='word_1_432' title='bbox 804 3138 895 3188; x_wconf 89' lang='lat' dir='ltr'><strong>autem</strong></span> <span class='ocrx_word' id='word_1_433' title='bbox 951 3129 1085 3194; x_wconf 81' lang='lat' dir='ltr'><strong>clationis,</strong></span> <span class='ocrx_word' id='word_1_434' title='bbox 1108 3125 1249 3182; x_wconf 89' lang='lat' dir='ltr'><strong>meliorem</strong></span> <span class='ocrx_word' id='word_1_435' title='bbox 1271 3124 1336 3180; x_wconf 90' lang='lat' dir='ltr'><strong>mihi</strong></span> <span class='ocrx_word' id='word_1_436' title='bbox 1364 3122 1576 3181; x_wconf 89' lang='lat' dir='ltr'><strong>consolationem</strong></span> <span class='ocrx_word' id='word_1_437' title='bbox 1599 3123 1745 3194; x_wconf 89' lang='lat' dir='ltr'><strong>inspirans,</strong></span> 
     </span>
     <span class='ocr_line' id='line_1_54' title="bbox 97 3213 1748 3292; baseline -0.003 -18"><span class='ocrx_word' id='word_1_438' title='bbox 97 3220 160 3275; x_wconf 85' lang='lat' dir='ltr'><strong>duaa</strong></span> <span class='ocrx_word' id='word_1_439' title='bbox 174 3227 236 3275; x_wconf 89' lang='lat' dir='ltr'><strong>sunt</strong></span> <span class='ocrx_word' id='word_1_440' title='bbox 250 3236 258 3284; x_wconf 82' lang='lat'><em>3</em></span> <span class='ocrx_word' id='word_1_441' title='bbox 273 3219 362 3292; x_wconf 88' lang='lat' dir='ltr'><strong>gratia</strong></span> <span class='ocrx_word' id='word_1_442' title='bbox 378 3219 564 3292; x_wconf 89' lang='lat' dir='ltr'><strong>promerendi,</strong></span> <span class='ocrx_word' id='word_1_443' title='bbox 591 3236 643 3292; x_wconf 84' lang='lat' dir='ltr'><strong>qua</strong></span> <span class='ocrx_word' id='word_1_444' title='bbox 657 3218 784 3276; x_wconf 86' lang='lat' dir='ltr'><strong>videlicet</strong></span> <span class='ocrx_word' id='word_1_445' title='bbox 798 3234 896 3274; x_wconf 87' lang='lat' dir='ltr'><strong>manus</strong></span> <span class='ocrx_word' id='word_1_446' title='bbox 951 3234 1028 3290; x_wconf 90' lang='lat' dir='ltr'><strong>spem</strong></span> <span class='ocrx_word' id='word_1_447' title='bbox 1038 3215 1215 3287; x_wconf 69' lang='lat' dir='ltr'><strong>indulgentia&gt;</strong></span> <span class='ocrx_word' id='word_1_448' title='bbox 1224 3213 1309 3270; x_wconf 92' lang='lat' dir='ltr'><strong>dedit.</strong></span> <span class='ocrx_word' id='word_1_449' title='bbox 1320 3213 1352 3268; x_wconf 91' lang='lat' dir='ltr'><strong>ln</strong></span> <span class='ocrx_word' id='word_1_450' title='bbox 1364 3213 1406 3269; x_wconf 91' lang='lat' dir='ltr'><strong>his</strong></span> <span class='ocrx_word' id='word_1_451' title='bbox 1416 3228 1483 3286; x_wconf 77' lang='lat' dir='ltr'><strong>erge</strong></span> <span class='ocrx_word' id='word_1_452' title='bbox 1497 3213 1582 3268; x_wconf 90' lang='lat' dir='ltr'><strong>tribus</strong></span> <span class='ocrx_word' id='word_1_453' title='bbox 1596 3227 1748 3270; x_wconf 86' lang='lat' dir='ltr'><strong>conversus</strong></span> 
     </span>
     <span class='ocr_line' id='line_1_55' title="bbox 95 3302 1399 3384; baseline -0.005 -21"><span class='ocrx_word' id='word_1_454' title='bbox 95 3308 178 3364; x_wconf 78' lang='lat' dir='ltr'><strong>honae</strong></span> <span class='ocrx_word' id='word_1_455' title='bbox 201 3308 412 3365; x_wconf 88' lang='lat' dir='ltr'><strong>conversationis</strong></span> <span class='ocrx_word' id='word_1_456' title='bbox 444 3307 583 3384; x_wconf 82' lang='lat' dir='ltr'><strong>indulges3</strong></span> <span class='ocrx_word' id='word_1_457' title='bbox 609 3315 637 3364; x_wconf 92' lang='grc' dir='ltr'><strong>ιι</strong></span> <span class='ocrx_word' id='word_1_458' title='bbox 659 3323 722 3379; x_wconf 90' lang='lat' dir='ltr'><strong>spes</strong></span> <span class='ocrx_word' id='word_1_459' title='bbox 743 3307 895 3374; x_wconf 91' lang='lat' dir='ltr'><strong>obtinendi,</strong></span> <span class='ocrx_word' id='word_1_460' title='bbox 951 3323 1028 3362; x_wconf 85' lang='lat' dir='ltr'><strong>sum:</strong></span> <span class='ocrx_word' id='word_1_461' title='bbox 1045 3305 1127 3362; x_wconf 89' lang='lat' dir='ltr'><strong>credo</strong></span> <span class='ocrx_word' id='word_1_462' title='bbox 1146 3302 1219 3375; x_wconf 84' lang='lat' dir='ltr'><strong>quod</strong></span> <span class='ocrx_word' id='word_1_463' title='bbox 1234 3310 1261 3358; x_wconf 91' lang='lat' dir='ltr'><strong>et</strong></span> <span class='ocrx_word' id='word_1_464' title='bbox 1275 3318 1323 3359; x_wconf 90' lang='lat' dir='ltr'><strong>ros</strong></span> <span class='ocrx_word' id='word_1_465' title='bbox 1336 3302 1399 3373; x_wconf 89' lang='lat' dir='ltr'><strong>ipsi.</strong></span> 
     </span>
    </p>

    <p class='ocr_par' dir='ltr' id='par_1_14' title="bbox 93 3387 1745 3556">
     <span class='ocr_line' id='line_1_56' title="bbox 94 3387 1743 3468; baseline -0.004 -18"><span class='ocrx_word' id='word_1_466' title='bbox 94 3410 151 3467; x_wconf 91' lang='lat' dir='ltr'><strong>qna</strong></span> <span class='ocrx_word' id='word_1_467' title='bbox 166 3395 252 3450; x_wconf 83' lang='lat' dir='ltr'><strong>‹lonas</strong></span> <span class='ocrx_word' id='word_1_468' title='bbox 266 3395 369 3451; x_wconf 88' lang='lat' dir='ltr'><strong>homini</strong></span> <span class='ocrx_word' id='word_1_469' title='bbox 381 3395 494 3468; x_wconf 88' lang='lat' dir='ltr'><strong>indigno</strong></span> <span class='ocrx_word' id='word_1_470' title='bbox 509 3404 536 3452; x_wconf 92' lang='lat' dir='ltr'><strong>et</strong></span> <span class='ocrx_word' id='word_1_471' title='bbox 550 3397 686 3466; x_wconf 89' lang='lat' dir='ltr'><strong>peccatori</strong></span> <span class='ocrx_word' id='word_1_472' title='bbox 706 3397 740 3452; x_wconf 92' lang='lat' dir='ltr'><strong>de</strong></span> <span class='ocrx_word' id='word_1_473' title='bbox 757 3405 801 3453; x_wconf 92' lang='lat' dir='ltr'><strong>tua</strong></span> <span class='ocrx_word' id='word_1_474' title='bbox 816 3395 896 3453; x_wconf 89' lang='lat' dir='ltr'><strong>toties</strong></span> <span class='ocrx_word' id='word_1_475' title='bbox 986 3399 1013 3452; x_wconf 83' lang='grc' dir='ltr'><strong>ι.</strong></span> <span class='ocrx_word' id='word_1_476' title='bbox 1027 3394 1087 3450; x_wconf 84' lang='lat' dir='ltr'><strong>lam</strong></span> <span class='ocrx_word' id='word_1_477' title='bbox 1105 3407 1171 3450; x_wconf 87' lang='lat' dir='ltr'><strong>raro</strong></span> <span class='ocrx_word' id='word_1_478' title='bbox 1187 3390 1275 3462; x_wconf 90' lang='lat' dir='ltr'><strong>quarti</strong></span> <span class='ocrx_word' id='word_1_479' title='bbox 1299 3389 1377 3461; x_wconf 90' lang='lat' dir='ltr'><strong>panis</strong></span> <span class='ocrx_word' id='word_1_480' title='bbox 1399 3389 1469 3462; x_wconf 85' lang='lat' dir='ltr'><strong>(ipsa</strong></span> <span class='ocrx_word' id='word_1_481' title='bbox 1492 3397 1533 3446; x_wconf 87' lang='lat' dir='ltr'><strong>est</strong></span> <span class='ocrx_word' id='word_1_482' title='bbox 1553 3387 1743 3460; x_wconf 86' lang='lat' dir='ltr'><strong>indulgentia),</strong></span> 
     </span>
     <span class='ocr_line' id='line_1_57' title="bbox 93 3475 1745 3556; baseline -0.003 -19"><span class='ocrx_word' id='word_1_483' title='bbox 93 3491 206 3553; x_wconf 81' lang='lat' dir='ltr'><strong>experts</strong></span> <span class='ocrx_word' id='word_1_484' title='bbox 221 3483 341 3540; x_wconf 80' lang='lat' dir='ltr'><strong>bonitate</strong></span> <span class='ocrx_word' id='word_1_485' title='bbox 355 3499 443 3556; x_wconf 87' lang='lat' dir='ltr'><strong>usque</strong></span> <span class='ocrx_word' id='word_1_486' title='bbox 461 3485 495 3540; x_wconf 91' lang='lat' dir='ltr'><strong>ad</strong></span> <span class='ocrx_word' id='word_1_487' title='bbox 518 3484 641 3541; x_wconf 86' lang='lat' dir='ltr'><strong>ooetestia</strong></span> <span class='ocrx_word' id='word_1_488' title='bbox 663 3485 799 3556; x_wconf 89' lang='lat' dir='ltr'><strong>speranda</strong></span> <span class='ocrx_word' id='word_1_489' title='bbox 822 3501 894 3555; x_wconf 86' lang='lat' dir='ltr'><strong>prae-</strong></span> <span class='ocrx_word' id='word_1_490' title='bbox 948 3485 1063 3540; x_wconf 90' lang='lat' dir='ltr'><strong>obsecro</strong></span> <span class='ocrx_word' id='word_1_491' title='bbox 1078 3495 1138 3546; x_wconf 91' lang='grc' dir='ltr'>ιιι,</span> <span class='ocrx_word' id='word_1_492' title='bbox 1163 3477 1309 3550; x_wconf 88' lang='lat' dir='ltr'><strong>diligenter</strong></span> <span class='ocrx_word' id='word_1_493' title='bbox 1328 3476 1447 3552; x_wconf 84' lang='lat' dir='ltr'><strong>colligite</strong></span> <span class='ocrx_word' id='word_1_494' title='bbox 1469 3475 1632 3548; x_wconf 84' lang='lat' dir='ltr'><strong>fragments,</strong></span> <span class='ocrx_word' id='word_1_495' title='bbox 1647 3491 1682 3532; x_wconf 92' lang='lat' dir='ltr'><strong>ne</strong></span> <span class='ocrx_word' id='word_1_496' title='bbox 1696 3491 1745 3546; x_wconf 92' lang='lat' dir='ltr'><strong>pe-</strong></span> 
     </span>
    </p>
   </div>
   <div class='ocr_carea' id='block_1_12' title="bbox 92 3585 890 3910">
    <p class='ocr_par' dir='ltr' id='par_1_15' title="bbox 92 3585 890 3910">
     <span class='ocr_line' id='line_1_58' title="bbox 92 3585 214 3630; baseline 0.033 -4"><span class='ocrx_word' id='word_1_497' title='bbox 92 3585 214 3630; x_wconf 88' lang='lat' dir='ltr'><strong>sumere.</strong></span> 
     </span>
     <span class='ocr_line' id='line_1_59' title="bbox 405 3658 581 3716; baseline 0 0"><span class='ocrx_word' id='word_1_498' title='bbox 405 3658 521 3716; x_wconf 86' lang='lat' dir='ltr'><strong>SEltblO</strong></span> <span class='ocrx_word' id='word_1_499' title='bbox 534 3659 581 3716; x_wconf 92' lang='lat' dir='ltr'><strong>ltl.</strong></span> 
     </span>
     <span class='ocr_line' id='line_1_60' title="bbox 179 3749 803 3822; baseline -0.003 -14"><span class='ocrx_word' id='word_1_500' title='bbox 179 3753 217 3808; x_wconf 84' lang='lat' dir='ltr'><strong>Dc</strong></span> <span class='ocrx_word' id='word_1_501' title='bbox 231 3750 400 3822; x_wconf 72' lang='lat' dir='ltr'><strong>fragmentis</strong></span> <span class='ocrx_word' id='word_1_502' title='bbox 413 3753 519 3822; x_wconf 83' lang='lat' dir='ltr'><strong>septem</strong></span> <span class='ocrx_word' id='word_1_503' title='bbox 532 3749 803 3808; x_wconf 75' lang='lat' dir='ltr'><strong>miseraccrdtarem.</strong></span> 
     </span>
     <span class='ocr_line' id='line_1_61' title="bbox 130 3837 890 3910; baseline 0 -15"><span class='ocrx_word' id='word_1_504' title='bbox 130 3844 156 3895; x_wconf 86' lang='lat' dir='ltr'><strong>t.</strong></span> <span class='ocrx_word' id='word_1_505' title='bbox 178 3837 259 3896; x_wconf 90' lang='lat' dir='ltr'><strong>Scitis</strong></span> <span class='ocrx_word' id='word_1_506' title='bbox 272 3838 337 3909; x_wconf 92' lang='lat' dir='ltr'><strong>quid</strong></span> <span class='ocrx_word' id='word_1_507' title='bbox 359 3837 480 3905; x_wconf 84' lang='lat' dir='ltr'><strong>fecerim,</strong></span> <span class='ocrx_word' id='word_1_508' title='bbox 496 3846 601 3910; x_wconf 87' lang='lat' dir='ltr'><strong>septem</strong></span> <span class='ocrx_word' id='word_1_509' title='bbox 622 3839 699 3897; x_wconf 83' lang='lat' dir='ltr'><strong>robis</strong></span> <span class='ocrx_word' id='word_1_510' title='bbox 712 3839 792 3896; x_wconf 90' lang='lat' dir='ltr'><strong>hodia</strong></span> <span class='ocrx_word' id='word_1_511' title='bbox 806 3839 890 3895; x_wconf 88' lang='lat' dir='ltr'><strong>mise-</strong></span> 
     </span>
    </p>
   </div>
   <div class='ocr_carea' id='block_1_13' title="bbox 945 3563 1744 3902">
    <p class='ocr_par' dir='ltr' id='par_1_16' title="bbox 945 3563 1744 3902">
     <span class='ocr_line' id='line_1_62' title="bbox 948 3563 1744 3635; baseline -0.01 -7"><span class='ocrx_word' id='word_1_512' title='bbox 948 3577 1035 3628; x_wconf 90' lang='lat' dir='ltr'><strong>reaut.</strong></span> <span class='ocrx_word' id='word_1_513' title='bbox 1058 3570 1125 3626; x_wconf 90' lang='lat' dir='ltr'><strong>Sunt</strong></span> <span class='ocrx_word' id='word_1_514' title='bbox 1149 3567 1221 3624; x_wconf 90' lang='lat' dir='ltr'><strong>enim</strong></span> <span class='ocrx_word' id='word_1_515' title='bbox 1241 3565 1359 3622; x_wconf 90' lang='lat' dir='ltr'><strong>salubria</strong></span> <span class='ocrx_word' id='word_1_516' title='bbox 1378 3565 1466 3635; x_wconf 86' lang='lat' dir='ltr'><strong>valde,</strong></span> <span class='ocrx_word' id='word_1_517' title='bbox 1478 3572 1507 3620; x_wconf 91' lang='lat' dir='ltr'><strong>et</strong></span> <span class='ocrx_word' id='word_1_518' title='bbox 1525 3563 1645 3621; x_wconf 91' lang='lat' dir='ltr'><strong>dulciora</strong></span> <span class='ocrx_word' id='word_1_519' title='bbox 1661 3579 1744 3635; x_wconf 88' lang='lat' dir='ltr'><strong>super</strong></span> 
     </span>
     <span class='ocr_line' id='line_1_63' title="bbox 947 3652 1741 3720; baseline -0.008 -4"><span class='ocrx_word' id='word_1_520' title='bbox 947 3660 1002 3716; x_wconf 90' lang='lat' dir='ltr'><strong>mel</strong></span> <span class='ocrx_word' id='word_1_521' title='bbox 1015 3667 1044 3716; x_wconf 88' lang='lat' dir='ltr'><strong>et</strong></span> <span class='ocrx_word' id='word_1_522' title='bbox 1058 3658 1157 3714; x_wconf 87' lang='lat' dir='ltr'><strong>larum.</strong></span> <span class='ocrx_word' id='word_1_523' title='bbox 1178 3655 1223 3713; x_wconf 90' lang='lat' dir='ltr'><strong>Sic</strong></span> <span class='ocrx_word' id='word_1_524' title='bbox 1241 3655 1368 3710; x_wconf 78' lang='lat' dir='ltr'><strong>nisurum</strong></span> <span class='ocrx_word' id='word_1_525' title='bbox 1388 3661 1488 3710; x_wconf 78' lang='lat' dir='ltr'><strong>extcto</strong></span> <span class='ocrx_word' id='word_1_526' title='bbox 1507 3652 1627 3720; x_wconf 86' lang='lat' dir='ltr'><strong>indulsit,</strong></span> <span class='ocrx_word' id='word_1_527' title='bbox 1644 3659 1672 3708; x_wconf 92' lang='lat' dir='ltr'><strong>et</strong></span> <span class='ocrx_word' id='word_1_528' title='bbox 1686 3662 1741 3710; x_wconf 91' lang='lat' dir='ltr'><strong>tam</strong></span> 
     </span>
     <span class='ocr_line' id='line_1_64' title="bbox 945 3741 1741 3813; baseline -0.011 -8"><span class='ocrx_word' id='word_1_529' title='bbox 945 3746 1096 3805; x_wconf 89' lang='lat' dir='ltr'><strong>liberaliter</strong></span> <span class='ocrx_word' id='word_1_530' title='bbox 1109 3759 1218 3801; x_wconf 89' lang='lat' dir='ltr'><strong>omnem</strong></span> <span class='ocrx_word' id='word_1_531' title='bbox 1228 3743 1338 3799; x_wconf 89' lang='lat' dir='ltr'><strong>donavit</strong></span> <span class='ocrx_word' id='word_1_532' title='bbox 1351 3742 1488 3813; x_wconf 87' lang='lat' dir='ltr'><strong>injuriam,</strong></span> <span class='ocrx_word' id='word_1_533' title='bbox 1500 3750 1529 3796; x_wconf 94' lang='lat' dir='ltr'><strong>ut</strong></span> <span class='ocrx_word' id='word_1_534' title='bbox 1538 3742 1592 3812; x_wconf 82' lang='lat' dir='ltr'><strong>jam</strong></span> <span class='ocrx_word' id='word_1_535' title='bbox 1605 3757 1657 3797; x_wconf 91' lang='lat' dir='ltr'><strong>nec</strong></span> <span class='ocrx_word' id='word_1_536' title='bbox 1666 3741 1741 3797; x_wconf 92' lang='lat' dir='ltr'><strong>dam·</strong></span> 
     </span>
     <span class='ocr_line' id='line_1_65' title="bbox 946 3830 1741 3902; baseline -0.01 -8"><span class='ocrx_word' id='word_1_537' title='bbox 946 3845 994 3894; x_wconf 91' lang='lat' dir='ltr'><strong>net</strong></span> <span class='ocrx_word' id='word_1_538' title='bbox 1012 3835 1178 3900; x_wconf 90' lang='lat' dir='ltr'><strong>ulciscendo,</strong></span> <span class='ocrx_word' id='word_1_539' title='bbox 1202 3848 1254 3889; x_wconf 91' lang='grc' dir='ltr'><strong>ιιι</strong></span> <span class='ocrx_word' id='word_1_540' title='bbox 1277 3831 1424 3888; x_wconf 86' lang='lat' dir='ltr'><strong>confundat</strong></span> <span class='ocrx_word' id='word_1_541' title='bbox 1442 3830 1666 3902; x_wconf 89' lang='lat' dir='ltr'><strong>improperando,</strong></span> <span class='ocrx_word' id='word_1_542' title='bbox 1690 3846 1741 3886; x_wconf 91' lang='lat' dir='ltr'><strong>nec</strong></span> 
     </span>
    </p>
   </div>
   <div class='ocr_carea' id='block_1_14' title="bbox 88 3917 1741 5776">
    <p class='ocr_par' dir='ltr' id='par_1_17' title="bbox 88 3917 1741 5776">
     <span class='ocr_line' id='line_1_66' title="bbox 90 3917 1741 4000; baseline -0.006 -16"><span class='ocrx_word' id='word_1_543' title='bbox 90 3927 225 3986; x_wconf 88' lang='lat' dir='ltr'><strong>ricordias</strong></span> <span class='ocrx_word' id='word_1_544' title='bbox 245 3928 444 3998; x_wconf 80' lang='lat' dir='ltr'><strong>proponendo?</strong></span> <span class='ocrx_word' id='word_1_545' title='bbox 458 3929 570 3998; x_wconf 89' lang='lat' dir='ltr'><strong>Septem</strong></span> <span class='ocrx_word' id='word_1_546' title='bbox 591 3927 684 4000; x_wconf 90' lang='lat' dir='ltr'><strong>utiquc</strong></span> <span class='ocrx_word' id='word_1_547' title='bbox 695 3943 782 4000; x_wconf 90' lang='lat' dir='ltr'><strong>panes</strong></span> <span class='ocrx_word' id='word_1_548' title='bbox 796 3929 890 3984; x_wconf 89' lang='lat' dir='ltr'><strong>distri·</strong></span> <span class='ocrx_word' id='word_1_549' title='bbox 944 3926 1035 3982; x_wconf 90' lang='lat' dir='ltr'><strong>minus</strong></span> <span class='ocrx_word' id='word_1_550' title='bbox 1053 3923 1148 3994; x_wconf 91' lang='lat' dir='ltr'><strong>diligat</strong></span> <span class='ocrx_word' id='word_1_551' title='bbox 1165 3920 1335 3991; x_wconf 87' lang='lat' dir='ltr'><strong>imputando.</strong></span> <span class='ocrx_word' id='word_1_552' title='bbox 1358 3921 1427 3975; x_wconf 92' lang='lat' dir='ltr'><strong>Sunt</strong></span> <span class='ocrx_word' id='word_1_553' title='bbox 1445 3918 1517 3974; x_wconf 91' lang='lat' dir='ltr'><strong>cuim</strong></span> <span class='ocrx_word' id='word_1_554' title='bbox 1536 3917 1618 3990; x_wconf 90' lang='lat' dir='ltr'><strong>aliqui</strong></span> <span class='ocrx_word' id='word_1_555' title='bbox 1637 3919 1675 3974; x_wconf 90' lang='lat' dir='ltr'><strong>sic</strong></span> <span class='ocrx_word' id='word_1_556' title='bbox 1690 3919 1741 3974; x_wconf 94' lang='lat' dir='ltr'><strong>do-</strong></span> 
     </span>
     <span class='ocr_line' id='line_1_67' title="bbox 90 4005 1739 4089; baseline -0.007 -15"><span class='ocrx_word' id='word_1_557' title='bbox 90 4018 150 4075; x_wconf 90' lang='lat' dir='ltr'><strong>bui.</strong></span> <span class='ocrx_word' id='word_1_558' title='bbox 164 4019 232 4074; x_wconf 89' lang='lat' dir='ltr'><strong>Nam</strong></span> <span class='ocrx_word' id='word_1_559' title='bbox 252 4016 276 4072; x_wconf 90' lang='lat' dir='ltr'><strong>si</strong></span> <span class='ocrx_word' id='word_1_560' title='bbox 299 4014 377 4072; x_wconf 79' lang='lat' dir='ltr'><strong>tecta</strong></span> <span class='ocrx_word' id='word_1_561' title='bbox 391 4025 453 4072; x_wconf 86' lang='lat' dir='ltr'><strong>snut</strong></span> <span class='ocrx_word' id='word_1_562' title='bbox 476 4016 542 4072; x_wconf 92' lang='lat' dir='ltr'><strong>mihi</strong></span> <span class='ocrx_word' id='word_1_563' title='bbox 564 4016 692 4089; x_wconf 79' lang='lat' dir='ltr'><strong>lacryma</strong></span> <span class='ocrx_word' id='word_1_564' title='bbox 717 4033 785 4072; x_wconf 80' lang='lat' dir='ltr'><strong>nrrae</strong></span> <span class='ocrx_word' id='word_1_565' title='bbox 804 4033 891 4088; x_wconf 87' lang='lat' dir='ltr'><strong>panes</strong></span> <span class='ocrx_word' id='word_1_566' title='bbox 945 4021 1043 4071; x_wconf 87' lang='lat' dir='ltr'><strong>nantes</strong></span> <span class='ocrx_word' id='word_1_567' title='bbox 1060 4010 1198 4082; x_wconf 88' lang='lat' dir='ltr'><strong>injuriam,</strong></span> <span class='ocrx_word' id='word_1_568' title='bbox 1218 4017 1321 4065; x_wconf 91' lang='lat' dir='ltr'><strong>utnon</strong></span> <span class='ocrx_word' id='word_1_569' title='bbox 1341 4007 1513 4075; x_wconf 87' lang='lat' dir='ltr'><strong>ulciscantur,</strong></span> <span class='ocrx_word' id='word_1_570' title='bbox 1534 4005 1633 4077; x_wconf 84' lang='lat' dir='ltr'><strong>saepius</strong></span> <span class='ocrx_word' id='word_1_571' title='bbox 1648 4013 1739 4062; x_wconf 87' lang='lat' dir='ltr'><strong>tamen</strong></span> 
     </span>
     <span class='ocr_line' id='line_1_68' title="bbox 90 4093 1738 4180; baseline -0.008 -18"><span class='ocrx_word' id='word_1_572' title='bbox 90 4106 138 4162; x_wconf 87' lang='lat' dir='ltr'><strong>dis</strong></span> <span class='ocrx_word' id='word_1_573' title='bbox 162 4121 195 4162; x_wconf 92' lang='lat' dir='ltr'><strong>ac</strong></span> <span class='ocrx_word' id='word_1_574' title='bbox 215 4113 304 4174; x_wconf 90' lang='lat' dir='ltr'><strong>nocte,</strong></span> <span class='ocrx_word' id='word_1_575' title='bbox 330 4111 431 4178; x_wconf 89' lang='lat' dir='ltr'><strong>quanto</strong></span> <span class='ocrx_word' id='word_1_576' title='bbox 453 4105 539 4180; x_wconf 85' lang='lat' dir='ltr'><strong>magis</strong></span> <span class='ocrx_word' id='word_1_577' title='bbox 563 4105 660 4162; x_wconf 81' lang='lat' dir='ltr'><strong>divinae</strong></span> <span class='ocrx_word' id='word_1_578' title='bbox 683 4105 889 4162; x_wconf 74' lang='lat' dir='ltr'><strong>miserationes?</strong></span> <span class='ocrx_word' id='word_1_579' title='bbox 943 4104 1140 4174; x_wconf 90' lang='lat' dir='ltr'><strong>improperent.</strong></span> <span class='ocrx_word' id='word_1_580' title='bbox 1159 4098 1227 4155; x_wconf 89' lang='lat' dir='ltr'><strong>Sunt</strong></span> <span class='ocrx_word' id='word_1_581' title='bbox 1248 4105 1276 4153; x_wconf 89' lang='lat' dir='ltr'><strong>et</strong></span> <span class='ocrx_word' id='word_1_582' title='bbox 1295 4096 1348 4165; x_wconf 89' lang='lat' dir='ltr'><strong>alii,</strong></span> <span class='ocrx_word' id='word_1_583' title='bbox 1371 4097 1418 4168; x_wconf 90' lang='lat' dir='ltr'><strong>qui</strong></span> <span class='ocrx_word' id='word_1_584' title='bbox 1437 4096 1501 4152; x_wconf 90' lang='lat' dir='ltr'><strong>lieet</strong></span> <span class='ocrx_word' id='word_1_585' title='bbox 1519 4093 1626 4164; x_wconf 90' lang='lat' dir='ltr'><strong>sileant,</strong></span> <span class='ocrx_word' id='word_1_586' title='bbox 1647 4103 1738 4151; x_wconf 88' lang='lat' dir='ltr'><strong>manet</strong></span> 
     </span>
     <span class='ocr_line' id='line_1_69' title="bbox 89 4183 1740 4264; baseline -0.007 -14"><span class='ocrx_word' id='word_1_587' title='bbox 89 4195 175 4251; x_wconf 82' lang='lat' dir='ltr'><strong>hlulto</strong></span> <span class='ocrx_word' id='word_1_588' title='bbox 202 4195 275 4251; x_wconf 92' lang='lat' dir='ltr'><strong>enim</strong></span> <span class='ocrx_word' id='word_1_589' title='bbox 304 4193 407 4250; x_wconf 91' lang='lat' dir='ltr'><strong>dulcius</strong></span> <span class='ocrx_word' id='word_1_590' title='bbox 421 4192 482 4250; x_wconf 87' lang='lat' dir='ltr'><strong>istae</strong></span> <span class='ocrx_word' id='word_1_591' title='bbox 505 4194 623 4264; x_wconf 89' lang='lat' dir='ltr'><strong>sapiunt,</strong></span> <span class='ocrx_word' id='word_1_592' title='bbox 651 4193 778 4251; x_wconf 85' lang='lat' dir='ltr'><strong>reficiunt</strong></span> <span class='ocrx_word' id='word_1_593' title='bbox 800 4196 886 4252; x_wconf 89' lang='lat' dir='ltr'><strong>multo</strong></span> <span class='ocrx_word' id='word_1_594' title='bbox 944 4205 1035 4248; x_wconf 90' lang='lat' dir='ltr'><strong>tamen</strong></span> <span class='ocrx_word' id='word_1_595' title='bbox 1058 4189 1113 4244; x_wconf 90' lang='lat' dir='ltr'><strong>alta</strong></span> <span class='ocrx_word' id='word_1_596' title='bbox 1131 4192 1222 4243; x_wconf 90' lang='lat' dir='ltr'><strong>mente</strong></span> <span class='ocrx_word' id='word_1_597' title='bbox 1244 4191 1363 4256; x_wconf 90' lang='lat' dir='ltr'><strong>reposta,</strong></span> <span class='ocrx_word' id='word_1_598' title='bbox 1390 4193 1417 4241; x_wconf 93' lang='lat' dir='ltr'><strong>et</strong></span> <span class='ocrx_word' id='word_1_599' title='bbox 1434 4198 1577 4240; x_wconf 88' lang='lat' dir='ltr'><strong>rancorem</strong></span> <span class='ocrx_word' id='word_1_600' title='bbox 1602 4189 1697 4239; x_wconf 89' lang='lat' dir='ltr'><strong>tenent</strong></span> <span class='ocrx_word' id='word_1_601' title='bbox 1711 4183 1740 4238; x_wconf 90' lang='lat' dir='ltr'><strong>in</strong></span> 
     </span>
     <span class='ocr_line' id='line_1_70' title="bbox 88 4272 1737 4353; baseline -0.007 -15"><span class='ocrx_word' id='word_1_602' title='bbox 88 4283 200 4350; x_wconf 89' lang='lat' dir='ltr'><strong>metius,</strong></span> <span class='ocrx_word' id='word_1_603' title='bbox 215 4283 383 4353; x_wconf 89' lang='lat' dir='ltr'><strong>ampliusque</strong></span> <span class='ocrx_word' id='word_1_604' title='bbox 403 4281 564 4339; x_wconf 90' lang='lat' dir='ltr'><strong>confirmant</strong></span> <span class='ocrx_word' id='word_1_605' title='bbox 582 4298 629 4338; x_wconf 91' lang='lat' dir='ltr'><strong>cor</strong></span> <span class='ocrx_word' id='word_1_606' title='bbox 642 4281 769 4339; x_wconf 90' lang='lat' dir='ltr'><strong>hominis.</strong></span> <span class='ocrx_word' id='word_1_607' title='bbox 786 4284 887 4338; x_wconf 89' lang='lat' dir='ltr'><strong>Verum</strong></span> <span class='ocrx_word' id='word_1_608' title='bbox 942 4281 1033 4336; x_wconf 90' lang='lat' dir='ltr'><strong>animo</strong></span> <span class='ocrx_word' id='word_1_609' title='bbox 1049 4297 1056 4336; x_wconf 89' lang='lat'>:</span> <span class='ocrx_word' id='word_1_610' title='bbox 1073 4293 1188 4350; x_wconf 89' lang='lat' dir='ltr'><strong>quarum</strong></span> <span class='ocrx_word' id='word_1_611' title='bbox 1202 4275 1296 4347; x_wconf 89' lang='lat' dir='ltr'><strong>utique</strong></span> <span class='ocrx_word' id='word_1_612' title='bbox 1307 4272 1737 4346; x_wconf 83' lang='lat' dir='ltr'><strong>neutrapleuaindulgentiaest.</strong></span> 
     </span>
     <span class='ocr_line' id='line_1_71' title="bbox 89 4355 1739 4444; baseline -0.006 -16"><span class='ocrx_word' id='word_1_613' title='bbox 89 4371 176 4428; x_wconf 91' lang='lat' dir='ltr'><strong>multa</strong></span> <span class='ocrx_word' id='word_1_614' title='bbox 190 4371 280 4443; x_wconf 85' lang='lat' dir='ltr'><strong>nobis,</strong></span> <span class='ocrx_word' id='word_1_615' title='bbox 295 4371 323 4426; x_wconf 89' lang='lat' dir='ltr'><strong>ni</strong></span> <span class='ocrx_word' id='word_1_616' title='bbox 336 4370 422 4439; x_wconf 82' lang='lat' dir='ltr'><strong>fallor,</strong></span> <span class='ocrx_word' id='word_1_617' title='bbox 434 4387 469 4426; x_wconf 84' lang='lat' dir='ltr'><strong>ex</strong></span> <span class='ocrx_word' id='word_1_618' title='bbox 482 4370 525 4427; x_wconf 92' lang='lat' dir='ltr'><strong>his</strong></span> <span class='ocrx_word' id='word_1_619' title='bbox 539 4371 653 4444; x_wconf 89' lang='lat' dir='ltr'><strong>panibus</strong></span> <span class='ocrx_word' id='word_1_620' title='bbox 667 4370 748 4427; x_wconf 90' lang='lat' dir='ltr'><strong>hodie</strong></span> <span class='ocrx_word' id='word_1_621' title='bbox 762 4371 886 4428; x_wconf 89' lang='lat' dir='ltr'><strong>cecidero</strong></span> <span class='ocrx_word' id='word_1_622' title='bbox 941 4368 1035 4440; x_wconf 89' lang='lat' dir='ltr'><strong>Longe</strong></span> <span class='ocrx_word' id='word_1_623' title='bbox 1055 4366 1089 4422; x_wconf 89' lang='lat' dir='ltr'><strong>ab</strong></span> <span class='ocrx_word' id='word_1_624' title='bbox 1103 4366 1146 4422; x_wconf 90' lang='lat' dir='ltr'><strong>his</strong></span> <span class='ocrx_word' id='word_1_625' title='bbox 1167 4355 1291 4420; x_wconf 87' lang='lat' dir='ltr'><strong>omnibus</strong></span> <span class='ocrx_word' id='word_1_626' title='bbox 1312 4364 1509 4439; x_wconf 86' lang='lat' dir='ltr'><strong>benignissima</strong></span> <span class='ocrx_word' id='word_1_627' title='bbox 1527 4370 1568 4420; x_wconf 90' lang='grc' dir='ltr'><strong>ιιι</strong></span> <span class='ocrx_word' id='word_1_628' title='bbox 1590 4363 1739 4420; x_wconf 88' lang='lat' dir='ltr'><strong>divinitatis</strong></span> 
     </span>
     <span class='ocr_line' id='line_1_72' title="bbox 88 4451 1740 4533; baseline -0.004 -18"><span class='ocrx_word' id='word_1_629' title='bbox 88 4458 255 4532; x_wconf 80' lang='lat' dir='ltr'><strong>fragmenta.</strong></span> <span class='ocrx_word' id='word_1_630' title='bbox 273 4459 342 4516; x_wconf 78' lang='lat' dir='ltr'><strong>N&#39;am</strong></span> <span class='ocrx_word' id='word_1_631' title='bbox 366 4465 394 4516; x_wconf 90' lang='lat' dir='ltr'><strong>et</strong></span> <span class='ocrx_word' id='word_1_632' title='bbox 407 4474 460 4532; x_wconf 84' lang='lat' dir='ltr'><strong>ego</strong></span> <span class='ocrx_word' id='word_1_633' title='bbox 473 4459 532 4533; x_wconf 90' lang='lat' dir='ltr'><strong>ipse</strong></span> <span class='ocrx_word' id='word_1_634' title='bbox 555 4459 706 4516; x_wconf 89' lang='lat' dir='ltr'><strong>sentiebam</strong></span> <span class='ocrx_word' id='word_1_635' title='bbox 725 4458 796 4516; x_wconf 91' lang='lat' dir='ltr'><strong>iuter</strong></span> <span class='ocrx_word' id='word_1_636' title='bbox 809 4458 884 4515; x_wconf 83' lang='lat' dir='ltr'><strong>irau-</strong></span> <span class='ocrx_word' id='word_1_637' title='bbox 941 4465 1047 4515; x_wconf 91' lang='lat' dir='ltr'><strong>natura.</strong></span> <span class='ocrx_word' id='word_1_638' title='bbox 1074 4454 1236 4518; x_wconf 87' lang='lat' dir='ltr'><strong>Liberaliter</strong></span> <span class='ocrx_word' id='word_1_639' title='bbox 1258 4453 1325 4526; x_wconf 87' lang='lat' dir='ltr'><strong>agit,</strong></span> <span class='ocrx_word' id='word_1_640' title='bbox 1349 4454 1466 4530; x_wconf 84' lang='lat' dir='ltr'><strong>ignoscit</strong></span> <span class='ocrx_word' id='word_1_641' title='bbox 1489 4451 1622 4526; x_wconf 89' lang='lat' dir='ltr'><strong>plenarie,</strong></span> <span class='ocrx_word' id='word_1_642' title='bbox 1648 4451 1685 4508; x_wconf 88' lang='lat' dir='ltr'><strong>ita</strong></span> <span class='ocrx_word' id='word_1_643' title='bbox 1708 4459 1740 4508; x_wconf 91' lang='lat' dir='ltr'><strong>ut</strong></span> 
     </span>
     <span class='ocr_line' id='line_1_73' title="bbox 88 4541 1737 4625; baseline -0.005 -20"><span class='ocrx_word' id='word_1_644' title='bbox 88 4549 211 4625; x_wconf 82' lang='lat' dir='ltr'><strong>gendum</strong></span> <span class='ocrx_word' id='word_1_645' title='bbox 237 4549 335 4606; x_wconf 85' lang='grc' dir='ltr'>ιιιιιιι</span> <span class='ocrx_word' id='word_1_646' title='bbox 359 4550 519 4606; x_wconf 87' lang='lat' dir='ltr'><strong>emanibus</strong></span> <span class='ocrx_word' id='word_1_647' title='bbox 544 4550 661 4607; x_wconf 89' lang='lat' dir='ltr'><strong>evadere</strong></span> <span class='ocrx_word' id='word_1_648' title='bbox 684 4548 778 4620; x_wconf 87' lang='lat' dir='ltr'><strong>micas,</strong></span> <span class='ocrx_word' id='word_1_649' title='bbox 802 4554 885 4622; x_wconf 88' lang='lat' dir='ltr'><strong>atque</strong></span> <span class='ocrx_word' id='word_1_650' title='bbox 941 4554 1053 4620; x_wconf 91' lang='lat' dir='ltr'><strong>propter</strong></span> <span class='ocrx_word' id='word_1_651' title='bbox 1066 4544 1194 4602; x_wconf 84' lang='lat' dir='ltr'><strong>fiduciam</strong></span> <span class='ocrx_word' id='word_1_652' title='bbox 1207 4550 1392 4614; x_wconf 88' lang='lat' dir='ltr'><strong>peecatorum,</strong></span> <span class='ocrx_word' id='word_1_653' title='bbox 1412 4543 1462 4599; x_wconf 87' lang='lat' dir='ltr'><strong>sed</strong></span> <span class='ocrx_word' id='word_1_654' title='bbox 1476 4541 1675 4614; x_wconf 90' lang='lat' dir='ltr'><strong>poenitentium,</strong></span> <span class='ocrx_word' id='word_1_655' title='bbox 1690 4542 1737 4597; x_wconf 93' lang='lat' dir='ltr'><strong>uhi</strong></span> 
     </span>
     <span class='ocr_line' id='line_1_74' title="bbox 88 4629 1734 4712; baseline -0.004 -20"><span class='ocrx_word' id='word_1_656' title='bbox 88 4639 164 4694; x_wconf 89' lang='lat' dir='ltr'><strong>inter</strong></span> <span class='ocrx_word' id='word_1_657' title='bbox 176 4637 276 4712; x_wconf 84' lang='lat' dir='ltr'><strong>digitos</strong></span> <span class='ocrx_word' id='word_1_658' title='bbox 290 4638 461 4711; x_wconf 89' lang='lat' dir='ltr'><strong>properantis</strong></span> <span class='ocrx_word' id='word_1_659' title='bbox 476 4638 546 4694; x_wconf 87' lang='lat' dir='ltr'><strong>elabi</strong></span> <span class='ocrx_word' id='word_1_660' title='bbox 570 4657 575 4696; x_wconf 97' lang='lat'><strong>:</strong></span> <span class='ocrx_word' id='word_1_661' title='bbox 599 4645 689 4694; x_wconf 93' lang='lat' dir='ltr'><strong>utrum</strong></span> <span class='ocrx_word' id='word_1_662' title='bbox 703 4637 754 4710; x_wconf 91' lang='lat' dir='ltr'><strong>ipsi</strong></span> <span class='ocrx_word' id='word_1_663' title='bbox 767 4638 886 4712; x_wconf 84' lang='lat' dir='ltr'><strong>college·</strong></span> <span class='ocrx_word' id='word_1_664' title='bbox 939 4633 1087 4693; x_wconf 90' lang='lat' dir='ltr'><strong>abundavit</strong></span> <span class='ocrx_word' id='word_1_665' title='bbox 1101 4633 1240 4699; x_wconf 89' lang='lat' dir='ltr'><strong>delictum,</strong></span> <span class='ocrx_word' id='word_1_666' title='bbox 1259 4633 1345 4690; x_wconf 90' lang='lat' dir='ltr'><strong>soleat</strong></span> <span class='ocrx_word' id='word_1_667' title='bbox 1365 4637 1392 4688; x_wconf 88' lang='lat' dir='ltr'><strong>et</strong></span> <span class='ocrx_word' id='word_1_668' title='bbox 1405 4631 1494 4704; x_wconf 87' lang='lat' dir='ltr'><strong>gratia</strong></span> <span class='ocrx_word' id='word_1_669' title='bbox 1511 4629 1734 4702; x_wconf 88' lang='lat' dir='ltr'><strong>superabundare</strong></span> 
     </span>
     <span class='ocr_line' id='line_1_75' title="bbox 88 4717 1735 4800; baseline -0.006 -18"><span class='ocrx_word' id='word_1_670' title='bbox 88 4727 149 4782; x_wconf 86' lang='lat' dir='ltr'><strong>ritis</strong></span> <span class='ocrx_word' id='word_1_671' title='bbox 165 4726 265 4798; x_wconf 89' lang='lat' dir='ltr'><strong>aliqua,</strong></span> <span class='ocrx_word' id='word_1_672' title='bbox 281 4742 330 4784; x_wconf 90' lang='lat' dir='ltr'><strong>ros</strong></span> <span class='ocrx_word' id='word_1_673' title='bbox 344 4725 475 4783; x_wconf 68' lang='lat' dir='ltr'><strong>ederitis.</strong></span> <span class='ocrx_word' id='word_1_674' title='bbox 493 4729 560 4800; x_wconf 86' lang='lat' dir='ltr'><strong>Ego,</strong></span> <span class='ocrx_word' id='word_1_675' title='bbox 576 4726 732 4783; x_wconf 87' lang='lat' dir='ltr'><strong>sinendum</strong></span> <span class='ocrx_word' id='word_1_676' title='bbox 748 4725 885 4795; x_wconf 85' lang='lat' dir='ltr'><strong>fastiditis,</strong></span> <span class='ocrx_word' id='word_1_677' title='bbox 940 4724 1028 4782; x_wconf 87' lang='lat' dir='ltr'><strong>Testis</strong></span> <span class='ocrx_word' id='word_1_678' title='bbox 1043 4730 1084 4780; x_wconf 92' lang='grc' dir='ltr'><strong>ιιι</strong></span> <span class='ocrx_word' id='word_1_679' title='bbox 1098 4723 1194 4778; x_wconf 86' lang='grc' dir='ltr'>Ριιιιι</span> <span class='ocrx_word' id='word_1_680' title='bbox 1208 4721 1328 4794; x_wconf 86' lang='lat' dir='ltr'><strong>gentium</strong></span> <span class='ocrx_word' id='word_1_681' title='bbox 1343 4721 1447 4788; x_wconf 91' lang='lat' dir='ltr'><strong>doctor,</strong></span> <span class='ocrx_word' id='word_1_682' title='bbox 1464 4719 1511 4793; x_wconf 91' lang='lat' dir='ltr'><strong>qui</strong></span> <span class='ocrx_word' id='word_1_683' title='bbox 1523 4718 1584 4791; x_wconf 92' lang='lat' dir='ltr'><strong>plus</strong></span> <span class='ocrx_word' id='word_1_684' title='bbox 1598 4717 1735 4784; x_wconf 90' lang='lat' dir='ltr'><strong>omnibns,</strong></span> 
     </span>
     <span class='ocr_line' id='line_1_76' title="bbox 89 4807 1736 4888; baseline -0.004 -18"><span class='ocrx_word' id='word_1_685' title='bbox 89 4821 195 4881; x_wconf 88' lang='lat' dir='ltr'><strong>nostra,</strong></span> <span class='ocrx_word' id='word_1_686' title='bbox 211 4830 273 4888; x_wconf 88' lang='lat' dir='ltr'><strong>quae</strong></span> <span class='ocrx_word' id='word_1_687' title='bbox 286 4813 351 4869; x_wconf 90' lang='lat' dir='ltr'><strong>mihi</strong></span> <span class='ocrx_word' id='word_1_688' title='bbox 375 4814 548 4888; x_wconf 88' lang='lat' dir='ltr'><strong>collegeram,</strong></span> <span class='ocrx_word' id='word_1_689' title='bbox 570 4815 629 4871; x_wconf 90' lang='lat' dir='ltr'><strong>sine</strong></span> <span class='ocrx_word' id='word_1_690' title='bbox 645 4814 748 4872; x_wconf 87' lang='lat' dir='ltr'><strong>invidia</strong></span> <span class='ocrx_word' id='word_1_691' title='bbox 761 4831 886 4874; x_wconf 86' lang='lat' dir='ltr'><strong>commu·</strong></span> <span class='ocrx_word' id='word_1_692' title='bbox 940 4829 1002 4870; x_wconf 90' lang='lat' dir='ltr'><strong>cum</strong></span> <span class='ocrx_word' id='word_1_693' title='bbox 1016 4811 1107 4868; x_wconf 88' lang='lat' dir='ltr'><strong>divina</strong></span> <span class='ocrx_word' id='word_1_694' title='bbox 1120 4811 1210 4883; x_wconf 82' lang='lat' dir='ltr'><strong>gratia</strong></span> <span class='ocrx_word' id='word_1_695' title='bbox 1225 4808 1367 4865; x_wconf 88' lang='lat' dir='ltr'><strong>laborarit.</strong></span> <span class='ocrx_word' id='word_1_696' title='bbox 1384 4807 1472 4864; x_wconf 89' lang='lat' dir='ltr'><strong>Testis</strong></span> <span class='ocrx_word' id='word_1_697' title='bbox 1485 4813 1527 4864; x_wconf 90' lang='lat' dir='ltr'><strong>est</strong></span> <span class='ocrx_word' id='word_1_698' title='bbox 1537 4808 1690 4877; x_wconf 78' lang='lat' dir='ltr'><strong>Matthaeus,</strong></span> <span class='ocrx_word' id='word_1_699' title='bbox 1701 4809 1736 4864; x_wconf 92' lang='lat' dir='ltr'><strong>de</strong></span> 
     </span>
     <span class='ocr_line' id='line_1_77' title="bbox 90 4895 1734 4972; baseline -0.004 -13"><span class='ocrx_word' id='word_1_700' title='bbox 90 4904 199 4972; x_wconf 89' lang='lat' dir='ltr'><strong>uicabo,</strong></span> <span class='ocrx_word' id='word_1_701' title='bbox 213 4918 249 4960; x_wconf 90' lang='lat' dir='ltr'><strong>ne</strong></span> <span class='ocrx_word' id='word_1_702' title='bbox 272 4903 342 4962; x_wconf 89' lang='lat' dir='ltr'><strong>lorte</strong></span> <span class='ocrx_word' id='word_1_703' title='bbox 365 4902 501 4960; x_wconf 89' lang='lat' dir='ltr'><strong>incurram</strong></span> <span class='ocrx_word' id='word_1_704' title='bbox 522 4904 740 4962; x_wconf 91' lang='lat' dir='ltr'><strong>maledictionem</strong></span> <span class='ocrx_word' id='word_1_705' title='bbox 768 4905 885 4964; x_wconf 90' lang='lat' dir='ltr'><strong>abscon·</strong></span> <span class='ocrx_word' id='word_1_706' title='bbox 940 4901 1040 4960; x_wconf 89' lang='lat' dir='ltr'><strong>telonio</strong></span> <span class='ocrx_word' id='word_1_707' title='bbox 1055 4901 1160 4959; x_wconf 90' lang='lat' dir='ltr'><strong>electus</strong></span> <span class='ocrx_word' id='word_1_708' title='bbox 1177 4900 1206 4956; x_wconf 93' lang='lat' dir='ltr'><strong>in</strong></span> <span class='ocrx_word' id='word_1_709' title='bbox 1220 4897 1381 4972; x_wconf 88' lang='lat' dir='ltr'><strong>apostolum,</strong></span> <span class='ocrx_word' id='word_1_710' title='bbox 1397 4897 1440 4954; x_wconf 90' lang='lat' dir='ltr'><strong>oui</strong></span> <span class='ocrx_word' id='word_1_711' title='bbox 1454 4897 1537 4955; x_wconf 90' lang='lat' dir='ltr'><strong>etiam</strong></span> <span class='ocrx_word' id='word_1_712' title='bbox 1556 4895 1624 4954; x_wconf 87' lang='lat' dir='ltr'><strong>Nori</strong></span> <span class='ocrx_word' id='word_1_713' title='bbox 1639 4897 1734 4953; x_wconf 89' lang='lat' dir='ltr'><strong>Testa-</strong></span> 
     </span>
     <span class='ocr_line' id='line_1_78' title="bbox 91 4987 1739 5066; baseline -0.004 -18"><span class='ocrx_word' id='word_1_714' title='bbox 91 4991 181 5048; x_wconf 88' lang='lat' dir='ltr'><strong>dentis</strong></span> <span class='ocrx_word' id='word_1_715' title='bbox 201 4992 338 5050; x_wconf 78' lang='lat' dir='ltr'><strong>frumenta</strong></span> <span class='ocrx_word' id='word_1_716' title='bbox 362 4993 389 5047; x_wconf 91' lang='lat' dir='ltr'><strong>iu</strong></span> <span class='ocrx_word' id='word_1_717' title='bbox 411 4993 519 5063; x_wconf 91' lang='lat' dir='ltr'><strong>populis</strong></span> <span class='ocrx_word' id='word_1_718' title='bbox 531 4993 624 5063; x_wconf 83' lang='lat' dir='ltr'><strong>(Pron.</strong></span> <span class='ocrx_word' id='word_1_719' title='bbox 643 5011 682 5066; x_wconf 84' lang='grc' dir='ltr'>ιιι,</span> <span class='ocrx_word' id='word_1_720' title='bbox 707 4995 886 5064; x_wconf 72' lang='lat' dir='ltr'><strong>atterimus</strong></span> <span class='ocrx_word' id='word_1_721' title='bbox 940 4991 1025 5048; x_wconf 90' lang='lat' dir='ltr'><strong>menti</strong></span> <span class='ocrx_word' id='word_1_722' title='bbox 1043 4991 1161 5062; x_wconf 91' lang='lat' dir='ltr'><strong>primum</strong></span> <span class='ocrx_word' id='word_1_723' title='bbox 1181 4987 1341 5060; x_wconf 81' lang='lat' dir='ltr'><strong>scriptorem</strong></span> <span class='ocrx_word' id='word_1_724' title='bbox 1361 5001 1422 5043; x_wconf 89' lang='lat' dir='ltr'><strong>esse</strong></span> <span class='ocrx_word' id='word_1_725' title='bbox 1436 4987 1566 5044; x_wconf 89' lang='lat' dir='ltr'><strong>donatum</strong></span> <span class='ocrx_word' id='word_1_726' title='bbox 1580 4993 1631 5044; x_wconf 90' lang='grc' dir='ltr'>ιιι.</span> <span class='ocrx_word' id='word_1_727' title='bbox 1647 4987 1739 5044; x_wconf 87' lang='grc' dir='ltr'>Τιιιιι</span> 
     </span>
     <span class='ocr_line' id='line_1_79' title="bbox 91 5074 1737 5155; baseline -0.005 -16"><span class='ocrx_word' id='word_1_728' title='bbox 91 5083 182 5153; x_wconf 92' lang='lat' dir='ltr'><strong>itaque</strong></span> <span class='ocrx_word' id='word_1_729' title='bbox 206 5081 294 5152; x_wconf 89' lang='lat' dir='ltr'><strong>panis,</strong></span> <span class='ocrx_word' id='word_1_730' title='bbox 319 5080 427 5137; x_wconf 79' lang='lat' dir='ltr'><strong>n&#39;hene</strong></span> <span class='ocrx_word' id='word_1_731' title='bbox 451 5080 571 5149; x_wconf 90' lang='lat' dir='ltr'><strong>memini,</strong></span> <span class='ocrx_word' id='word_1_732' title='bbox 596 5082 765 5140; x_wconf 88' lang='lat' dir='ltr'><strong>conservatio</strong></span> <span class='ocrx_word' id='word_1_733' title='bbox 789 5083 885 5155; x_wconf 82' lang='lat' dir='ltr'><strong>gratiae</strong></span> <span class='ocrx_word' id='word_1_734' title='bbox 940 5085 968 5136; x_wconf 90' lang='lat' dir='ltr'><strong>et</strong></span> <span class='ocrx_word' id='word_1_735' title='bbox 980 5079 1084 5152; x_wconf 90' lang='lat' dir='ltr'><strong>Petrus,</strong></span> <span class='ocrx_word' id='word_1_736' title='bbox 1100 5078 1143 5134; x_wconf 93' lang='lat' dir='ltr'><strong>cni</strong></span> <span class='ocrx_word' id='word_1_737' title='bbox 1157 5084 1218 5148; x_wconf 91' lang='lat' dir='ltr'><strong>post</strong></span> <span class='ocrx_word' id='word_1_738' title='bbox 1232 5076 1329 5132; x_wconf 90' lang='lat' dir='ltr'><strong>trinam</strong></span> <span class='ocrx_word' id='word_1_739' title='bbox 1344 5074 1528 5147; x_wconf 81' lang='lat' dir='ltr'><strong>negationem,</strong></span> <span class='ocrx_word' id='word_1_740' title='bbox 1545 5075 1628 5132; x_wconf 91' lang='lat' dir='ltr'><strong>totius</strong></span> <span class='ocrx_word' id='word_1_741' title='bbox 1642 5075 1737 5132; x_wconf 86' lang='lat' dir='ltr'><strong>Eccle-</strong></span> 
     </span>
     <span class='ocr_line' id='line_1_80' title="bbox 91 5164 1735 5243; baseline -0.005 -16"><span class='ocrx_word' id='word_1_742' title='bbox 91 5171 150 5243; x_wconf 83' lang='lat' dir='ltr'><strong>iuit,</strong></span> <span class='ocrx_word' id='word_1_743' title='bbox 176 5185 237 5243; x_wconf 85' lang='lat' dir='ltr'><strong>quae</strong></span> <span class='ocrx_word' id='word_1_744' title='bbox 267 5186 322 5241; x_wconf 90' lang='lat' dir='ltr'><strong>me,</strong></span> <span class='ocrx_word' id='word_1_745' title='bbox 346 5169 410 5227; x_wconf 89' lang='lat' dir='ltr'><strong>licet</strong></span> <span class='ocrx_word' id='word_1_746' title='bbox 432 5168 584 5242; x_wconf 87' lang='lat' dir='ltr'><strong>indignum,</strong></span> <span class='ocrx_word' id='word_1_747' title='bbox 609 5169 735 5228; x_wconf 87' lang='lat' dir='ltr'><strong>amultis</strong></span> <span class='ocrx_word' id='word_1_748' title='bbox 767 5171 886 5242; x_wconf 89' lang='lat' dir='ltr'><strong>peccatis</strong></span> <span class='ocrx_word' id='word_1_749' title='bbox 939 5169 987 5225; x_wconf 86' lang='lat' dir='ltr'><strong>siae</strong></span> <span class='ocrx_word' id='word_1_750' title='bbox 1010 5166 1153 5240; x_wconf 87' lang='lat' dir='ltr'><strong>pastoralis</strong></span> <span class='ocrx_word' id='word_1_751' title='bbox 1176 5181 1240 5223; x_wconf 90' lang='lat' dir='ltr'><strong>cura</strong></span> <span class='ocrx_word' id='word_1_752' title='bbox 1262 5165 1407 5222; x_wconf 88' lang='lat' dir='ltr'><strong>commissa</strong></span> <span class='ocrx_word' id='word_1_753' title='bbox 1433 5173 1482 5221; x_wconf 88' lang='lat' dir='ltr'><strong>est.</strong></span> <span class='ocrx_word' id='word_1_754' title='bbox 1508 5164 1596 5222; x_wconf 88' lang='lat' dir='ltr'><strong>Testis</strong></span> <span class='ocrx_word' id='word_1_755' title='bbox 1615 5164 1735 5235; x_wconf 91' lang='lat' dir='ltr'><strong>denique</strong></span> 
     </span>
     <span class='ocr_line' id='line_1_81' title="bbox 89 5253 1737 5332; baseline -0.007 -15"><span class='ocrx_word' id='word_1_756' title='bbox 89 5275 203 5332; x_wconf 90' lang='lat' dir='ltr'><strong>prorsus</strong></span> <span class='ocrx_word' id='word_1_757' title='bbox 220 5259 309 5316; x_wconf 89' lang='lat' dir='ltr'><strong>adhuc</strong></span> <span class='ocrx_word' id='word_1_758' title='bbox 324 5259 351 5315; x_wconf 94' lang='lat' dir='ltr'><strong>in</strong></span> <span class='ocrx_word' id='word_1_759' title='bbox 371 5259 471 5317; x_wconf 90' lang='lat' dir='ltr'><strong>saeculo</strong></span> <span class='ocrx_word' id='word_1_760' title='bbox 491 5257 607 5331; x_wconf 86' lang='lat' dir='ltr'><strong>positum</strong></span> <span class='ocrx_word' id='word_1_761' title='bbox 628 5260 781 5316; x_wconf 87' lang='lat' dir='ltr'><strong>custodivit.</strong></span> <span class='ocrx_word' id='word_1_762' title='bbox 800 5261 886 5329; x_wconf 86' lang='lat' dir='ltr'><strong>Hujus</strong></span> <span class='ocrx_word' id='word_1_763' title='bbox 940 5258 1021 5314; x_wconf 89' lang='lat' dir='ltr'><strong>etiam</strong></span> <span class='ocrx_word' id='word_1_764' title='bbox 1035 5256 1214 5314; x_wconf 85' lang='lat' dir='ltr'><strong>famosissima</strong></span> <span class='ocrx_word' id='word_1_765' title='bbox 1228 5255 1272 5310; x_wconf 90' lang='lat' dir='ltr'><strong>illa</strong></span> <span class='ocrx_word' id='word_1_766' title='bbox 1290 5253 1438 5326; x_wconf 82' lang='lat' dir='ltr'><strong>peccatrix,</strong></span> <span class='ocrx_word' id='word_1_767' title='bbox 1453 5255 1496 5311; x_wconf 89' lang='lat' dir='ltr'><strong>cui</strong></span> <span class='ocrx_word' id='word_1_768' title='bbox 1509 5253 1538 5310; x_wconf 91' lang='lat' dir='ltr'><strong>in</strong></span> <span class='ocrx_word' id='word_1_769' title='bbox 1553 5254 1611 5328; x_wconf 91' lang='lat' dir='ltr'><strong>ipso</strong></span> <span class='ocrx_word' id='word_1_770' title='bbox 1625 5268 1737 5311; x_wconf 90' lang='lat' dir='ltr'><strong>couver-</strong></span> 
     </span>
     <span class='ocr_line' id='line_1_82' title="bbox 91 5343 1741 5422; baseline -0.005 -16"><span class='ocrx_word' id='word_1_771' title='bbox 91 5365 158 5422; x_wconf 83' lang='lat' dir='ltr'><strong>ergo</strong></span> <span class='ocrx_word' id='word_1_772' title='bbox 172 5346 223 5404; x_wconf 88' lang='lat' dir='ltr'><strong>tric</strong></span> <span class='ocrx_word' id='word_1_773' title='bbox 232 5356 313 5406; x_wconf 90' lang='lat' dir='ltr'><strong>teneo</strong></span> <span class='ocrx_word' id='word_1_774' title='bbox 326 5347 489 5422; x_wconf 81' lang='lat' dir='ltr'><strong>fragmenta,</strong></span> <span class='ocrx_word' id='word_1_775' title='bbox 500 5348 628 5404; x_wconf 89' lang='lat' dir='ltr'><strong>habentia</strong></span> <span class='ocrx_word' id='word_1_776' title='bbox 637 5365 764 5421; x_wconf 72' lang='lat' dir='ltr'><strong>magum</strong></span> <span class='ocrx_word' id='word_1_777' title='bbox 775 5365 886 5420; x_wconf 91' lang='lat' dir='ltr'><strong>prorsus</strong></span> <span class='ocrx_word' id='word_1_778' title='bbox 939 5346 1024 5404; x_wconf 87' lang='lat' dir='ltr'><strong>sionis</strong></span> <span class='ocrx_word' id='word_1_779' title='bbox 1037 5345 1113 5402; x_wconf 90' lang='lat' dir='ltr'><strong>initio</strong></span> <span class='ocrx_word' id='word_1_780' title='bbox 1129 5352 1202 5400; x_wconf 88' lang='lat' dir='ltr'><strong>tanta</strong></span> <span class='ocrx_word' id='word_1_781' title='bbox 1216 5343 1357 5400; x_wconf 89' lang='lat' dir='ltr'><strong>multitudo</strong></span> <span class='ocrx_word' id='word_1_782' title='bbox 1371 5343 1525 5400; x_wconf 88' lang='lat' dir='ltr'><strong>dilectionis</strong></span> <span class='ocrx_word' id='word_1_783' title='bbox 1538 5358 1667 5400; x_wconf 89' lang='lat' dir='ltr'><strong>concessa</strong></span> <span class='ocrx_word' id='word_1_784' title='bbox 1682 5350 1741 5409; x_wconf 91' lang='lat' dir='ltr'><strong>cst,</strong></span> 
     </span>
     <span class='ocr_line' id='line_1_83' title="bbox 90 5429 1737 5510; baseline -0.003 -15"><span class='ocrx_word' id='word_1_785' title='bbox 90 5438 320 5496; x_wconf 85' lang='lat' dir='ltr'><strong>delectamentum</strong></span> <span class='ocrx_word' id='word_1_786' title='bbox 341 5437 445 5510; x_wconf 89' lang='lat' dir='ltr'><strong>saporis</strong></span> <span class='ocrx_word' id='word_1_787' title='bbox 472 5443 500 5493; x_wconf 92' lang='lat' dir='ltr'><strong>et</strong></span> <span class='ocrx_word' id='word_1_788' title='bbox 518 5435 673 5493; x_wconf 90' lang='lat' dir='ltr'><strong>alimoniam</strong></span> <span class='ocrx_word' id='word_1_789' title='bbox 696 5437 768 5498; x_wconf 84' lang='lat' dir='ltr'><strong>vitae.</strong></span> <span class='ocrx_word' id='word_1_790' title='bbox 789 5439 886 5494; x_wconf 88' lang='lat' dir='ltr'><strong>Tribus</strong></span> <span class='ocrx_word' id='word_1_791' title='bbox 940 5443 1014 5492; x_wconf 87' lang='lat' dir='ltr'><strong>tanta</strong></span> <span class='ocrx_word' id='word_1_792' title='bbox 1029 5434 1201 5508; x_wconf 85' lang='lat' dir='ltr'><strong>postmodum</strong></span> <span class='ocrx_word' id='word_1_793' title='bbox 1220 5433 1323 5489; x_wconf 88' lang='lat' dir='ltr'><strong>indulta</strong></span> <span class='ocrx_word' id='word_1_794' title='bbox 1343 5431 1431 5508; x_wconf 83' lang='lat' dir='ltr'><strong>gratia</strong></span> <span class='ocrx_word' id='word_1_795' title='bbox 1451 5429 1647 5493; x_wconf 70' lang='lat' dir='ltr'><strong>familiaritatis.</strong></span> <span class='ocrx_word' id='word_1_796' title='bbox 1669 5432 1737 5503; x_wconf 81' lang='lat' dir='ltr'><strong>Quis</strong></span> 
     </span>
     <span class='ocr_line' id='line_1_84' title="bbox 90 5522 1735 5600; baseline -0.003 -17"><span class='ocrx_word' id='word_1_797' title='bbox 90 5527 226 5600; x_wconf 89' lang='lat' dir='ltr'><strong>siquidem</strong></span> <span class='ocrx_word' id='word_1_798' title='bbox 243 5527 331 5584; x_wconf 88' lang='lat' dir='ltr'><strong>modis</strong></span> <span class='ocrx_word' id='word_1_799' title='bbox 346 5533 483 5600; x_wconf 86' lang='lat' dir='ltr'><strong>apeocato</strong></span> <span class='ocrx_word' id='word_1_800' title='bbox 497 5525 884 5586; x_wconf 87' lang='lat' dir='ltr'><strong>meminimeconservatum:</strong></span> <span class='ocrx_word' id='word_1_801' title='bbox 940 5525 1074 5583; x_wconf 88' lang='lat' dir='ltr'><strong>accusarit</strong></span> <span class='ocrx_word' id='word_1_802' title='bbox 1094 5523 1215 5594; x_wconf 85' lang='lat' dir='ltr'><strong>hieriam,</strong></span> <span class='ocrx_word' id='word_1_803' title='bbox 1236 5529 1263 5578; x_wconf 91' lang='grc' dir='ltr'><strong>ιι</strong></span> <span class='ocrx_word' id='word_1_804' title='bbox 1283 5537 1332 5594; x_wconf 92' lang='lat' dir='ltr'><strong>pro</strong></span> <span class='ocrx_word' id='word_1_805' title='bbox 1354 5538 1385 5579; x_wconf 93' lang='lat' dir='ltr'><strong>se</strong></span> <span class='ocrx_word' id='word_1_806' title='bbox 1405 5537 1466 5578; x_wconf 88' lang='lat' dir='ltr'><strong>eam</strong></span> <span class='ocrx_word' id='word_1_807' title='bbox 1484 5522 1602 5594; x_wconf 86' lang='lat' dir='ltr'><strong>oportuit</strong></span> <span class='ocrx_word' id='word_1_808' title='bbox 1623 5538 1735 5594; x_wconf 88' lang='lat' dir='ltr'><strong>respon-</strong></span> 
     </span>
     <span class='ocr_line' id='line_1_85' title="bbox 90 5611 1738 5688; baseline -0.004 -14"><span class='ocrx_word' id='word_1_809' title='bbox 90 5617 240 5675; x_wconf 87' lang='lat' dir='ltr'><strong>oecasionis</strong></span> <span class='ocrx_word' id='word_1_810' title='bbox 272 5617 466 5681; x_wconf 89' lang='lat' dir='ltr'><strong>subtractione,</strong></span> <span class='ocrx_word' id='word_1_811' title='bbox 503 5615 647 5673; x_wconf 90' lang='lat' dir='ltr'><strong>resistendi</strong></span> <span class='ocrx_word' id='word_1_812' title='bbox 679 5616 741 5672; x_wconf 88' lang='grc' dir='ltr'>ιιιιι</span> <span class='ocrx_word' id='word_1_813' title='bbox 774 5617 883 5688; x_wconf 84' lang='grc' dir='ltr'>ιιιιιιι,</span> <span class='ocrx_word' id='word_1_814' title='bbox 939 5617 1024 5674; x_wconf 73' lang='lat' dir='ltr'><strong>deret</strong></span> <span class='ocrx_word' id='word_1_815' title='bbox 1048 5615 1076 5672; x_wconf 92' lang='lat' dir='ltr'><strong>Si</strong></span> <span class='ocrx_word' id='word_1_816' title='bbox 1090 5613 1243 5672; x_wconf 85' lang='lat' dir='ltr'><strong>Pharisaeus</strong></span> <span class='ocrx_word' id='word_1_817' title='bbox 1265 5620 1425 5683; x_wconf 90' lang='lat' dir='ltr'><strong>murmurat,</strong></span> <span class='ocrx_word' id='word_1_818' title='bbox 1441 5611 1463 5667; x_wconf 91' lang='lat' dir='ltr'><strong>si</strong></span> <span class='ocrx_word' id='word_1_819' title='bbox 1478 5613 1580 5668; x_wconf 90' lang='lat' dir='ltr'><strong>llartha</strong></span> <span class='ocrx_word' id='word_1_820' title='bbox 1596 5614 1738 5687; x_wconf 88' lang='lat' dir='ltr'><strong>conqueri-</strong></span> 
     </span>
     <span class='ocr_line' id='line_1_86' title="bbox 90 5702 1739 5776; baseline -0.002 -14"><span class='ocrx_word' id='word_1_821' title='bbox 90 5705 242 5764; x_wconf 87' lang='lat' dir='ltr'><strong>allectionis</strong></span> <span class='ocrx_word' id='word_1_822' title='bbox 256 5705 381 5760; x_wconf 87' lang='grc' dir='ltr'>ιιιιιιιι.</span> <span class='ocrx_word' id='word_1_823' title='bbox 397 5703 480 5760; x_wconf 83' lang='grc' dir='ltr'>Μιιιι</span> <span class='ocrx_word' id='word_1_824' title='bbox 495 5705 568 5762; x_wconf 89' lang='lat' dir='ltr'><strong>onim</strong></span> <span class='ocrx_word' id='word_1_825' title='bbox 583 5703 610 5758; x_wconf 91' lang='lat' dir='ltr'><strong>in</strong></span> <span class='ocrx_word' id='word_1_826' title='bbox 626 5714 736 5776; x_wconf 88' lang='lat' dir='ltr'><strong>peccate</strong></span> <span class='ocrx_word' id='word_1_827' title='bbox 751 5703 827 5772; x_wconf 65' lang='lat' dir='ltr'><strong>facile</strong></span> <span class='ocrx_word' id='word_1_828' title='bbox 843 5722 887 5762; x_wconf 90' lang='lat' dir='ltr'><strong>ce·</strong></span> <span class='ocrx_word' id='word_1_829' title='bbox 940 5720 991 5774; x_wconf 89' lang='lat' dir='ltr'><strong>tur,</strong></span> <span class='ocrx_word' id='word_1_830' title='bbox 1007 5705 1030 5762; x_wconf 88' lang='lat' dir='ltr'><strong>si</strong></span> <span class='ocrx_word' id='word_1_831' title='bbox 1044 5702 1260 5765; x_wconf 85' lang='lat' dir='ltr'><strong>scandalizantur</strong></span> <span class='ocrx_word' id='word_1_832' title='bbox 1274 5703 1400 5776; x_wconf 89' lang='lat' dir='ltr'><strong>apostoli,</strong></span> <span class='ocrx_word' id='word_1_833' title='bbox 1415 5703 1499 5760; x_wconf 87' lang='lat' dir='ltr'><strong>llario</strong></span> <span class='ocrx_word' id='word_1_834' title='bbox 1514 5709 1598 5773; x_wconf 84' lang='lat' dir='ltr'><strong>tacet;</strong></span> <span class='ocrx_word' id='word_1_835' title='bbox 1615 5705 1739 5768; x_wconf 73' lang='lat' dir='ltr'><strong>Christus</strong></span> 
     </span>
    </p>
   </div>
   <div class='ocr_carea' id='block_1_15' title="bbox 0 0 2064 6346">
    <p class='ocr_par' dir='ltr' id='par_1_18' title="bbox 0 0 2064 6346">
     <span class='ocr_line' id='line_1_87' title="bbox 0 0 2064 6346; baseline 0 2"><span class='ocrx_word' id='word_1_836' title='bbox 0 0 2064 6346; x_wconf 95' lang='lat' dir='ltr'><strong> </strong></span> 
     </span>
    </p>
   </div>
  </div>
 </body>
</html>
