4118 6346
83 407 133 460 sut

578 404 614 458 ΙΝ
642 401 860 468 ASCENSIONE
889 402 1011 466 uoltttlt
1049 402 1168 460 suhuo
1195 406 1227 460 ll.

1674 412 1727 466 302

81 544 141 593 uos,-
155 528 376 594 discediteame,
391 527 806 600 operariiirtiqaitata's(flattu.
825 543 875 598 vri,
894 528 979 620 *qui
1003 536 1124 582 mortuos
1144 527 1295 594 suscitavit,
1321 528 1445 599 leprosos
1468 531 1618 602 mundavit,
1640 547 1729 590 caecos

82 618 125 679 tt,
142 617 197 687 23).
216 616 265 671 Ubi
280 625 332 686 est,
357 617 430 688 quod
444 617 481 671 ait
494 615 651 686 Apostolus,
672 631 732 671 cum
755 617 789 670 de
804 617 878 685 justo
918 619 923 630 ’

80 703 169 772 judice
179 705 354 776 loqueretur:
372 703 786 776 Quireddeteaiceiqaejuctc
795 719 879 778 opero

80 807 132 846 sun
148 792 237 860 (Rom.
248 809 281 856 ιι,
302 793 343 864 6);
359 793 392 862 si,
408 791 480 864 quod
498 791 584 846 absitl
607 792 752 861 quaerenda
774 798 837 847 sunt
851 792 879 846 in

80 877 180 945 judicio
195 880 372 952 signapotius
386 895 467 952 quarn
479 878 605 934 merita‘f·
824 940 827 946 ¹

118 971 143 1021 3.
168 966 237 1022 Sunt
263 976 353 1023 tamen
380 976 408 1023 et
423 967 483 1038 ipsa
508 966 606 1024 merita
635 967 713 1038 signa
745 966 878 1039 quedam,

83 1054 200 1110 certiora
223 1056 316 1127 utique
335 1064 363 1110 et
377 1055 538 1112 salubriora.
559 1056 617 1110 Nec
640 1053 750 1112 difficile
765 1055 881 1110 arbitror

83 1158 173 1209 nosse,
196 1144 425 1214 quemadmodum
451 1142 564 1216 intelligi
584 1142 660 1214 signa
684 1143 788 1215 possint
807 1159 880 1214 prae-

80 1231 178 1296 sentio,
194 1238 224 1286 ut
238 1232 294 1288 sint
316 1233 467 1288 indubitata
486 1232 563 1302 signa
587 1231 761 1300 credulitatis,
778 1248 810 1286 ac
833 1248 882 1302 per

79 1323 129 1375 hoc
155 1328 182 1373 et
206 1320 310 1376 salutis.
332 1321 450 1376 Primum
476 1321 548 1374 enim
568 1335 636 1391 opus
658 1319 721 1376 fidei
737 1336 787 1390 per
812 1320 881 1374 dile·

934 615 1101 683 illuminavit,
1127 615 1237 670 elaudos
1261 616 1387 686 firmavit,
1407 626 1434 672 et
1457 633 1552 676 omnes
1576 621 1729 680 exsufflavit

933 703 1112 770 infirmitates,
1130 703 1255 760 dominus
1273 703 1392 766 omnium
1416 705 1474 770 fuit,
1495 717 1523 762 et
1538 710 1633 764 eadem
1647 727 1729 771 manu

934 809 989 864 qua
1007 795 1119 857 fecerat,
1146 809 1206 866 quae
1220 791 1379 848 defecerant
1404 793 1553 848 reficiebat.
1574 796 1619 852 Sic
1642 806 1669 854 et
1683 801 1730 871 qui

936 880 962 934 in
977 895 1024 936 ore
1044 881 1126 950 piscis
1141 897 1201 936 cum
1218 881 1277 951 ipso
1287 881 1362 950 pisce
1378 887 1507 936 staterem
1522 881 1643 938 invenire
1657 902 1728 955 prae-

936 966 1003 1022 dixit
1027 969 1137 1040 (hortu.
1161 984 1232 1038 xvir,
1247 969 1303 1038 ld),
1329 975 1407 1039 patet
1429 969 1524 1038 procul
1551 969 1644 1036 dubio,
1669 975 1732 1043 quia
1807 1027 1810 1036 ,

936 1057 1019 1111 maris
1034 1065 1061 1111 et
1076 1057 1196 1114 omnium
1216 1074 1277 1129 quae
1301 1057 1410 1112 inmari
1434 1065 1587 1122 moventur,
1607 1058 1734 1117 dominus

937 1142 996 1200 fuit.
1021 1145 1074 1214 Qui
1095 1162 1160 1205 vero
1181 1146 1299 1202 traduxit
1314 1162 1400 1201 aereas
1414 1152 1575 1217 potestates,
1600 1153 1628 1201 et
1646 1146 1731 1203 allinit

937 1249 984 1290 eas
999 1235 1072 1290 cruci
1087 1251 1152 1302 suas,
1168 1236 1253 1291 claret
1266 1235 1327 1306 quia
1351 1251 1433 1306 super
1448 1235 1596 1290 infernales
1610 1233 1734 1292 officinas

938 1331 1101 1394 potestatem
1124 1324 1240 1395 accepit.
1264 1324 1314 1379 llic
1336 1334 1379 1380 est
1401 1325 1472 1379 enim
1500 1324 1546 1395 qui
1578 1323 1735 1394 pertransiit

79 1409 196 1465 ctionem
226 1410 375 1479 operantis,
400 1407 489 1466 cordis
510 1409 682 1479 compunctio
706 1415 757 1476 est,
781 1409 882 1480 inqua
937 1412 1134 1467 benefaciendo
1159 1420 1185 1466 ct
1205 1412 1326 1468 sanando
1349 1427 1444 1470 omnes
1467 1427 1613 1484 oppressos
1636 1427 1652 1466 a
1672 1413 1733 1467 dia-

79 1498 138 1550 sine
156 1497 238 1552 dnbio
262 1498 408 1566 ejiciuntur
428 1497 572 1563 daemonia,
594 1513 654 1553 cum
678 1498 881 1553 eradicantnre
938 1500 1000 1555 bolo
1015 1501 1088 1569 [Act.
1112 1517 1140 1569 x,
1164 1503 1223 1572 38),
1245 1502 1290 1572 qui
1312 1502 1388 1559 stetit
1407 1503 1434 1556 iu
1457 1503 1516 1556 loco
1537 1502 1683 1573 campestri
1705 1512 1735 1559 ut

79 1585 163 1638 corde
193 1593 314 1652 peccata.
340 1583 443 1638 Exinde
472 1585 518 1655 qui
547 1586 573 1638 in
598 1585 731 1640 Christum
756 1585 880 1650 eredunt,
937 1589 1049 1643 doceret
1064 1587 1172 1655 turbam
1198 1595 1262 1644 ante
1283 1591 1438 1659 praesidem,
1454 1596 1484 1645 ut
1497 1589 1590 1660 alapas
1612 1589 1735 1645 sustine·

81 1669 181 1743 linguis
209 1670 357 1743 loquuntur
385 1673 471 1734 novis,
502 1689 563 1728 eum
593 1674 649 1740 jam
671 1672 802 1728 recedunt
834 1687 881 1727 ve·
940 1683 997 1741 ret;
1024 1683 1080 1730 toto
1103 1684 1295 1747 temporeque
1310 1677 1336 1730 in
1353 1678 1432 1732 terris
1449 1678 1524 1734 visus
1548 1685 1600 1744 est,
1624 1686 1735 1732 etcum

87 1768 145 1816 tera
167 1759 202 1815 de
226 1775 273 1816 ore
297 1775 402 1828 eorum,
431 1775 482 1816 nec
506 1761 540 1815 de
563 1768 662 1816 caetero
682 1769 788 1816 vetusta
814 1776 881 1833 pro·
939 1762 1093 1820 hominihus
1107 1773 1291 1828 conversatus,
1304 1763 1332 1816 in
1348 1764 1485 1820 laboribus
1500 1763 1589 1821 multis
1607 1771 1695 1830 stans,
1708 1770 1736 1820 ει

85 1854 255 1917 toparentum
292 1847 385 1922 lingua
424 1847 584 1920 loquuntur,
639 1848 830 1904 declinantium
854 1850 881 1903 in
899 1844 922 1919 Β
938 1866 1057 1921 operans
1072 1850 1226 1905 salutemin
1244 1851 1334 1906 medio
1350 1859 1441 1908 terrae.

86 1936 170 1990 verba
183 1935 292 1992 malitias
306 1937 341 1991 ad
356 1936 524 1992 excusandas
539 1939 726 1994 excusationes
741 1939 767 1992 in
787 1954 883 2010 pecca·
973 1943 999 1992 2.
1021 1939 1062 1992 Ad
1087 1939 1263 1993 claudendam
1279 1939 1359 2012 igitur
1374 1942 1492 1996 tunicam
1509 1952 1581 1997 tuam
1604 1943 1735 1998 inconsu-

85 2025 127 2080 tis.
152 2026 204 2082 Ubi
232 2041 298 2082 vero
312 2021 520 2097 compunctione
539 2028 628 2083 cordis
652 2034 678 2082 et
694 2027 749 2083 oris
772 2027 882 2084 confes·
938 2028 1023 2092 tilem,
1045 2027 1159 2082 Domine
1183 2029 1256 2092 lesu,
1283 2028 1318 2082 ad
1338 2028 1532 2099 perficiendam
1547 2030 1611 2086 fidei
1633 2036 1736 2088 nostrae

84 2116 160 2171 sione
189 2115 281 2186 priora
312 2122 375 2171 sunt
401 2115 490 2172 deleta
517 2125 639 2185 peccata,
674 2132 709 2171 ne
738 2116 883 2172 recidivam
937 2115 1133 2187 integritatem,
1164 2122 1259 2182 restat,
1282 2125 1310 2171 ut
1339 2117 1494 2174 videntibus
1523 2118 1663 2191 discipulis
1686 2134 1736 2189 per

85 2203 232 2275 patiantur,
248 2213 276 2258 et
297 2204 351 2273 jam
367 2203 421 2258 sint
444 2203 596 2275 posteriora
618 2205 714 2276 pejora
737 2204 882 2276 prioribus,
938 2203 1056 2258 medium
1079 2203 1160 2270 aeris,
1182 2203 1251 2258 sicut
1264 2204 1335 2260 aeris
1354 2205 1479 2261 dominus
1498 2207 1630 2262 ascendas
1654 2222 1737 2278 super

84 2289 172 2348 ute
188 2299 332 2362 serpentes
347 2290 441 2346 tollant
451 2307 564 2347 necesse
579 2299 630 2360 est,
647 2291 673 2346 id
688 2301 739 2358 est,
754 2301 784 2348 ut
797 2309 884 2349 vene·
938 2307 1034 2346 omncs
1065 2291 1159 2346 coelos.
1189 2291 1296 2346 Extunc
1316 2293 1486 2362 probabitur,
1514 2294 1578 2365 quia
1603 2294 1737 2350 Dominus

85 2388 161 2434 natas
184 2378 379 2451 suggestiones
402 2379 583 2452 exstinguant.
603 2379 673 2448 Quid
692 2387 782 2435 ιιιιιει
801 2397 885 2450 agen·
939 2380 1126 2434 universorum
1148 2385 1175 2433 tu
1191 2395 1231 2446 es,
1255 2379 1318 2450 quia
1344 2380 1435 2436 omnia
1458 2381 1486 2435 in
1500 2381 1625 2437 omnibus
1646 2382 1737 2438 adim-

84 2465 159 2532 dum,
176 2466 267 2538 siqua
292 2467 360 2523 forte
382 2466 458 2522 radix
473 2467 596 2538 pullulat,
611 2484 672 2540 quac
687 2477 740 2524 tam
755 2470 886 2527 velociter
922 2466 1030 2536 plusti,
1046 2469 1074 2521 ει
1087 2467 1142 2535 iam
1162 2467 1210 2520 tihi
1229 2465 1352 2537 profecto
1367 2467 1520 2536 debebitur,
1543 2470 1614 2524 utin
1629 2470 1739 2527 nomine

84 2562 205 2627 nequeat
225 2555 378 2627 exstirpari,
403 2557 452 2612 sed
471 2558 589 2612 stimulat
611 2558 731 2614 animum
754 2560 885 2630 eoncupi—
940 2563 986 2610 too
1013 2570 1094 2610 omne
1108 2571 1181 2625 genu
1197 2555 1333 2626 flectatur,
1349 2555 1509 2624 coelestium,
1528 2559 1698 2614 terrestrium
1712 2566 1740 2614 et

83 2644 188 2700 scentia
198 2644 306 2703 carnis?
318 2643 442 2701 Profecto
452 2648 477 2700 si
486 2649 669 2717 mortiterum
679 2649 745 2720 qaid
753 2649 884 2713 baumer,
940 2641 1125 2711 inlernornm3
1144 2651 1173 2698 et
1191 2643 1280 2698 omnis
1298 2643 1391 2714 lingua
1405 2645 1567 2701 confiteatur
1585 2647 1648 2718 quia
1662 2653 1691 2702 tu
1709 2663 1740 2703 es

85 2749 142 2791 eon
152 2735 194 2788 eis
203 2733 314 2789 nocebit
321 2753 331 2800 ;
342 2733 469 2804 quoniam
478 2733 710 2803 juxtaSalvatoris
720 2734 884 2806 exemplum,
941 2735 968 2788 in
982 2732 1079 2804 gloria,
1095 2741 1123 2788 et
1137 2733 1164 2787 in
1180 2733 1292 2787 dextera
1309 2732 1395 2787 Patris
1414 2733 1549 2806 (Philipp.
1569 2751 1599 2798 ιι,
1622 2739 1665 2802 te,
1683 2735 1737 2806 ll).

85 2837 147 2876 cum
175 2821 355 2892 gustaverint,
371 2821 465 2877 nolent
489 2822 594 2888 bibere,
610 2823 636 2878 id
652 2831 695 2879 εει
712 2841 774 2880 cum
789 2839 885 2880 senso·
942 2821 972 2874 ln
995 2822 1045 2875 hac
1067 2820 1181 2874 dextera
1195 2826 1257 2874 sunt
1272 2819 1468 2876 delectationes
1480 2837 1573 2892 usque
1594 2822 1622 2876 in
1637 2821 1738 2878 finem:

87 2907 150 2973 rint,
178 2907 274 2962 nolent
288 2909 454 2963 consentire.
480 2909 525 2964 Sic
539 2910 611 2965 enim
637 2926 692 2966 non
711 2912 751 2966 eis
777 2911 886 2968 nocebit
942 2916 969 2963 et
983 2909 1046 2963 ideo
1063 2913 1156 2962 monet
1172 2907 1330 2977 Apostolus,
1347 2915 1544 2979 utquaeramus
1557 2926 1619 2982 quae
1633 2927 1741 2967 sursum

85 2995 160 3068 (quia
190 2994 266 3050 nulla
294 2995 429 3052 damnatio
448 3005 490 3052 est
503 2997 545 3053 his
567 2998 612 3069 qui
638 3005 700 3054 sunt
722 2999 755 3060 ,in
779 3000 887 3055 Christo
942 3003 1014 3061 sunt,
1030 2995 1076 3050 ubi
1090 2995 1212 3050 Christus
1226 2996 1306 3050 estin
1320 2996 1433 3052 dextera
1444 2998 1493 3052 Dei
1507 2997 1607 3054 sedens
1623 2999 1739 3068 (Colore.

83 3085 161 3154 lesu)
181 3082 412 3152 concupiscentie
426 3099 522 3140 sensus
536 3086 639 3156 absque
653 3101 799 3143 consensu.
816 3086 886 3156 Quid
941 3098 983 3150 ιιι,
1002 3085 1045 3152 t),
1061 3081 1124 3154 quia
1138 3082 1189 3137 illio
1201 3082 1324 3153 profecto
1341 3084 1483 3140 thesaurus
1497 3095 1592 3142 noster
1607 3095 1649 3142 est
1662 3087 1742 3144 lesus

85 3169 200 3228 umen?
220 3171 333 3226 blolesta
346 3178 421 3226 certe
435 3180 462 3228 et
475 3159 629 3243 periculosa
643 3180 685 3229 est
698 3175 737 3230 sic
751 3184 886 3246 corruptae
943 3173 1077 3238 Christus,
1098 3170 1127 3225 in
1149 3186 1202 3242 quo
1218 3179 1280 3226 sunt
1303 3186 1399 3228 omnes
1416 3174 1536 3230 thesauri
1558 3175 1701 3245 sapientiae
1715 3185 1742 3233 et

86 3267 113 3314 et
123 3257 473 3315 infirmaeaflectionislucta
483 3261 601 3333 ;sedqur'
610 3261 792 3328 crediderint,
803 3279 887 3337 saper
942 3257 1064 3315 scientiae
1084 3257 1245 3324 absconditi,
1261 3260 1354 3331 inquo
1369 3261 1474 3315 habitat
1488 3263 1576 3318 omnis
1600 3263 1741 3333 plenitudo

85 3363 172 3417 cepres
192 3361 298 3404 manas
324 3347 481 3418 imponeret,
497 3352 525 3404 cf
541 3347 608 3405 berre
631 3347 777 3416 habebant,
798 3349 826 3404 id
846 3357 888 3406 est
941 3347 1090 3402 divinitatis
1104 3345 1282 3416 corporaliter
1301 3347 1461 3420 (Colossis,
1480 3353 1507 3414 3,
1524 3353 1563 3420 9).

84 3451 173 3509 aegras
195 3433 357 3490 affectiones
375 3433 453 3490 bonis
477 3436 604 3506 operibus
627 3436 762 3507 operient,
786 3444 814 3493 et
837 3439 888 3495 hoc
977 3440 1004 3492 3.
1028 3435 1099 3506 Quid
1114 3443 1206 3491 tamen
1220 3435 1331 3506 putatis,
1352 3435 1461 3502 fratres,
1477 3444 1595 3510 quantus
1614 3438 1692 3495 dolor
1714 3446 1742 3504 et

85 3521 209 3578 remedio
225 3521 400 3577 curabuntur.
493 3583 496 3588 ,
943 3526 1022 3584 timor
1034 3524 1164 3596 irruperit
1177 3523 1325 3594 apostoliea
1335 3533 1453 3594 pectora,
1469 3541 1529 3582 cum
1539 3541 1602 3582 eum
1616 3526 1743 3584 viderunt

406 3609 524 3668 SEltlllO
539 3614 571 3666 tl.
943 3629 958 3667 a
980 3629 1011 3667 se
1034 3611 1102 3677 tolli,
1119 3619 1146 3666 et
1169 3607 1254 3666 attolli
1272 3612 1300 3666 in
1325 3627 1398 3678 aera,
1419 3627 1475 3668 non
1500 3614 1581 3670 scalis
1607 3615 1742 3685 adjutum,

125 3699 268 3770 Quomodo
291 3698 420 3756 escendit
435 3715 521 3772 saper
538 3716 634 3758 omnes
647 3702 728 3758 coelos
743 3706 776 3756 ut
795 3701 888 3758 odim·
943 3715 997 3755 non
1022 3699 1202 3754 sublematum
1222 3698 1347 3766 funibus,
1374 3701 1424 3756 etsi
1441 3702 1565 3775 angelico
1586 3703 1744 3761 comitatum

385 3786 475 3860 ploret
488 3791 594 3846 munia.
943 3786 1086 3858 obsequio,
1100 3802 1155 3842 non
1170 3793 1261 3842 tamen
1276 3786 1371 3842 fultum
1381 3788 1489 3858 auxilio,
1510 3791 1559 3845 sed
1573 3792 1743 3863 gradientem

124 3883 149 3934 l.
176 3875 343 3932 Solemnitas
370 3877 430 3942 ista,
456 3875 555 3932 fratres
578 3876 739 3944 charissimi,
771 3877 889 3950 gloriosa
945 3876 972 3930 in
987 3875 1075 3932 913
1093 3875 1265 3931 multitudine
1275 3875 1440 3931 fortitudinis
1454 3879 1533 3932 suae?
1548 3879 1690 3949 impletum
1701 3891 1745 3940 est

86 3972 139 4034 est,
154 3972 193 4034 et,
211 3973 241 4020 ιιι
256 3964 292 4018 ita
315 3963 413 4030 dicam,
429 3963 568 4035 gaudiosa,
583 3965 611 4018 in
625 3979 679 4036 qua
701 3971 729 4020 et
747 3965 890 4038 singularis
944 3963 1018 4036 quod
1041 3964 1080 4019 cis
1096 3963 1219 4019 dixerat:
1241 3965 1299 4032 Quo
1314 3979 1361 4036 epo
1387 3965 1466 4032 uado,
1492 3981 1539 4024 uos
1554 3983 1611 4024 nora
1626 3973 1744 4041 potestis

85 4053 192 4109 Christo
215 4052 314 4124 gloria,
339 4062 367 4107 et
381 4052 459 4108 nobis
481 4051 606 4123 specialis
625 4052 715 4108 laetitia
735 4053 887 4111 exhibetur.
944 4055 1041 4110 uenire
1066 4055 1156 4122 (foce.
1181 4068 1241 4120 ιιιιι,
1258 4055 1314 4123 33).
1332 4053 1499 4126 Quocunque
1513 4054 1587 4111 enim
1610 4063 1743 4114 terrarum

86 4142 291 4198 consummatio
320 4140 392 4196 enim
417 4149 445 4196 et
472 4141 628 4212 adimpletio
657 4152 698 4198 est
726 4143 889 4216 reliquarum
943 4143 1029 4209 iisset,
1046 4158 1109 4199 eum
1133 4140 1333 4197 indivisibiliter
1361 4149 1557 4215 sequerentur;
1573 4159 1658 4212 mare,
1674 4147 1744 4202 sicut

86 4231 302 4295 solemnitatum,
326 4238 354 4284 ει
369 4228 433 4284 felix
447 4229 566 4285 clausula
587 4229 668 4286 totius
686 4230 817 4286 itinerarii
831 4230 889 4286 Filii
944 4232 1042 4288 Petrus
1065 4229 1128 4288 fecit
1156 4228 1301 4301 aliquando
1326 4231 1436 4302 (lfetfb.
1465 4247 1524 4300 xxv,
1551 4235 1607 4302 29),
1626 4248 1687 4289 cum
1711 4249 1744 4291 eo

87 4320 147 4374 Dei.
175 4318 227 4386 Qui
249 4318 323 4373 enim
345 4317 497 4378 descendit,
521 4317 577 4390 ipse
591 4323 633 4374 εει
656 4319 743 4389 etqui
767 4319 891 4374 ascendit
945 4319 1027 4376 etiam
1055 4318 1250 4389 submergendi
1267 4319 1415 4389 intrarent,
1446 4321 1494 4376 sed
1513 4321 1565 4378 hac
1587 4321 1665 4392 sequi
1688 4339 1742 4379 nou

86 4406 220 4463 hodierna
248 4404 293 4460 die
321 4420 403 4474 super
422 4419 518 4460 omnes
543 4406 637 4472 caelos,
674 4414 702 4460 ut
728 4406 890 4476 adimpleret
905 4433 928 4509 Β
944 4410 1080 4479 poterant,
1105 4407 1168 4479 quia
1182 4422 1283 4480 corpus
1302 4407 1375 4478 quod
1397 4409 1589 4480 corrumpitur,
1614 4421 1744 4484 aggravat

85 4495 178 4550 omnia
199 4495 311 4567 (Ephes.
333 4509 372 4559 ιιι,
391 4495 446 4562 ιθ).
460 4495 519 4549 Jam
543 4495 614 4550 enim
630 4495 888 4553 cumscdominum
945 4497 1072 4562 animam,
1100 4504 1128 4552 et
1156 4497 1282 4568 deprimit
1310 4507 1419 4553 terrena
1446 4498 1604 4554 inhabitatio
1633 4515 1743 4554 sensum
1786 4565 1796 4582 μ

87 4583 290 4648 universorum,
316 4587 456 4653 quaesunt
473 4581 500 4636 in
529 4588 601 4637 terra
622 4583 691 4638 etin
719 4585 786 4640 inari
808 4592 835 4638 et
860 4585 889 4640 in

86 4669 204 4737 inferno,
230 4669 385 4742 probasset,
409 4685 465 4724 non
489 4671 617 4740 restabat,
644 4670 696 4726 nisi
719 4681 747 4727 ut
770 4673 841 4728 aeris
862 4681 890 4729 et

87 4759 219 4815 coelorum
243 4773 275 4813 se
304 4773 365 4813 esse
393 4759 533 4814 dominum
558 4760 725 4832 argumentis
747 4761 887 4830 simihhns,

86 4848 128 4902 vel
153 4851 230 4901 certe
246 4844 396 4914 potioribus
419 4849 618 4918 comprobaret.
644 4851 727 4905 Terra
746 4850 818 4906 erum
841 4867 889 4906 co-

88 4933 183 5008 gnorit
206 4932 364 5000 Dominum,
381 4934 444 5006 quia
457 4936 490 4990 ad
506 4953 600 4992 vocem
614 4937 720 4994 virtutis
734 4940 802 5009 ejus,
828 4955 889 4996 cum

88 5022 234 5077 clamasset
258 5035 357 5093 magna
381 5037 465 5078 voce:
482 5027 598 5096 Lucere,
616 5029 681 5084 ochi
694 5027 772 5099 foras
796 5030 888 5100 (loen.

87 5126 125 5178 ιιι,
155 5115 199 5177 ta,
235 5110 293 5178 dd),
318 5119 452 5165 mortuum
480 5113 605 5170 reddidit.
634 5116 767 5190 Cognovit
803 5133 887 5183 mare,

89 5201 150 5272 quia
175 5198 293 5257 solidum
319 5215 349 5255 se
365 5199 479 5268 praebuit
501 5198 550 5255 sub
574 5203 688 5273 pedihus
713 5207 783 5276 ejus,
797 5207 834 5261 ita
861 5215 890 5262 ut

88 5289 204 5360 apostoli
220 5303 282 5344 eum
299 5293 426 5360 putarent
441 5289 600 5359 phantasma
619 5308 680 5350 esse
694 5295 805 5364 (liottfr.
829 5311 889 5360 xiv,

88 5381 132 5443 25,
150 5380 209 5444 ιθ).
226 5376 360 5451 Cognovit
382 5376 512 5446 infernus,
530 5380 608 5449 cujus
622 5381 680 5452 ipse
695 5391 788 5454 portas
806 5399 891 5440 aereas

88 5474 115 5522 ct
130 5473 227 5522 vectes
249 5464 354 5523 ferreos
377 5468 512 5540 confregit
536 5472 623 5540 (Pscl.
639 5486 696 5538 cvr,
722 5472 778 5542 td),
802 5471 849 5527 nbi
863 5482 892 5528 ει

88 5555 183 5628 ligavit
207 5553 283 5611 illum
310 5555 489 5613 insatiabilem
512 5558 683 5629 homicidam,
709 5562 755 5634 qui
782 5568 892 5618 vocatur

87 5643 212 5702 diabolus
239 5651 267 5700 ει
283 5643 396 5702 Satanas
421 5647 516 5722 (ripae.
532 5663 582 5718 xri,
600 5652 616 5705 9
625 5666 634 5720 ;
649 5667 699 5719 xx,
712 5655 751 5724 2).
769 5653 892 5711 Profecto

945 4585 1028 4641 multe
1041 4587 1206 4657 cogitantem
1222 4588 1298 4659 (Sap.
1319 4603 1358 4654 vx,
1381 4590 1436 4658 ta).
1450 4587 1534 4644 Dolor
1554 4603 1621 4660 ergo
1644 4587 1742 4643 nimius

945 4681 1012 4740 crat,
1033 4673 1096 4747 quia
1110 4675 1240 4731 videbant
1254 4675 1337 4742 illum,
1353 4687 1466 4747 propter
1480 4691 1562 4748 quem
1576 4676 1665 4732 omnia
1682 4676 1742 4730 reli·

944 4770 1072 4836 querant,
1097 4762 1184 4816 asnis
1198 4763 1323 4818 sensibus
1339 4774 1366 4817 ει
1380 4763 1536 4832 aspectibus
1555 4764 1621 4830 tolli,
1635 4773 1665 4819 ut
1688 4779 1743 4820 non

945 4858 1060 4922 possent
1072 4851 1163 4905 ablato
1181 4866 1197 4904 a
1212 4865 1241 4906 ae
1260 4865 1369 4921 sponso,
1390 4849 1437 4905 lilii
1452 4851 1545 4923 sponsi
1559 4868 1614 4909 non
1629 4852 1741 4924 lugere:

946 4941 1026 4995 timor
1039 4938 1102 5012 quia
1116 4939 1231 5010 orphani
1245 4939 1470 5011 relinquebantur
1488 4943 1514 4996 in
1526 4943 1615 4998 medio
1633 4944 1743 4999 Judaeo-

945 5047 1015 5096 rum,
1030 5029 1151 5085 nondum
1166 5028 1317 5084 confirmati
1334 5029 1431 5085 virtute
1446 5044 1480 5085 ex
1494 5031 1559 5086 alto.
1575 5032 1744 5090 benedicens

944 5136 1010 5194 ergo
1026 5118 1066 5175 eis
1090 5118 1228 5174 ferebatur
1253 5119 1279 5172 in
1295 5118 1402 5186 coelum,
1424 5119 1493 5176 forte
1517 5122 1658 5177 concussis
1674 5121 1744 5176 illius

944 5209 1090 5282 singularis
1100 5207 1294 5264 misericordiae
1304 5207 1462 5275 visceribus,
1478 5225 1540 5265 oum
1550 5209 1664 5265 miseros
1679 5225 1743 5264 suos

946 5307 973 5356 et
995 5314 1144 5370 pauperem
1159 5313 1235 5354 suam
1255 5297 1374 5353 scholam
1394 5297 1578 5370 relinquerem
1604 5297 1656 5353 nisi
1671 5300 1741 5366 quod

944 5387 1072 5443 veniebat
1095 5402 1192 5456 parare
1222 5385 1262 5442 cis
1279 5385 1377 5456 locum,
1399 5395 1426 5442 et
1440 5387 1503 5458 quia
1525 5388 1687 5458 expediebat
1715 5399 1744 5445 ut

946 5477 1117 5549 praesentiam
1151 5477 1192 5532 eis
1205 5476 1377 5532 subtraheret
1392 5477 1570 5547 corporalem.
1590 5477 1677 5547 Quam
1699 5477 1742 5534 fe-

945 5566 991 5630 lix,
1008 5581 1088 5636 quum
1112 5565 1194 5639 digna
1213 5566 1264 5621 ista
1286 5564 1444 5637 processio!
1470 5567 1503 5621 ad
1529 5583 1609 5638 quam
1632 5583 1667 5623 ne
1690 5567 1742 5640 ipsi

947 5655 1058 5727 (pridem
1087 5656 1174 5712 adhuc
1189 5656 1302 5728 apostoli
1327 5657 1401 5731 digni
1417 5657 1526 5713 fuerunt
1548 5658 1662 5724 admitti,
1682 5675 1743 5714 curn
