4118 6346
293 379 341 432 39l
751 365 779 421 S.
801 365 973 424 annaliter
992 363 1135 420 abbatis
1151 359 1477 420 CLARAE-YALOENSIS

1881 365 1936 418 392

290 511 449 573 conponat,
465 500 494 548 ut
507 491 549 546 bis
563 459 718 562 spaciatim
740 490 811 548 lilius
830 490 920 558 tieret,
942 490 989 563 qai
1012 487 1083 544 filias
1101 503 1125 582 fl
1143 487 1278 559 demptos,
1294 487 1359 542 dunt
1373 484 1457 544 victor
1479 482 1514 538 ab
1529 479 1622 536 inieris
1647 479 1737 550 rediit,
1763 491 1790 538 et
1804 483 1858 540 vita
1880 501 1940 542 om·

290 594 359 652 orat,
374 600 409 640 ne
423 581 490 655 quid
503 587 577 638 esset
600 579 783 652 ambiguitatis
797 581 826 636 in
847 581 969 638 nomine.
997 577 1082 634 Deni-
1141 577 1216 632 nium
1230 591 1292 632 com
1306 591 1340 632 eo
1354 572 1483 630 surrexit.

290 689 342 746 que
366 673 425 744 ipsa
448 679 491 726 est
517 669 631 744 Virginis
653 676 753 724 nostrae
776 668 862 741 gloria
883 669 1029 740 singularis
1057 671 1085 720 ct

289 761 426 818 excellens
453 758 633 831 prerogativa
666 757 767 821 blariae,
788 758 861 828 qnod
890 755 972 812 filium
1000 769 1085 810 unum

289 852 470 922 eumdemque
485 866 546 906 cum
566 849 623 904 Deo
642 849 721 904 Patre
736 847 835 904 meruit
848 848 950 904 habero
964 860 1085 902 commu·

290 959 363 1007 nem,
380 955 460 1014 quam
476 953 542 994 sane
556 937 671 1009 periisse
695 944 812 1003 constat,
837 937 930 992 sinon
950 933 1021 990 lilius
1043 933 1086 988 in-

293 1038 463 1089 carnaretur.
479 1027 534 1084 Sed
549 1042 600 1083 nec
619 1026 697 1082 nobis
715 1027 767 1081 alia
781 1026 839 1082 dari
862 1033 955 1096 posset
978 1023 1085 1080 occasio

295 1119 388 1176 similis
403 1117 545 1190 sperandae
567 1115 660 1170 salutis
684 1123 712 1170 et
731 1114 905 1170 haereditatis.
926 1114 1022 1168 Factus
1046 1111 1085 1166 si·

295 1209 403 1282 quidem
427 1204 622 1280 primogenitus
640 1203 670 1257 ira
690 1203 781 1259 maltis
794 1203 929 1268 tratribus,
953 1201 1000 1272 qui
1023 1201 1085 1256 uni·

294 1297 402 1369 genitus
420 1299 487 1359 erat,
507 1293 638 1348 adscisset
652 1307 700 1347 eos
716 1292 774 1346 sine
796 1290 918 1345 dubioin
940 1289 1085 1344 ttaeredita-

293 1393 358 1450 tem,
373 1399 442 1456 quos
459 1381 561 1438 vocarit
581 1380 609 1435 in
629 1379 813 1450 adoptionem.
840 1378 869 1432 Si
883 1377 955 1433 enim
977 1377 1085 1442 iratres,

292 1481 320 1529 et
336 1470 504 1528 cohaeredes.
529 1469 579 1524 llic
601 1483 668 1542 ergo
692 1465 814 1522 Christus
839 1467 927 1530 lesus,
955 1465 1088 1520 mediator

290 1559 389 1625 fidelis,
408 1559 477 1614 sicut
491 1556 519 1611 in
534 1571 650 1626 persona
673 1571 727 1610 una
752 1555 799 1611 Dei
826 1555 997 1625 hominisque
1020 1555 1087 1608 sub*-

1177 663 1472 723 sextadecimanos
1492 675 1564 732 pane
1583 658 1645 715 vitae
1670 667 1698 714 et
1721 658 1887 733 intetteetoa,
1908 671 1938 722 et

1140 762 1214 826 potat
1229 770 1299 826 aqua
1321 750 1461 824 sapientie
1476 747 1609 804 salutaris.
1626 748 1674 803 list
1689 748 1762 804 enim
1781 749 1937 810 intellectus

1139 858 1231 898 rerum
1257 839 1435 912 spiritualium
1463 846 1491 893 et
1520 835 1702 904 invisibilium,
1733 853 1814 894 veras
1837 839 1935 912 animae

1139 931 1227 1002 panis,
1242 927 1408 986 coinfirmans
1430 942 1478 982 cor
1500 933 1634 994 nostrum,
1661 932 1689 980 et
1712 925 1746 979 ad
1761 941 1842 984 omne
1865 945 1936 1002 opus

1140 1021 1241 1076 bonum
1256 1018 1388 1074 roborans
1411 1015 1440 1071 in
1467 1014 1540 1071 omni
1570 1013 1765 1072 exercitatione
1791 1015 1935 1089 spirituali.

1139 1105 1259 1164 Carnutis
1273 1115 1363 1162 autem
1378 1107 1470 1171 horno,
1485 1102 1531 1176 qui
1546 1117 1600 1157 non
1614 1102 1731 1174 percipit
1745 1119 1778 1160 ea
1796 1121 1858 1177 quae
1872 1115 1936 1162 sunt

1141 1195 1250 1267 spiritus
1263 1195 1324 1266 Dei,
1340 1195 1387 1248 scd
1412 1191 1525 1248 stultitia
1543 1192 1567 1248 ei
1582 1191 1718 1258 videntur,
1743 1203 1836 1263 gemat
1851 1204 1879 1251 et
1893 1195 1935 1252 ln-

1139 1282 1937 1355 goatdicens:Araiicermeam,quiscilitaasamcome-

1140 1373 1205 1430 clere
1218 1389 1321 1443 panem
1335 1386 1432 1426 meato
1446 1369 1535 1434 (Psol.
1551 1385 1584 1434 cr,
1601 1371 1641 1437 5).
1667 1369 1739 1424 liceo
1764 1370 1837 1426 enim
1861 1387 1938 1426 mera

1141 1469 1168 1516 et
1182 1459 1302 1532 perlecta
1317 1458 1417 1514 veritas
1430 1466 1482 1522 est,
1499 1472 1555 1511 non
1568 1456 1699 1527 prodesse
1716 1458 1826 1524 homini,
1844 1458 1867 1514 si
1882 1460 1939 1514 uni-

1140 1564 1249 1605 versum
1265 1547 1394 1602 mundum
1406 1546 1536 1614 lucretur,
1559 1544 1657 1600 animae
1679 1553 1769 1601 autern
1784 1563 1841 1602 snae
1856 1548 1940 1604 detri-

291 1647 416 1705 stantiam
431 1644 565 1717 copulavit
579 1643 713 1700 inaltabili
736 1651 926 1708 sacramento;
951 1643 990 1696 sic
1009 1651 1036 1697 et
1060 1641 1087 1696 in
1141 1649 1262 1700 mentum
1278 1635 1367 1693 iaciat.
1380 1635 1433 1692 Sed
1447 1635 1556 1706 quando
1570 1632 1598 1688 id
1613 1649 1711 1706 capere
1722 1635 1938 1706 possitavarusl

291 1737 350 1810 ipsa
366 1733 597 1802 reconciliatione,
608 1732 720 1790 consitio
735 1748 800 1787 usus
813 1731 956 1790 altissimo.
971 1730 1086 1785 mediam
1144 1727 1208 1782 Sine
1223 1739 1305 1782 cansa
1323 1724 1436 1792 laborat,
1453 1722 1575 1795 quisquis
1589 1722 1614 1779 ei
1628 1722 1656 1777 id
1675 1724 1841 1794 persuadere
1855 1740 1940 1783 oona·

291 1841 346 1882 non
360 1824 481 1880 deseruit
494 1822 662 1896 aequitatem,
672 1821 780 1893 utrique
795 1819 916 1876 tribuens
926 1819 1000 1891 qaod
1010 1833 1089 1890 opor·
1105 1803 1126 1880 Β
1144 1825 1196 1872 tur.
1218 1814 1316 1887 thuid
1331 1815 1409 1870 hoc?
1434 1814 1537 1884 Nempe
1552 1811 1613 1884 quia
1637 1812 1748 1869 stultitia
1768 1813 1806 1870 illi
1819 1815 1938 1872 videtur.

293 1915 376 1985 tebet,
400 1912 530 1967 honorem
553 1911 629 1974 Deo,
658 1908 759 1964 homini
783 1906 995 1964 miserationem.
1025 1908 1088 1964 llaec

292 2001 364 2056 enim
379 2000 480 2071 optima
493 1998 566 2054 inter
579 1995 714 2054 oliensum
735 1997 879 2052 Dominum
894 2002 920 2051 et
936 2011 1010 2052 reum
1026 2012 1087 2052 ser-

291 2105 355 2147 vum
371 2089 457 2144 torma
473 2085 688 2158 compositionis,
708 2093 738 2140 ut
750 2101 802 2140 nec
814 2083 965 2140 honorandi
980 2084 1087 2139 Domini

292 2176 350 2232 zelo
360 2190 455 2231 servus
469 2175 637 2245 opprimatur
648 2170 791 2227 austeriori
804 2169 954 2235 sententia;
971 2185 1022 2226 nec
1033 2187 1089 2225 rur·

291 2281 361 2331 sam,
383 2263 447 2319 dum
462 2262 524 2318 huic
547 2258 753 2316 immoderatius
776 2258 1017 2326 condescenditur,
1042 2258 1087 2316 ille

291 2352 384 2409 debito
398 2350 540 2406 fraudetur
553 2350 667 2404 honore.

329 2443 355 2494 3.
376 2439 446 2494 hudi
462 2437 545 2510 igitur
563 2444 591 2492 et
605 2435 749 2510 diligenter
763 2435 879 2494 observa
893 2435 1044 2507 angelicam
1058 2434 1087 2490 in

291 2529 373 2600 hujus
386 2525 543 2584 mediatoris
565 2533 627 2580 ortu
650 2525 878 2582 distributionem.
909 2527 1015 2588 Gloria,
1042 2523 1087 2578 in-

289 2617 395 2692 quiunt,
406 2622 440 2672 ira
449 2615 597 2672 altissimis
607 2615 673 2682 Dec,
684 2617 712 2669 ei
725 2617 758 2670 ira
769 2620 847 2672 terra
855 2631 914 2686 pam
925 2613 1088 2676 homicidas

290 2709 368 2766 beate
379 2706 532 2762 voluntatis
543 2705 620 2768 (Lac.
635 2717 665 2768 ιι,
678 2701 732 2770 tt).
749 2703 835 2772 liujus
859 2702 976 2775 denique
1001 2701 1088 2776 gratia

1142 1903 1213 1974 Quid
1232 1903 1322 1960 verius
1343 1918 1425 1973 quam
1439 1903 1541 1974 ‘jugum
1558 1901 1656 1957 Christi
1672 1917 1734 1958 esse
1755 1904 1861 1962 suave?
1881 1908 1939 1974 hp·

1141 2008 1213 2065 pone
1233 1989 1335 2046 homini
1349 1988 1479 2055 saeculari,
1497 1999 1526 2046 et
1538 1989 1601 2046 vide
1615 1991 1638 2044 si
1651 2005 1707 2046 non
1717 1990 1804 2064 magis
1818 1992 1937 2064 lapidem

1143 2096 1223 2152 quam
1236 2095 1335 2152 panem
1349 2078 1496 2150 reputabit.
1512 2079 1545 2134 Et
1566 2087 1640 2134 certe
1655 2079 1811 2150 hujusmodi
1832 2079 1936 2138 intelli·

1141 2169 1234 2241 qentia
1248 2166 1369 2240 veritatis
1388 2167 1503 2222 internae
1519 2165 1583 2222 vivit
1597 2167 1695 2234 anima,
1720 2177 1747 2224 et
1766 2167 1811 2225 hic
1829 2176 1873 2226 est
1885 2167 1939 2240 spi·

1142 2257 1245 2314 ritualis
1259 2257 1344 2313 cibus.
1360 2256 1421 2311 Non
1436 2255 1509 2312 enim
1531 2254 1558 2310 in
1583 2256 1642 2311 solo
1666 2272 1737 2329 pane
1760 2256 1826 2314 vivit
1845 2257 1940 2324 home,

1140 2346 1190 2403 sed
1204 2347 1233 2402 in
1253 2345 1327 2402 omni
1343 2345 1426 2401 verbo
1441 2344 1652 2417 quodprocedit
1665 2346 1700 2403 de
1715 2361 1762 2402 ore
1777 2345 1937 2416 betocer.

1142 2450 1201 2503 virt,
1231 2436 1268 2505 3).
1298 2434 1488 2489 Verumtamen
1516 2433 1606 2489 donec
1634 2433 1722 2506 sapiat
1748 2433 1798 2490 tibi
1824 2434 1936 2502 veritas,

1142 2540 1196 2580 non
1211 2524 1270 2580 sine
1284 2522 1442 2578 dilticnltate
1453 2521 1488 2576 ad
1502 2520 1631 2578 interiora
1647 2521 1787 2593 trajicitur.
1804 2521 1854 2579 Ubi
1871 2537 1938 2580 vero

1142 2611 1258 2684 emporis
1272 2612 1299 2666 in
1319 2625 1351 2667 ea
1370 2609 1513 2676 oblectari,
1527 2611 1583 2680 iam
1606 2625 1660 2665 non
1681 2611 1770 2682 cibus,
1786 2612 1835 2668 sed
1856 2619 1938 2683 potus

1142 2710 1197 2758 est:
1213 2710 1241 2757 et
1255 2700 1314 2755 sine
1328 2697 1483 2754 difficultate
1497 2699 1579 2754 intrat
1602 2697 1630 2753 in
1644 2698 1772 2769 aninam,
1788 2715 1843 2772 quo
1857 2699 1936 2756 vide·

290 2793 487 2852 observationis
501 2790 575 2846 fideli
589 2790 789 2846 reconciliatori
810 2790 917 2846 Christo
935 2806 988 2847 nec
1007 2791 1087 2846 timo·
1141 2791 1205 2846 licet
1226 2788 1373 2861 spiritualis
1394 2788 1472 2843 cibus
1499 2786 1683 2859 intelligentiae
1707 2797 1772 2860 potu
1797 2788 1937 2860 sapientie

292 2883 328 2940 ris
342 2883 453 2954 spiritns
474 2880 571 2945 deluit,
597 2894 652 2951 quo
677 2880 746 2934 Patri
770 2895 879 2950 semper
905 2879 1086 2936 reverentiam
1141 2881 1288 2954 digeratur,
1313 2893 1347 2932 ne
1371 2876 1455 2946 ipsius
1472 2876 1610 2932 interioris
1633 2877 1749 2932 hominis
1771 2878 1884 2942 artibus,
1910 2877 1937 2932 id

290 2969 442 3035 exhiberet,
458 2983 567 3039 semper
586 2966 611 3022 ei
626 2964 757 3032 deterret,
773 2982 882 3038 semper
896 2966 1010 3040 gloriam
1025 2969 1087 3036 eius
1141 2974 1183 3025 est
1196 2965 1349 3026 attactibus.
1365 2964 1487 3021 siccitate
1500 2964 1695 3037 laborantibus,
1710 2966 1787 3022 oneri
1801 2967 1889 3038 magis
1902 2967 1937 3023 sit

290 3063 445 3132 qnaereret;
469 3071 521 3112 nec
535 3054 645 3126 spiritus
669 3053 787 3125 pietatis,
806 3069 860 3127 quo
874 3054 1087 3112 misericorditer
1140 3071 1221 3129 quam
1238 3053 1354 3110 utilitati.

293 3153 494 3219 compateretur
509 3141 673 3200 hominibus.
688 3140 766 3198 Unde
789 3150 817 3198 et
830 3143 1013 3200 necessarium
1034 3145 1086 3200 ha·
1103 3107 1125 3185 n
1174 3146 1201 3198 b.
1218 3144 1258 3200 Ex
1273 3142 1400 3198 omnibus
1412 3157 1479 3213 erqo
1489 3158 1551 3213 quae
1564 3142 1700 3199 salvandis
1715 3143 1938 3215 papulisiuerant

295 3237 354 3293 buit
374 3233 498 3306 spiritum
520 3246 629 3304 quoque
652 3229 783 3296 scientiae,
809 3249 858 3302 per
879 3248 960 3303 quem
980 3231 1086 3288 timoris
1140 3231 1305 3300 necessaria,
1326 3230 1392 3286 nihil
1415 3230 1523 3302 penitus
1537 3231 1624 3286 deluit
1646 3231 1788 3288 Salvatori.
1813 3233 1875 3304 lpse
1895 3241 1938 3290 est

291 3324 394 3398 pariter
408 3330 436 3378 et
457 3311 566 3392 pietatis
588 3318 744 3376 distributio
767 3320 846 3377 lieret
872 3319 1024 3376 inconfusa.
1053 3321 1087 3376 Et
1140 3323 1222 3388 enim,
1243 3321 1346 3393 dequo
1370 3319 1492 3391 praecinit
1508 3321 1589 3375 isaias
1614 3321 1787 3393 :lipredt'etar
1811 3323 1937 3394 circada

289 3421 354 3471 nota
370 3411 443 3484 quod
458 3410 486 3465 in
499 3409 591 3482 primo
605 3407 650 3463 illo
673 3416 817 3481 parentum
841 3416 994 3466 nostrorum
1015 3423 1085 3481 pec·
1138 3411 1324 3475 radicelease,
1335 3413 1363 3465 et
1372 3410 1423 3478 stoa
1432 3409 1567 3466 deradice
1576 3411 1788 3478 ejuaaaceadei,
1796 3413 1937 3484 ctrcqaie·

246 3563 250 3586 Ι
289 3510 351 3558 cato
365 3497 451 3556 918
466 3507 522 3554 tres
545 3497 655 3569 quidem
679 3505 805 3554 auctores
828 3498 1007 3564 exstiterunt3
1036 3497 1085 3554 sed
1138 3498 1937 3572 scelsapercamapiritcaDomini,spiriiaaaapieatioeet

289 3589 431 3646 manifeste
447 3586 593 3642 doluerunt
617 3585 667 3640 tria
692 3586 788 3641 tribus.
805 3586 870 3643 Dico
895 3587 968 3642 enirn
991 3587 1085 3652 Evam,
1139 3587 1562 3659 intellectas,spiriiascoreaiiii
1576 3587 1936 3660 elferiitadinis,apiritae

290 3676 429 3733 diabolum
444 3683 472 3730 ot
482 3674 579 3730 Adam·
595 3673 655 3730 Non
671 3673 763 3747 habuit
776 3675 833 3730 Eva
846 3673 1000 3738 scientiam,
1013 3690 1083 3746 quae,
1137 3679 1299 3736 scientiori
1308 3677 1435 3749 pietates,
1451 3681 1477 3732 et
1489 3676 1605 3748 replebit
1612 3692 1677 3732 eam
1691 3679 1747 3748 spir
1753 3678 1814 3733 itus
1824 3679 1936 3734 timoris

278 3774 319 3836 ,ut
342 3765 380 3820 ait
401 3761 556 3836 Apostolus,
581 3763 693 3818 seducta
717 3769 760 3819 est
780 3763 809 3818 in
833 3762 1085 3834 prevaricationem
1139 3767 1251 3824 Domini
1264 3767 1342 3834 (lsai.
1361 3779 1403 3832 ιιι,
1419 3765 1486 3836 l·3).
1498 3763 1567 3819 lltnd
1577 3779 1644 3822 sane
1653 3764 1799 3838 diligenter
1812 3767 1934 3833 attende,

290 3857 314 3921 tl
330 3856 399 3910 Tim.
415 3867 444 3918 tr,
469 3852 523 3922 tt).
551 3849 649 3906 Verum
674 3852 732 3908 haec
756 3851 865 3923 quidem
884 3851 1005 3923 serpenti
1029 3867 1085 3907 non
1139 3854 1316 3928 quodltorem
1331 3852 1404 3908 bunc
1423 3851 1457 3908 de
1481 3851 1583 3920 radice,
1608 3868 1664 3910 non
1678 3854 1712 3910 de
1736 3853 1813 3929 virga
1836 3855 1937 3910 dixerit

289 3941 384 4008 deluit,
403 3939 451 4013 qui
473 3938 595 3996 callidior
614 3938 777 3996 describitur
803 3939 910 3996 caeteris
936 3939 1084 3995 animanti·
1138 3957 1323 4000 ascensurum.
1338 3939 1446 3996 Etenim
1461 3939 1484 3996 si
1503 3956 1572 4016 nova
1587 3940 1686 3996 Christi
1701 3956 1765 4000 caro
1780 3943 1808 3998 in
1823 3942 1936 4017 Virgine

287 4033 352 4100 bua;
377 4031 427 4086 sed
449 4027 578 4100 pietatem
603 4027 737 4100 malignus
764 4043 819 4085 non
847 4027 950 4094 habuit,
976 4029 1022 4100 qui
1050 4030 1084 4084 ab
1138 4039 1229 4088 creata
1242 4037 1317 4086 esset
1330 4045 1364 4086 ex
1373 4027 1456 4086 nihilo
1466 4030 1550 4100 (quod
1564 4029 1765 4086 estimaverunt
1779 4029 1934 4100 nonnulli);

288 4119 364 4178 initio
380 4119 467 4174 lactus
482 4125 524 4172 est
547 4115 693 4171 homicida.
717 4116 804 4171 Adam
831 4133 897 4176 vero
925 4117 985 4188 pius
1013 4116 1084 4174 torte
1138 4137 1192 4177 non
1206 4121 1241 4176 de
1263 4118 1354 4174 radice
1370 4116 1431 4187 llos,
1454 4118 1503 4174 sed
1523 4119 1597 4175 forte
1621 4119 1654 4175 de
1673 4119 1750 4191 virga
1761 4119 1938 4193 diaipotemt

288 4207 405 4271 videtur,
419 4205 560 4260 mulierem
582 4219 637 4259 non
659 4204 863 4276 contristando;
884 4207 932 4262 scd
959 4203 1083 4262 timorem
1137 4207 1305 4265 ascendisse.
1320 4206 1400 4263 Nunc
1414 4215 1505 4263 autem
1520 4206 1566 4280 qui
1590 4207 1690 4278 prodiit
1703 4224 1736 4264 ea
1756 4208 1860 4276 radice,
1876 4207 1937 4266 sine

289 4293 395 4352 Domini
409 4291 564 4364 dereliquit,
581 4291 640 4349 voci
654 4291 726 4348 illius
742 4292 829 4366 magis
843 4293 986 4360 obediens,
1001 4309 1083 4366 quam
1137 4297 1219 4353 dubio
1233 4295 1268 4351 ab
1282 4295 1388 4370 origine
1403 4309 1573 4352 communem
1588 4296 1718 4367 probatur
1733 4295 1862 4354 babuisse
1876 4313 1935 4352 aaa·

288 4385 396 4442 divinae.
418 4381 524 4439 Utinam
549 4381 635 4452 mapis
663 4382 743 4439 timor
764 4382 871 4439 Domini
898 4383 1083 4455 prevaluisset
1138 4385 1245 4442 teriam.
1269 4386 1337 4440 Nam
1364 4383 1439 4456 quod
1462 4400 1547 4457 super
1568 4400 1632 4441 enm
1651 4384 1767 4456 Spiritus
1790 4386 1935 4459 requievit,

287 4469 314 4524 in
339 4468 391 4526 eol
417 4469 487 4526 sicut
510 4469 545 4525 de
566 4467 673 4526 Christo
705 4469 846 4544 signanter
864 4471 983 4544 legitur:
1014 4473 1083 4542 Quia
1138 4474 1203 4530 nibil
1217 4473 1244 4529 in
1259 4489 1292 4530 eo
1312 4473 1534 4531 contradictionis
1558 4473 1641 4530 luisse
1655 4474 1786 4531 declarat.
1810 4473 1936 4532 [anobis

287 4557 402 4642 replevit
439 4573 513 4625 eum,
541 4573 597 4613 non
623 4558 732 4630 pietatis
760 4561 881 4631 spiritus,
904 4561 954 4616 sed
977 4561 1082 4618 datoris
1136 4563 1210 4619 onim
1229 4563 1293 4636 quia
1314 4577 1369 4617 non
1392 4561 1502 4620 omnino
1522 4561 1647 4634 superior
1670 4571 1712 4619 est
1732 4563 1854 4636 spiritns,
1879 4579 1936 4622 non

287 4649 365 4718 (lsai.
380 4662 421 4716 ιι,
437 4649 474 4714 3).
490 4647 521 4702 ln
541 4647 667 4703 omnibus
682 4648 798 4704 enimet
820 4649 974 4719 peremnia
989 4649 1083 4721 pietati
1136 4650 1291 4724 requiescit,
1321 4664 1402 4706 carne
1430 4649 1557 4705 nimirum
1584 4651 1718 4708 adversus
1741 4651 1877 4724 spiritam,
1906 4659 1936 4708 et

286 4738 470 4820 proximorum
484 4737 563 4792 timor
576 4735 684 4792 Domini
699 4737 887 4808 praeterendns
903 4744 956 4805 est,
971 4745 999 4794 et
1008 4739 1083 4796 solus
1136 4739 1232 4812 spiritu
1243 4739 1373 4796 adversus
1388 4753 1500 4795 carnem
1514 4739 1744 4812 concupiscente:
1766 4757 1782 4796 a
1795 4755 1850 4812 quo
1865 4756 1933 4796 con·

287 4828 401 4898 ipsaest
419 4825 567 4902 quitatum
591 4825 643 4881 sibi
662 4826 799 4883 hominem
813 4828 912 4884 debeat
930 4827 1081 4886 vindicare.
1135 4828 1209 4885 flictu
1233 4843 1283 4884 nos
1306 4827 1413 4900 liberet,
1435 4827 1465 4883 in
1490 4843 1545 4902 quo
1564 4828 1631 4884 nibil
1652 4828 1740 4886 simile
1763 4827 1824 4898 luit,
1846 4843 1935 4886 novas

288 4915 320 4969 la
342 4913 385 4968 his
409 4912 492 4989 igitur
516 4913 614 4981 tribus,
643 4915 750 4988 timore,
777 4915 880 4988 pietate
903 4924 933 4974 at
958 4917 1082 4986 scientia,
1136 4917 1218 4974 homo
1232 4923 1260 4972 et
1273 4932 1355 4972 verus
1365 4917 1455 4986 homo,
1471 4917 1620 4989 quiveram
1630 4919 1719 4975 carnis
1729 4927 1831 4974 nostrae
1844 4933 1938 4976 susce·

288 5001 421 5058 mediator
434 5009 528 5058 noster
541 5003 725 5064 reconciliavit
738 5003 947 5074 hominesDeo;
967 5022 1030 5062 nam
1054 5005 1083 5063 ia
1134 5005 1175 5079 pit
1193 5005 1337 5077 originem,
1364 5005 1414 5062 sed
1428 5007 1593 5063 termentum
1616 5015 1695 5066 vetus
1708 5007 1940 5080 concupiscenti·

285 5091 410 5160 consibo,
426 5099 453 5148 et
467 5091 627 5148 tortitudine
643 5091 677 5148 de
690 5109 774 5150 mana
782 5093 931 5149 adversarii
947 5093 1081 5152 liberavit.
1137 5111 1191 5151 non
1203 5094 1334 5167 suscepit.

285 5180 404 5237 Consilio
432 5179 568 5254 siquidem
596 5181 711 5252 pristino
734 5183 795 5252 jure
824 5181 939 5253 privavit
962 5183 1080 5254 bostem,
1255 5239 1261 5251 ,
1330 5163 1419 5222 979
1454 5165 1573 5223 3ΕῆΜο
1605 5166 1642 5224 ῙῘῘ
1671 5167 1739 5240 (⁶4-

214 5303 221 5316 ·
285 5271 348 5326 data
357 5277 502 5343 potestate,
517 5278 547 5326 ut
567 5285 663 5326 manus
681 5270 806 5340 injiceret
824 5269 980 5328 innocenti:
1002 5271 1081 5330 lorti·
1135 5240 1175 5293 ⁰⁶
1187 5239 1306 5295 'mmm
1319 5237 1451 5294 “duum
1465 5237 1557 5310 (10αῆ
1573 5253 1635 5304 Μ’
1650 5241 1712 5294 3Ἠ
1735 5239 1791 5308 ῗάθ
1801 5240 1940 5298 summ

334 5359 339 5370 .
513 5359 518 5370 .
643 5359 649 5370 .
937 5359 942 5372 .
1232 5311 1304 5365 Dan.
1319 5311 1396 5378 xrttl:
1409 5309 1442 5366 de
1456 5313 1486 5366 B.
1504 5309 1593 5368 Dario
1606 5311 1685 5380 (Lac.
1703 5325 1722 5378 t,
1742 5313 1851 5380 26-38).

284 5360 377 5417 todme
392 5359 541 5432 praevaluit,
566 5375 602 5418 ne
625 5358 758 5417 vrolenter
776 5369 870 5431 posset
893 5366 1017 5438 retmerc
1035 5377 1082 5418 re·
1173 5385 1198 5435 q,
1214 5311 1301 5450 ,Suam
1315 5381 1392 5437 appe,
1404 5395 1435 5436 eg
1447 5381 1476 5436 jn
1495 5380 1693 5449 mamma,
1710 5397 1791 5454 quam
1805 5380 1939 5455 magum.

319 5559 377 5632 (ιι)
391 5559 503 5616 Habitus
530 5573 601 5614 anno
630 5559 710 5625 tteo,
739 5571 794 5628 quo
821 5553 978 5614 hnuntiatio
1005 5558 1081 5616 cele·
1135 5557 1265 5630 gesimae:
1284 5573 1340 5632 quo
1349 5557 1395 5616 die
1404 5559 1504 5632 legitur
1516 5559 1648 5618 Susanna
1662 5559 1785 5630 historia,
1799 5520 1830 5620 et
1844 5561 1939 5620 aran-

285 5629 362 5690 brata
374 5631 551 5690 iuitSabbato
564 5635 627 5705 post
640 5627 808 5688 Dominicam
826 5627 935 5686 tertiata
953 5628 1081 5702 orma-
1135 5629 1237 5704 qelium
1249 5629 1286 5692 de
1297 5629 1553 5690 muliereadnltera.
