3996 6350
116 357 167 424 ,ιι
303 323 307 334 ’
691 355 734 418 nn
749 351 904 416 invanrn
922 349 1162 423 minimam
1178 351 1223 412 tn.
1742 355 1780 420 p,

131 490 185 544 non
205 475 285 544 nosti,
306 475 410 550 quiete
434 477 486 534 buc
511 475 634 544 adduxit,
651 481 698 530 sut
717 476 853 548 quomodo
875 475 929 528 buc
943 486 967 564 q
982 469 1071 526 silium
1086 469 1183 526 melius
1192 469 1319 537 arbitror,
1334 485 1415 543 quam
1429 472 1453 528 si
1466 474 1592 548 exemplo
1606 481 1652 532 tuo
1666 474 1778 532 fratrent

130 562 251 622 venisti?
274 564 402 638 Alioquin
431 563 540 637 quando
570 563 618 619 tibi
646 563 806 635 persuaderi
834 568 927 634 posset
983 557 1776 638 docerestudeas,qpaeoporteat,quaenonoporteatlieri;

129 652 274 708 charorum
287 651 442 722 affectibus,
468 651 591 724 corporis
618 649 811 722 voluptatibus,
836 649 926 706 steeuli
982 660 1134 717 provocans
1144 662 1207 701 eum
1218 645 1253 701 ed
1261 643 1419 716 meliora,et
1429 649 1617 718 consulensei,
1628 668 1682 710 uon
1693 653 1778 710 verbo

130 741 293 810 vanitatibus
316 748 413 814 sponte
430 740 634 808 abrenuntiare,
652 749 679 796 et
698 743 801 810 jactare
824 739 926 810 cogita·
981 749 1072 806 neque
1086 733 1189 806 lingua,
1205 735 1253 789 sed
1268 749 1353 804 opere
1368 742 1395 789 et
1410 735 1535 792 veritate.
1546 739 1587 792 An
1602 755 1671 795 vero
1685 739 1778 796 utilius

130 835 186 882 tum
210 837 285 884 tuum
308 828 335 882 in
359 828 484 896 Domino,
501 835 528 882 et
543 843 651 884 ornnem
676 826 883 883 sollicitudinem
898 827 925 880 in
981 829 1027 876 aut
1049 821 1186 878 efficacius
1210 822 1336 878 auxilium
1361 822 1469 895 aliquod
1494 832 1545 895 est,
1562 842 1641 898 quam
1663 835 1694 885 nt
1714 845 1778 887 ores

128 932 192 970 eum
207 916 358 990 proJicere3
380 917 414 972 de
434 933 488 988 quo
507 916 574 972 nihil
594 917 676 988 bene,
695 917 750 972 inre
769 926 822 972 tam
843 915 924 982 male,
981 909 1079 968 devote
1093 928 1144 986 pro
1159 928 1204 980 eo,
1220 920 1249 968 ut
1264 928 1319 968 non
1334 911 1488 969 dissimules
1503 911 1670 986 redarguere
1683 918 1777 990 culpas

128 1004 295 1061 conscientia
310 1013 389 1072 teste,
407 1007 565 1061 merueras‘l
576 1003 642 1076 Quis
658 1004 715 1070 tibi,
727 1005 847 1077 inquam,
863 1020 925 1075 per·
979 1000 1041 1070 ejus
1062 1019 1067 1057 :
1083 1007 1113 1056 ut
1138 1016 1191 1057 non
1205 1002 1286 1059 modo
1311 999 1414 1058 nullum
1428 999 1454 1057 ei
1469 999 1662 1058 offendiculum
1680 1020 1776 1076 ponas,

127 1095 242 1149 suadere
257 1093 283 1147 id
300 1103 405 1166 posset,
421 1095 443 1150 si
458 1095 589 1161 nescires,
608 1094 672 1166 quia
687 1095 775 1149 bonus
794 1095 925 1150 Dominus
979 1089 1028 1144 sed
1053 1095 1081 1145 et
1104 1088 1236 1146 sollicitus
1259 1091 1315 1158 sia,
1332 1097 1462 1164 quantum
1486 1089 1634 1162 prevales,
1650 1097 1778 1164 tanquam

127 1179 301 1256 sperantibus
317 1182 343 1238 in
358 1198 399 1252 se,
416 1181 513 1239 animae
533 1182 666 1256 quaerenti
689 1181 797 1254 ipsum3
814 1181 864 1238 nisi
878 1198 925 1240 co·
979 1177 1093 1248 angelus
1106 1179 1180 1250 pacis
1194 1180 1228 1234 de
1253 1195 1339 1251 regim
1353 1179 1403 1235 Dei
1418 1179 1545 1236 scandala
1567 1179 1674 1247 wilere,
1689 1187 1717 1237 θῑ
1731 1197 1778 1238 00·

128 1269 272 1350 gnevisses
286 1278 314 1326 et
329 1279 368 1342 tu,
384 1270 448 1344 quia
463 1272 553 1329 suavis
573 1279 615 1327 est
631 1270 772 1337 Dominus,
794 1280 820 1326 et
843 1271 924 1344 mitis,
979 1265 1104 1322 essiones
1127 1268 1316 1324 scandalorum
1342 1268 1452 1340 penitus
1472 1269 1630 1326 dimoveret
1648 1268 1676 1326 Si
1696 1270 1776 1326 talem

128 1365 156 1412 et
169 1357 262 1414 mullae
277 1357 481 1427 misericordiae,
497 1368 526 1415 et
539 1361 645 1416 verax?
661 1359 724 1416 Haee
743 1368 834 1417 autem
852 1359 925 1416 unde
979 1360 1005 1409 te
1021 1353 1095 1410 tratri
1110 1355 1280 1412 auxiliarium
1296 1365 1324 1412 el
1342 1357 1525 1413 consiliarium
1540 1357 1665 1430 exhibea,
1685 1357 1777 1416 reddis

127 1445 211 1518 nosti,
225 1445 278 1504 nisi
292 1447 355 1518 quia
370 1462 424 1504 non
440 1447 527 1505 solum
552 1448 586 1504 ad
609 1455 645 1520 te,
672 1448 721 1504 sed
746 1448 826 1505 etiarn
846 1449 874 1504 in
898 1457 925 1504 ιε
979 1441 1005 1496 ei
1016 1441 1087 1514 qu0d
1102 1440 1197 1512 debes,
1213 1444 1360 1500 nechabet
1375 1445 1597 1503 undecausetur.

126 1533 226 1590 venter
701 1549 710 1561 ·
1014 1529 1041 1583 e.
1058 1529 1140 1585 Porro
1155 1531 1178 1585 si
1190 1531 1234 1588 cui
1249 1531 1318 1589 forte
1333 1533 1461 1605 prelatus
1482 1550 1523 1601 es,
1537 1533 1602 1592 huic
1620 1535 1681 1594 siue
1693 1535 1777 1593 dubie

160 1624 187 1677 f.
207 1620 353 1693 Triplieem
376 1622 449 1678 enirn
474 1623 534 1693 ejus
554 1623 702 1681 adventum
726 1624 869 1692 novimus;
889 1625 924 1679 ad
978 1616 1080 1673 teneris
1094 1617 1202 1676 debitor
1222 1619 1410 1679 sollicitudinis
1429 1622 1579 1695 amplioris.
1599 1623 1724 1698 Exigita
1747 1631 1776 1682 te

125 1709 257 1774 homines,
281 1709 310 1765 in
334 1709 467 1778 honines,
488 1719 583 1767 centra
606 1711 740 1770 bontines.
765 1713 806 1767 Ad
828 1726 924 1768 omnes
979 1711 1005 1758 et
1020 1704 1078 1776 ipse
1093 1704 1242 1764 custodiam
1256 1715 1285 1763 et
1296 1705 1477 1779 disciplinam.
1488 1709 1644 1767 Custodiam
1665 1709 1776 1783 quidem

124 1797 234 1870 quidem
255 1797 455 1865 indifferenter,
480 1814 537 1856 non
555 1807 645 1857 autem
662 1801 698 1857 ita
713 1801 741 1856 in
755 1817 862 1874 omnes,
877 1809 924 1860 aut
939 1803 962 1881 Β
977 1800 1007 1846 1¹²
1020 1793 1107 1864 l)ossii
1120 1809 1217 1851 cavere
1227 1802 1379 1867 peoeiitfflb
1390 1795 1563 1868 difflillisstm
1577 1813 1652 1866 fem,
1664 1804 1693 1854 ¹¹¹
1703 1797 1777 1870 quod

123 1891 220 1941 contra
233 1900 339 1944 onmes.
357 1887 411 1942 Sed
427 1887 489 1958 quia
504 1888 606 1959 primm
620 1896 649 1945 et
662 1889 758 1946 tertius
778 1889 833 1946 noti
849 1897 921 1961 sunt,
979 1879 1067 1936 minut
1088 1881 1168 1948 cavit,
1184 1882 1295 1940 minime
1309 1893 1420 1942 maneti
1442 1884 1615 1958 impunitum·
1631 1884 1711 1955 ΟΜ
1725 1886 1777 1944 etti

122 1979 217 2044 utpote
230 1972 385 2044 manifesti;
406 1974 441 2031 de
455 1977 586 2046 seeundo,
601 1977 648 2050 qui
663 1978 809 2049 spiritualis
829 1985 857 2034 et
872 1995 922 2034 oc·
978 1968 1079 2025 nemini
1102 1968 1214 2027 ffflifflsst
1237 1987 1355 2042 praeesse
1374 1971 1485 2042 Videris»
1501 1973 1586 2030 h³b0⁵
1611 1981 1702 2030 “¹¹¹0ss
1724 1973 1776 2031 θιὼ

123 2060 210 2118 cultus
225 2069 278 2134 est,
289 2062 377 2134 ipsum
392 2063 455 2120 audi
470 2064 623 2126 dicentem:
636 2067 667 2124 δι’
680 2067 744 2139 quis
758 2067 852 2140 dilipa't
866 2084 920 2140 mc,
978 2061 1016 2123 ῑθ,
1030 2055 1073 2112 ῡῢὶ
1093 2057 1243 2114 cutwdiam
1264 2060 1333 2115 hant
1347 2067 1375 2115 θῑ
1389 2059 1558 2132 disciplinam
1582 2067 1708 2133 (ΨΟΝΜι
1722 2076 1774 2118 ⁰¹·

123 2154 920 2230 serinoaemmearnseroabit,etPoternteusdiltpeteum,
977 2143 1075 2202 hibeli-
1090 2145 1157 2202 05⁰⁰
1177 2153 1268 2202 autem
1292 2161 1391 2220 corpus
1410 2155 1496 2215 tuum,
1512 2147 1585 2224 l¹¹⁰d
1610 2151 1669 2206 Sim
1692 2149 1777 2207 (ΝΜΟ

121 2241 150 2293 et
159 2237 196 2293 od
206 2255 271 2296 aere
281 2241 438 2310 veniemus,
449 2246 476 2299 et
485 2245 663 2303 mensionem
677 2245 752 2317 apud
762 2260 827 2302 eam
836 2247 923 2315 tocie·
978 2233 1128 2306 ‘fiendum
1144 2237 1247 2308 ”icelii
1262 2236 1371 2309 spiritus
1386 2248 1457 2295 tuus.
1470 2238 1560 2296 Debes
1576 2239 1600 2296 θῑ
1615 2239 1775 2308 custodiam,

121 2343 185 2382 mro
196 2327 288 2397 (toan.
304 2343 364 2398 xtv,
378 2331 436 2402 23),
452 2331 563 2400 Beatus,
573 2332 643 2404 apud
659 2347 739 2406 quem
753 2334 922 2390 mansionen,
977 2329 1007 2378 ut
1020 2339 1076 2379 non
1089 2333 1188 2400 regnet
1197 2326 1224 2381 in
1235 2341 1269 2383 eo
1283 2334 1434 2400 peccatum,
1444 2344 1495 2386 nec
1504 2329 1626 2386 membra
1641 2335 1687 2387 tua
1701 2343 1777 2384 arma

122 2412 216 2482 tactas,
232 2415 348 2474 nomine
362 2418 437 2474 iesu.
451 2419 560 2489 nesius,
574 2420 602 2476 n
616 2437 670 2494 quo
686 2421 824 2494 sapientia
838 2421 922 2477 aas·
978 2409 1043 2465 fiant
1062 2411 1207 2483 iniquitati·
1223 2414 1312 2471 Debes
1332 2422 1360 2471 a
1373 2413 1553 2486 disciplinam,
1569 2426 1598 2473 a
1620 2417 1719 2489 dianes
1736 2417 1777 2472 a·

121 2509 165 2556 cat
178 2503 230 2558 sibi
245 2503 366 2575 domum,
387 2507 518 2564 excidens
542 2508 681 2564 columnas
703 2516 820 2581 septem.
840 2509 922 2564 Beata
977 2498 1029 2554 tiit
1044 2499 1210 2570 ttoessilenliae
1234 2501 1348 2569 intelli,
1362 2505 1509 2574 castigatus
1523 2509 1552 2559 0²
1573 2503 1697 2560 subdilut
1711 2521 1774 2562 ⁸0¹·-

121 2589 222 2658 anima‚
238 2608 301 2664 quae
314 2593 396 2650 sedes
412 2601 454 2651 est
470 2594 627 2666 Sapientia.
643 2595 775 2666 Quaenam
793 2601 835 2652 est
854 2595 922 2655 iun?
978 2585 1063 2644 rituti.
1078 2585 1171 2660 Longe
1190 2595 1281 2646 amen
1295 2589 1413 2662 graviori
1434 2597 1462 2646 et
1479 2591 1665 2664 periculosiori
1680 2592 1774 2651 debito

120 2677 218 2732 Anima
241 2678 336 2751 utique
355 2679 431 2752 justi,
457 2681 554 2754 Merite
575 2682 667 2754 plane,
682 2683 746 2756 quia
768 2683 872 2753 justitia
894 2688 922 2739 et
976 2680 1105 2732 tenentur
1119 2675 1230 2747 astricti,
1247 2675 1294 2748 qni
1308 2691 1358 2749 pro
1373 2675 1465 2734 multis
1485 2677 1627 2736 animabus
1640 2680 1773 2738 reddituri

119 2765 252 2836 judicium
273 2770 437 2840 praeparatio
461 2769 532 2826 seriis
557 2778 617 2826 tuae.
634 2770 701 2840 Quis
727 2771 753 2825 in
769 2764 845 2827 vobis
868 2779 920 2838 est,
976 2773 1039 2819 sunt
1053 2763 1195 2820 Γθῑῖθΰθῐΰ·
1210 2763 1281 2834 Quid
1301 2779 1353 2836 080
1367 2763 1473 2822 infelffl
1489 2780 1543 2838 <1¹¹⁰
1557 2783 1603 2823 ΜΘ
1621 2777 1736 2839 femme
1751 2769 1776 2825 δί

120 2853 229 2920 fratres,
250 2854 296 2926 qui
320 2855 458 2912 desiderat
481 2855 510 2912 in
534 2857 623 2912 anima
637 2872 686 2914 sua
704 2859 800 2914 sedem
823 2873 921 2930 parare
976 2857 1080 2907 tantum
1104 2852 1260 2908 thesaurum
1273 2850 1318 2918 ‚ti
1340 2851 1490 2923 pretiosum
1513 2853 1667 2928 depositum
1689 2855 1773 2931 istud,

118 2941 246 2998 Christo?
273 2942 346 3009 Eece
374 2959 498 3014 quaenam
527 2945 565 3000 illi
591 2945 690 3012 serica,
718 2961 780 3018 quae
808 2947 920 3019 tapetia,
975 2940 1048 3013 quod
1062 2939 1114 2997 sibi
1133 2939 1254 2998 Christus
1276 2940 1410 3014 sanguine
1430 2943 1542 3016 proprio
1564 2943 1709 3014 pretiosius
1731 2946 1775 3017 jn-

119 3028 193 3101 quod
202 3027 462 3102 pulveniroporteat
475 3033 633 3105 preparari.
647 3035 773 3107 laetitio,
782 3033 881 3107 inquit,
891 3041 920 3094 ct
975 3028 1084 3096 dimit,
1100 3026 1617 3104 ⁰⁰11²ig²titssessfissesstiusstuslfflitei
1631 3031 1661 3090 Si
1675 3031 1774 3090 stilltlr

114 3118 259 3188 judiciem
271 3121 447 3194 preparatio
457 3120 531 3180 tedis
542 3122 699 3194 taoe(Prel.
709 3137 850 3190 cxxxvrn,
863 3126 919 3194 lb).
935 3114 958 3194 ὓ
975 3122 1030 3175 tem
1048 3117 1077 3174 in
1096 3131 1177 3174 cruce
1190 3116 1298 3174 Domini
1313 3117 1474 3190 sanguinem
1492 3118 1675 3194 collegissem,
1690 3129 1774 3180 twel-

117 3205 223 3262 lustitia
251 3207 337 3264 virtus
365 3218 417 3281 est,
438 3209 510 3282 quod
534 3227 612 3267 suum
636 3221 679 3268 est
704 3211 849 3284 unicuique
869 3211 919 3267 tri·
973 3222 1027 3279 que
1042 3205 1177 3280 repositus
1191 3220 1276 3275 penes
1290 3221 1333 3264 me
1349 3205 1376 3262 iu
1390 3221 1455 3264 vase
1467 3207 1564 3281 vitreo,
1580 3209 1654 3282 quod
1669 3217 1698 3267 ει
1710 3225 1775 3284 por·

118 3293 215 3350 bueus.
228 3295 328 3353 Tribue
342 3311 410 3370 ergo
427 3296 509 3356 225
519 3299 604 3356 tribus
624 3315 685 3372 qua>
698 3315 747 3356 sua
761 3309 833 3355 sunt.
849 3300 920 3357 Ited·
974 3295 1025 3352 tari
1039 3293 1138 3366 saepius
1151 3299 1302 3367 oporteret,
1314 3293 1377 3368 quid
1393 3293 1475 3353 aninti
1488 3296 1631 3354 habiturus
1644 3314 1733 3356 essem
1743 3299 1771 3356 in

117 3380 152 3436 de
166 3383 313 3456 superiori,
336 3387 423 3445 redde
445 3386 579 3456 inferiori,
595 3389 689 3460 redde,
701 3387 798 3460 aequali
820 3388 919 3462 cuique
972 3382 1129 3440 discrimine
1153 3382 1248 3440 tttti⁰i
1267 3383 1301 3441 Ei
1325 3387 1400 3441 θθῐῑθ
1421 3383 1448 3440 id
1472 3385 1635 3442 servandum
1658 3387 1769 3459 accepi,

117 3471 190 3542 quod
204 3473 299 3542 debes,
317 3484 344 3530 et
356 3475 440 3548 digne
456 3475 579 3533 celebras
592 3475 739 3534 adventum
750 3475 860 3544 Christi,
872 3493 919 3549 pa·
972 3487 1022 3545 pro
1037 3489 1091 3544 quo
1105 3478 1240 3528 mereator
1254 3487 1308 3528 non
1320 3471 1463 3545 insipiens,
1474 3471 1533 3545 ipsa
1547 3473 1641 3548 utique
1657 3475 1771 3547 Sapien-

116 3570 180 3612 rans
202 3558 228 3614 ei
251 3559 280 3614 in
302 3561 408 3632 justitia
436 3562 529 3619 sedem
554 3579 642 3621 suam.
668 3564 773 3632 Redde,
794 3565 915 3638 inquam,
972 3561 1018 3628 tia,
1033 3559 1280 3635 sanguinemillum
1295 3560 1380 3620 dedit.
1398 3561 1494 3619 Sedet
1510 3561 1597 3621 babeo
1613 3563 1769 3621 thesaurum

116 3647 298 3702 reverentiam
314 3649 690 3721 prateto‚etobedtentian;
706 3652 915 3723 quammaltera
971 3649 1050 3706 istam
1076 3649 1198 3707 invasis
1225 3647 1369 3724 fictilibus,
1398 3657 1426 3707 et
1456 3649 1556 3725 quibus
1583 3651 1668 3708 multo
1691 3653 1768 3725 plura

115 3733 218 3800 cordis,
233 3735 319 3791 altera
342 3738 466 3809 corporis
489 3745 541 3793 est.
563 3739 621 3795 Nec
639 3739 713 3796 enirn
728 3739 826 3796 sufficit
841 3749 917 3798 exte-
971 3754 1052 3810 quam
1072 3737 1165 3796 vitreis
1184 3737 1327 3796 imminere
1346 3738 1467 3811 pericula
1484 3739 1639 3798 rideantur.
1655 3740 1768 3798 decedit

115 3823 173 3878 rius
187 3823 381 3895 obtemperare
406 3825 556 3899 majoribus
576 3827 688 3896 uostris,
702 3828 755 3884 nisi
773 3844 807 3884 er
821 3829 915 3886 intimo
969 3841 1036 3882 sane
1060 3826 1094 3882 ad
1112 3825 1300 3882 sollicitudinis
1323 3826 1460 3883 cumulum
1474 3835 1503 3884 et
1524 3827 1634 3902 pondus
1652 3829 1765 3896 timoris,

114 3911 205 3967 cordis
220 3909 319 3967 affectu
333 3911 486 3969 sublimiter
496 3913 645 3970 sentiamus
659 3915 693 3971 de
708 3915 758 3972 eis.
770 3915 848 3986 Quod
863 3917 915 3974 etsi
969 3915 1118 3988 quodcum
1133 3921 1161 3971 ει
1171 3929 1272 3981 meam,
1281 3921 1309 3970 et
1321 3914 1438 3987 proximi
1448 3915 1642 3972 conscientiam
1657 3932 1767 3976 servare

115 4003 169 4054 tam
197 3997 342 4056 manifeste
370 3999 517 4058 innotuerit
541 4001 651 4076 indigna
675 4003 780 4076 prelati
801 4003 915 4076 alicujus
970 3992 1082 4060 necesse
1105 4001 1159 4068 sit,
1183 4008 1280 4057 neutra
1303 4001 1369 4057 mibi
1393 4003 1458 4058 satis
1477 4011 1519 4060 est
1544 4010 1619 4062 nota.
1644 4005 1766 4079 Utraque

113 4087 177 4158 vita,
193 4091 223 4144 ut
242 4085 308 4144 nibil
325 4088 438 4146 omnino
462 4087 693 4164 dissimulationis,
711 4091 777 4147 nihil
796 4108 913 4149 excusa·
968 4091 1081 4163 abyssus
1095 4097 1137 4147 est
1149 4089 1400 4162 imperscrutabilis,
1415 4097 1531 4165 utraque
1545 4091 1610 4149 mihi
1627 4109 1681 4150 nox
1700 4103 1762 4152 est:

114 4175 195 4233 tionis
209 4175 346 4246 adusittat3
361 4183 476 4250 propter
489 4193 552 4235 eunt
567 4187 658 4236 tamen
673 4196 689 4236 a
702 4196 756 4253 quo
771 4173 812 4238 es't
825 4180 913 4237 omnis
968 4184 996 4235 et
1010 4177 1182 4236 nibilominus
1206 4177 1350 4253 exigitura
1369 4195 1413 4235 me
1435 4179 1577 4255 utensque
1591 4183 1723 4252 custodia,
1737 4193 1765 4241 et

113 4271 244 4336 potestas,
259 4263 346 4338 ipsum
362 4283 444 4338 quem
466 4267 546 4323 modo
568 4267 650 4324 talem
669 4268 803 4338 novimus,
820 4269 912 4327 excel-
966 4269 1119 4328 clamatur:
1145 4271 1254 4336 Custos,
1269 4267 1339 4342 quid
1357 4267 1392 4326 de
1411 4269 1707 4348 contemsissem
1729 4273 1764 4333 da

112 4369 172 4410 sum
195 4361 323 4427 reputare
342 4355 486 4424 debemus,
503 4371 559 4412 non
582 4357 764 4429 presentibus
787 4373 911 4430 personae
968 4361 1069 4416 noemi
1092 4357 1161 4430 (lac.
1186 4372 1253 4424 xxi,
1276 4358 1334 4423 tt.)
1357 4359 1417 4414 Non
1440 4366 1482 4413 est
1506 4357 1572 4415 mibi
1589 4358 1682 4418 dicere
1702 4377 1763 4420 eum

113 4442 225 4510 meritis,
241 4444 290 4500 sed
311 4445 475 4502 ordinationi
498 4446 607 4518 divinae,
630 4453 658 4505 et
679 4447 804 4524 dignitati
826 4449 911 4523 ipsius
927 4444 950 4523 n
966 4445 1033 4504 Cain
1050 4463 1057 4500 ε
1072 4445 1420 4519 Nonquidcttstosfrotrts
1431 4447 1557 4504 mesum
1568 4463 1617 4520 epe
1631 4449 1710 4518 (Gerr.
1721 4465 1760 4518 tv,

112 4529 192 4590 officii
206 4531 372 4590 deferentes.
966 4535 1013 4603 sti
1037 4534 1086 4590 sed
1115 4541 1156 4590 est
1180 4533 1259 4590 fateri
1285 4533 1421 4590 humiliter
1444 4550 1505 4590 cum
1528 4533 1681 4608 Propheta,
1699 4537 1763 4609 qnia

148 4623 175 4676 a.
200 4619 245 4677 Sic
265 4627 294 4678 et
317 4619 445 4678 iratribus
467 4623 579 4691 nostris,
598 4623 670 4683 inter
693 4641 763 4699 quos
785 4625 909 4695 vivimus,
964 4625 1023 4679 nisi
1037 4623 1175 4680 Dominae
1188 4622 1354 4682 custodierit
1367 4623 1523 4690 civitatem,
1534 4624 1647 4695 frastra
1661 4627 1762 4700 vipilnt

110 4707 171 4779 ipso
183 4709 245 4778 jure
267 4709 446 4766 fraternitatis
465 4719 493 4768 et
517 4711 655 4770 societatis
669 4715 793 4770 humanae
806 4715 911 4772 consilii
964 4713 1015 4785 qai
1027 4712 1150 4769 custodit
1164 4727 1227 4769 eane
1242 4710 1316 4782 (Psoi
1325 4725 1423 4782 cxxvi,
1433 4713 1471 4783 t).
1482 4711 1512 4767 ln
1526 4727 1560 4768 eo
1575 4721 1666 4770 tamen
1680 4729 1762 4772 exeu-

110 4810 205 4851 sumus
222 4803 251 4850 et
269 4797 358 4852 auxilii
372 4799 521 4858 debitores.
536 4802 601 4859 Haec
615 4803 688 4859 enirn
703 4803 825 4863 volumus
839 4809 869 4860 at
882 4812 911 4861 et
965 4798 1058 4856 sabilis
1066 4814 1118 4872 ego
1127 4796 1231 4870 videor,
1240 4798 1274 4871 si,
1282 4807 1311 4854 11²
1324 4797 1449 4870 Ptaedissis
1460 4799 1580 4858 debitam
1590 4801 1706 4860 exhibeo
1717 4819 1761 4863 cu·

110 4883 164 4956 ipsi
191 4881 270 4942 nobis
297 4885 480 4962 impendant:
510 4891 662 4963 consilium,
692 4908 746 4964 quo
774 4891 911 4949 erudiatur
964 4887 1079 4945 stodiam
1094 4887 1199 4961 pariter
1214 4895 1243 4944 et
1258 4885 1437 4961 disciplinam.
1450 4887 1528 4958 Quod
1543 4889 1566 4946 si
1579 4890 1670 4963 priora
1688 4910 1760 4966 quo-

108 4972 265 5046 iqnorantia
288 4979 396 5044 nostra;
412 4977 552 5047 auxilium,
567 4996 621 5052 quo
643 4981 754 5052 juvetur
768 4980 909 5037 inlinnitas
965 4993 1019 5050 que
1032 4986 1149 5050 quatuor
1164 4992 1218 5033 non
1232 4975 1378 5039 defuerint,
1393 4976 1454 5034 dico
1476 4986 1567 5035 autem
1582 4995 1648 5055 erga
1662 4982 1759 5053 praela-

110 5069 214 5121 nostra.
232 5061 286 5118 Sed
303 5061 374 5120 forte
389 5065 442 5122 erit
460 5065 534 5123 inter
551 5083 601 5126 vos
614 5069 661 5140 qui
681 5069 778 5126 tacitus
792 5084 909 5142 respon-
965 5073 1007 5122 tos
1024 5063 1300 5124 miserentium
1319 5072 1347 5122 et
1361 5065 1556 5135 obedientiam,
1572 5069 1714 5126 consilium
1734 5081 1762 5128 et

109 5151 292 5218 deat‚dieens
309 5171 316 5207 ε
335 5153 415 5222 Quod
439 5169 491 5226 ego
516 5154 658 5214 consilium
672 5158 743 5216 dabo
766 5158 853 5230 fratri,
867 5157 910 5214 eui
964 5154 1093 5212 auxilium
1115 5170 1181 5228 erga
1200 5154 1310 5222 fratres,
1337 5154 1410 5227 quod
1434 5155 1467 5210 ad
1488 5157 1620 5226 justitiam
1641 5158 1761 5232 pertinet

110 5253 163 5296 nec
178 5255 262 5295 unum
278 5239 389 5314 quidem
403 5241 497 5299 dicere
511 5245 625 5302 verbum
644 5246 685 5303 fas
699 5253 741 5304 cst
754 5247 858 5318 absque
871 5245 907 5300 li·
965 5259 1020 5301 non
1035 5243 1194 5317 imparatam
1209 5244 1303 5300 sedem
1317 5243 1439 5300 inveniet
1454 5245 1603 5317 Sapientia.

109 5327 220 5384 centia?
234 5331 306 5401 quod
333 5331 357 5388 ci
384 5331 511 5389 auxilium
530 5333 690 5405 impendere
709 5344 761 5404 est,
777 5351 838 5393 cum
858 5351 909 5392 nee
998 5335 1025 5389 t.
1043 5332 1079 5387 Et
1099 5331 1222 5390 fortassis
1245 5333 1287 5388 has
1306 5331 1450 5389 videantur
1464 5349 1511 5388 ser
1535 5331 1678 5405 columne,
1694 5351 1761 5408 quas

109 5417 252 5474 minimum
263 5418 365 5494 aliquid
380 5437 463 5494 agere
478 5423 559 5480 liceat
569 5424 673 5498 absque
684 5425 857 5484 obedientia‘l
868 5423 909 5480 nd
964 5422 1064 5480 excidit
1077 5425 1103 5478 in
1119 5423 1177 5495 ipsa
1191 5422 1283 5488 domo,
1295 5438 1375 5496 quam
1391 5421 1534 5478 edificavit
1548 5421 1616 5478 sibi:
1634 5431 1662 5481 et
1675 5428 1761 5500 septi·

111 5504 185 5578 quod
200 5521 252 5578 ego
267 5521 273 5561 :
289 5507 352 5565 Non
375 5509 463 5566 deerit
485 5519 561 5568 certe
584 5511 657 5584 quod
679 5513 771 5585 facias,
786 5519 907 5568 tantnm-
964 5531 1008 5570 ma
1023 5527 1132 5585 qnoque
1150 5511 1297 5585 quaerenda
1311 5520 1363 5580 est,
1379 5512 1402 5567 si
1417 5511 1485 5567 forte
1500 5519 1525 5568 et
1541 5527 1602 5569 eam
1618 5515 1698 5572 nobis
1712 5534 1762 5573 no·

109 5595 195 5651 modo
210 5593 328 5652 charitas
342 5597 464 5655 fraterna
478 5615 533 5657 non
549 5601 632 5658 desit.
646 5599 754 5658 Nullum
777 5616 829 5674 ego
844 5615 910 5658 con·
964 5611 1019 5660 tam
1032 5602 1123 5660 facere
1144 5602 1204 5672 ipsa
1222 5601 1361 5674 dignetur.
1376 5599 1447 5672 Quid
1460 5615 1528 5659 sero
1551 5601 1677 5674 probibet
1690 5606 1760 5663 stra
