3950 6350
45 387 99 443 ξω
116 405 118 408 -
498 381 645 440 ΜΒΙΙΑ
654 380 691 436 tv
705 378 928 438 ttttttoouttrb
941 380 1089 438 SANCTAE
1108 384 1234 444 sbtttto.
1642 395 1695 452 27⁰

9 567 10 570 ,
46 515 90 564 tur
103 507 130 563 in
143 506 234 564 medio
258 511 348 564 terrae.
373 505 490 562 Proinde
514 519 619 562 memor
641 518 699 570 ero,
724 501 845 576 quaudiu
860 509 884 595 Α
899 513 1010 560 carnem
1024 505 1196 577 purissimam
1211 516 1238 565 et
1256 509 1373 568 animam
1397 515 1594 573 sanctissimam
1617 518 1694 577 unie-

44 597 133 662 luero,
144 595 271 654 laborum
284 590 392 651 iliorum
407 609 476 666 quos
490 592 602 665 pertulit
615 592 643 648 in
658 591 846 665 praedicando,
900 600 942 649 rat
956 593 1017 662 sibi,
1034 593 1118 652 libera
1134 595 1326 655 moderabatur
1348 601 1469 660 actiones
1491 606 1614 678 corporis
1636 608 1692 675 sui;

9 745 10 766 ,
44 684 233 756 fatigationum
252 684 280 740 in
295 681 484 751 discurrendo,
512 681 693 740 tentationum
717 681 745 736 in
767 681 843 752 jeju·
899 689 956 738 tum
971 681 1034 755 quta
1052 683 1184 759 sapientia
1205 692 1234 742 et
1255 687 1359 758 justitia
1382 698 1449 758 erat,
1474 700 1531 749 tum
1552 696 1615 766 quia
1637 697 1696 754 nui·

9 825 10 838 ,
43 775 147 842 nando,
168 773 319 846 uigiliarum
333 773 362 827 in
386 772 499 838 orando,
523 771 707 844 lacrymarum
724 770 753 826 in
771 764 845 826 com·
899 769 952 826 lam
976 772 1094 831 habebat
1119 789 1230 846 prorsus
1252 775 1343 850 legem
1370 777 1397 834 in
1420 781 1549 838 membris
1572 785 1627 841 suis
1650 801 1695 844 re·

44 859 184 934 patiendo.
212 852 386 919 Recordabbr
415 860 496 917 etiam
515 857 639 928 doiorum
659 861 728 930 eius,
749 857 845 915 eonvi-
899 864 1066 933 pugnantem
1092 863 1147 936 legi
1178 865 1277 921 mentis
1302 868 1369 924 suae.
1397 865 1485 924 ileum
1508 871 1621 927 verbum
1640 883 1696 931 'nac

42 953 156 1020 ciorum,
189 959 340 1023 sputorum,
374 944 560 1022 colaphorum,
588 947 842 1017 subsannationum,
899 950 1042 1022 sapientia,
1069 967 1120 1010 nec
1146 952 1248 1025 justitia
1275 961 1327 1026 est,
1352 954 1406 1012 'scd
1436 949 1527 1014 tamen
1554 960 1696 1035 utriusque

42 1039 293 1113 exprobrationum,
331 1035 479 1107 clavorum,
517 1040 672 1112 horumque
705 1037 844 1104 similium,
898 1051 994 1111 capax,
1012 1049 1039 1098 et
1053 1031 1166 1114 possunt
1180 1043 1206 1100 ei
1221 1043 1280 1102 haec
1294 1045 1392 1102 abasse
1415 1041 1443 1102 et
1465 1047 1577 1116 adesam
1598 1049 1696 1107 abesse

9 1129 10 1132 ’
42 1138 105 1204 qbae
119 1147 170 1203 per
190 1143 253 1186 eum
278 1136 306 1186 et
327 1143 411 1200 super
434 1131 497 1185 aum
521 1119 703 1185 abundantius
727 1125 844 1183 transic—
899 1135 990 1184 autem
1015 1129 1127 1188 lucilius.
1157 1131 1299 1191 Familiare
1327 1133 1399 1216 enim
1426 1135 1514 1210 magis
1540 1137 1596 1206 jam
1620 1121 1698 1217 nobil

41 1225 106 1277 runt
130 1218 198 1291 (38).
220 1217 298 1275 Facit
322 1233 388 1292 argo
412 1217 478 1274 mihi
502 1216 642 1285 tortitudo,
668 1215 731 1273 lacit
752 1211 845 1272 simili·
900 1225 942 1274 est
956 1219 1046 1278 carnis
1060 1229 1161 1278 nostrae
1184 1223 1287 1280 sarrire
1310 1219 1392 1292 vitiis,
1417 1223 1498 1297 quam
1522 1225 1645 1284 actiones
1669 1221 1697 1286 el

41 1309 118 1378 tudo,
147 1308 198 1364 sed
220 1303 410 1365 adsumserit
434 1307 515 1363 etiam
539 1307 664 1374 imitatio,
690 1311 721 1363 ut
746 1315 846 1378 sequar
899 1311 1041 1382 passiones
1060 1311 1120 1381 eius
1135 1306 1277 1373 oidiuare:
1302 1321 1351 1386 pro
1366 1329 1400 1371 eo
1423 1315 1497 1388 quod
1520 1316 1608 1372 omnis
1631 1323 1698 1373 ratas

23 1389 158 1470 'vestigia
172 1399 242 1469 ejus.
257 1397 385 1470 Alioquin
400 1395 483 1453 otiam
499 1396 656 1470 exquiretur
670 1388 758 1453 889
771 1409 788 1450 a
802 1409 845 1450 me
899 1387 934 1456 ab
949 1393 1133 1458 adulescentia
1146 1419 1231 1474 prona
1245 1410 1288 1459 ast
1311 1401 1338 1461 iu
1362 1405 1472 1475 maium,
1497 1404 1569 1462 inter
1588 1405 1698 1479 iidgella

40 1487 158 1559 sangnis
179 1487 280 1557 justus,
296 1487 342 1558 qui
366 1483 469 1542 eiiusus
491 1491 636 1557 estsuper
659 1493 768 1554 terram,
794 1499 846 1541 nec
899 1497 1050 1563 quoquest
1065 1488 1180 1561 gladios,
1202 1492 1285 1549 etiam
1299 1494 1350 1549 snb
1367 1492 1522 1552 discrimine
1536 1495 1641 1566 mortis,
1665 1495 1699 1553 ad

42 1571 171 1632 immunis
184 1589 233 1632 ero
248 1575 283 1628 ab
293 1571 339 1630 itio
345 1577 404 1629 tam
414 1571 544 1646 singulari
555 1573 660 1630 scetere
669 1573 824 1630 ludaeorum
836 1593 842 1630 :
899 1592 962 1633 suas
975 1576 1098 1632 ambiens
1113 1578 1278 1650 voluptates.
1654 1617 1661 1636 .

9 1671 10 1684 ¹
45 1663 119 1739 qood
130 1659 260 1722 licetret
271 1670 356 1719 tantu
370 1661 495 1719 charitati
512 1659 636 1735 ingratus
648 1661 755 1730 luerim,
771 1661 845 1735 quod
935 1668 979 1722 tt.
995 1665 1078 1734 Faiirr,
1095 1665 1173 1736 cujus
1183 1667 1311 1742 cogitatio
1322 1669 1385 1739 (hoc
1395 1653 1704 1747 estre'rbur‘r'rnos‘triiriil

44 1751 151 1827 spiritui
165 1753 260 1826 gratiae
275 1745 468 1830 contumeliam
491 1747 614 1822 iecerint,
636 1751 709 1824 quod
733 1749 843 1823 sangui·
899 1768 994 1811 omnes
1009 1755 1130 1812 actiones
1144 1769 1207 1811 suas
1222 1757 1255 1811 ad
1274 1757 1404 1828 justitiam
1425 1744 1526 1832 dirigit,
1552 1768 1582 1817 nt
1603 1769 1632 1818 at
1652 1761 1699 1817 ib-

46 1851 110 1900 n'em
124 1841 280 1899 testamenti
293 1841 426 1916 pollutum
442 1839 578 1910 dltxorim,
602 1839 676 1914 quod
700 1839 844 1898 concuica-
861 1828 883 1905 Β
899 1843 985 1900 tentio
999 1859 1064 1900 sana
1079 1845 1122 1915 sit,
1139 1850 1167 1901 et
1181 1846 1303 1918 operatio
1325 1853 1408 1904 recta.
1426 1847 1511 1922 Faiii,
1527 1845 1574 1922 r'p'iri
1596 1842 1700 1926 pitisio-

9 1917 11 1950 ²
45 1932 133 1992 verim
146 1931 242 1989 Filium
255 1931 318 2013 ilai.
458 1993 462 2001 ,
900 1949 950 1989 nes
965 1934 1086 2004 corporis
1102 1933 1143 1990 sui
1160 1930 1416 2006 propterp'ustitiam
1433 1937 1549 2006 ordinat,
1566 1946 1597 1993 ut
1618 1935 1701 2013 quid}

66 2025 127 2081 ta.
151 2019 218 2079 Sunt
239 2019 363 2094 plerique
385 2019 432 2095 qui
454 2019 576 2077 laborem
602 2022 629 2076 et
654 2015 776 2076 dolorem
799 2029 847 2090 pa·
900 2022 965 2094 quid
979 2009 1090 2094 patitur,
1106 2029 1219 2096 propter
1234 2020 1284 2080 Dei
1297 2020 1392 2080 Filium
1408 2025 1538 2099 patiatur:
1565 2013 1699 2100 qua’te‘brii

9 2125 10 2136 ¹
46 2113 163 2182 tiuutnr3
178 2109 229 2169 sed
243 2110 414 2168 necessitatis
428 2107 456 2166 in
471 2121 553 2167 causa
568 2111 620 2178 est,
635 2109 690 2165 noir
701 2109 844 2166 voluntas:
901 2117 929 2168 et
944 2127 960 2166 a
975 2111 1058 2170 corde
1073 2099 1182 2170 tollatrlr
1196 2113 1382 2183 murmuratio,
1400 2120 1428 2171 et
1451 2114 1478 2170 in
1501 2111 1550 2173 or'a
1576 2099 1701 2174 rersetr'ri

9 2189 10 2222 ³
46 2210 73 2258 et
87 2201 114 2258 hl
137 2215 194 2259 nou
219 2208 286 2258 sunt·
300 2199 456 2259 coniormes
479 2196 590 2272 imagini
611 2193 672 2254 ritu
690 2197 751 2254 liei.
777 2195 847 2254 Sunt
901 2201 1048 2276 gratiarum
1069 2201 1151 2270 actio,
1167 2209 1256 2258 atrox
1277 2201 1373 2258 landis.
1399 2201 1451 2282 Qui
1475 2204 1514 2260 sic
1539 2203 1634 2263 extubt
1660 2204 1708 2276 se,

46 2292 92 2364 qui
111 2304 146 2347 ex
168 2291 307 2348 uoluntate
330 2289 487 2360 sustiueut;
512 2284 561 2347 sod
585 2304 640 2345 non
665 2297 706 2345 est
724 2282 764 2343 eis
787 2297 847 2343 sors
901 2292 952 2348 'ste
969 2289 1037 2348 toltit
1051 2281 1194 2367 grabatum
1209 2308 1297 2361 suum,
1315 2293 1426 2348 etvadit
1441 2293 1468 2348 in
1488 2291 1597 2350 domurn
1612 2293 1701 2352 suam.

46 2397 136 2454 neque
160 2397 225 2453 pars
252 2380 280 2436 in
303 2394 431 2438 sermone
454 2379 517 2438 isto.
551 2377 651 2450 Vigilat
675 2385 732 2434 tota
763 2383 846 2432 nocta
902 2377 1051 2436 Graba'tum
1071 2369 1193 2437 nostrum
1206 2372 1304 2455 corpus
1315 2387 1366 2448 cst,
1377 2379 1405 2436 in
1416 2375 1469 2453 q’uo
1487 2371 1563 2456 prir'r's
1581 2383 1702 2457 languidi

44 2469 209 2539 luxuriosus,
233 2463 289 2526 non
308 2468 402 2526 solum·
421 2459 568 2541 patienter,
594 2465 643 2523 sed
668 2473 695 2524 at
717 2466 847 2537 libenter,
902 2469 1059 2539 jacebamus
1082 2470 1233 2528 servientes
1259 2468 1402 2526 desideriis
1425 2477 1452 2526 et
1476 2465 1706 2546 concupiscentii¹

46 2555 79 2616 ut
92 2555 173 2615 sua'ru
187 2557 296 2631 expleat
318 2557 502 2631 voluptatem
518 2555 611 2637 vigilat
629 2565 723 2629 raptor
736 2555 849 2614 restitus
904 2559 1015 2616 nostris.
1042 2549 1125 2616 Nunc'
1150 2565 1215 2619 rer'o
1243 2557 1382 2631 portamus
1410 2556 1484 2630 tino,
1515 2562 1576 2618 brim
1599 2556 1702 2634 spiritui

9 2643 10 2680 ³
48 2647 134 2717 terro,
149 2657 181 2706 nt
204 2643 313 2720 diripiat
334 2645 470 2719 predam
494 2643 589 2722 vigilat
614 2643 667 2715 lur,
692 2652 721 2702 ut
740 2643 849 2702 domum
903 2649 1016 2706 obedire
1030 2649 1171 2726 cogimur:
1198 2653 1226 2705 at
1245 2639 1380 2706 mortuum
1404 2656 1526 2705 nostrum
1552 2635 1699 2726 portamus

9 2735 10 2768 ⁴
47 2733 326 2812 parlodlatalienam.
346 2735 403 2794 Sed
417 2733 444 2792 hi
465 2749 561 2794 omues
579 2743 607 2792 at
629 2729 725 2791 horum
745 2733 850 2790 similes
904 2737 968 2812 quia
981 2741 1081 2812 corpus
1094 2737 1231 2795 m'ortnum
1246 2741 1288 2795 es‘t
1306 2743 1419 2810 propter
1434 2736 1586 2810 peccatum.
1601 2727 1708 2798 tntu-¹

9 2825 11 2862 l
47 2830 131 2901 longe
159 2830 223 2884 sunt
250 2839 265 2880 a
292 2825 387 2882 labore
416 2835 444 2882 et
472 2819 565 2882 doi'ore
592 2832 675 2898 quem
697 2823 853 2880 considerat
903 2827 993 2885 tamus
1025 2833 1126 2896 tamen,
1151 2841 1208 2883 non
1234 2820 1384 2897 ourrImui3
1413 2827 1476 2900 quia
1505 2830 1605 2904 corpus'
1631 2810 1708 2902 quo'd

9 2947 10 2950 ¹
50 2909 359 2973 commasticatum
395 2909 486 2970 wiell
513 2915 593 2970 bonae
620 2913 777 2980 V⁰¹11ssl³lisi
804 2901 853 2986 ‹th
906 2915 1087 2990 corrumpitur
1102 2913 1232 2992 aggravat
1247 2915 1374 2986 animam,
1402 2913 1430 2972 e't
1444 2907 1572 2989 deprimit
1595 2907 1709 2977 terrena'

51 3001 204 3064 curamue
221 3005 362 3062 voluntate
389 3003 496 3062 cinnas
518 3011 679 3076 paupertate
701 3007 853 3060 commuta-¹
906 2999 1064 3064 inhabitatio
1082 3022 1193 3063 sensum
1207 3001 1291 3062 muita
1313 3003 1477 3078 cogitantem
1496 3001 1574 3082 (Scp'.
1591 3024 1632 3079 rx,
1649 3008 1706 3084 tt).

50 3103 160 3163 renna,
194 3090 238 3152 rel
267 3093 348 3150 etiam
377 3108 431 3149 non
457 3093 563 3149 babitus
589 3098 719 3166 tanquam
746 3090 854 3149 habitat
906 3095 1083 3153 Ambuiamus
1105 3094 1187 3152 eiiam
1208 3095 1237 3151 in
1266 3087 1377 3152 domum
1405 3087 1536 3154 nostram.
1567 3098 1596 3154 lu
1625 3097 1706 3173 quam

49 3181 284 3257 contempserunt,
300 3183 486 3256 relinquentes
507 3182 598 3239 omnia
620 3190 734 3254 propter
751 3175 851 3254 ipsunt,
869 3140 891 3219 Β
907 3176 1036 3245 domum?
1051 3181 1082 3243 In
1096 3193 1212 3242 matrem
1232 3184 1363 3254 omnium,
1387 3185 1449 3258 quia
1473 3166 1562 3244 ἕω
1582 3171 1711 3261 sepulcra

50 3279 161 3334 siddimi
174 3271 234 3347 'lpse
248 3271 463 3347 reliquliomuia
485 3273 598 3346 propiet·
620 3271 704 3345 ipsae,
729 3273 854 3344 sequuta-¹
907 3276 1001 3335 eorum
1028 3277 1125 3334 domus
1152 3273 1259 3332 illorum
1286 3273 1314 3330 in
1334 3275 1465 3331 aeternnin
1495 3276 1583 3348 (Paul,
1606 3273 1708 3347 xbvltt,

51 3375 94 3422 tur
108 3379 172 3423 enm
187 3376 351 3438 quocunque
366 3363 439 3419 ierit.
455 3360 618 3435 Huiusmodi
633 3359 725 3419 autem
738 3351 857 3418 imitatio'
908 3354 961 3430 tbi.
978 3365 1028 3424 Vei
1042 3357 1133 3437 potius
1146 3365 1175 3420 in
1189 3362 1300 3421 domum
1314 3361 1446 3434 nostram,
1471 3380 1552 3438 qnam
1577 3351 1712 3423 habemus

49 3449 245 3512 ualidissimum
276 3459 468 3525 argumentum
495 3451 563 3508 mibi
590 3459 632 3508 eat
659 3445 731 3525 qnod
761 3449 850 3523 passio
908 3471 942 3513 ax
956 3457 1014 3512 Deo
1028 3471 1084 3513 non
1098 3451 1289 3522 manufactam,
1310 3459 1440 3510 aeternam
1455 3451 1484 3509 in
1498 3453 1575 3512 coeiis
1588 3454 1630 3528 (tr
1644 3449 1706 3514 Cor'.

51 3541 200 3601 Salvatoris
237 3550 266 3599 et
302 3541 449 3599 similitudo
486 3539 662 3598 humanitatis
697 3540 727 3596 in
764 3549 853 3596 meam
908 3561 937 3618 v,
959 3546 996 3618 i).
1017 3543 1070 3618 Qui
1088 3543 1139 3601 sub
1163 3543 1214 3600 boc
1238 3557 1322 3599 onere
1347 3541 1527 3614 ambulamus,
1552 3545 1641 3615 po'sito
1665 3546 1708 3615 bo,

51 3639 196 3690 transeunt
219 3629 375 3688 Ulffilalem·
396 3631 447 3687 ffl⁰
469 3631 542 3686 enim
567 3641 661 3704 sapor,
683 3629 728 3686 ¹¹1⁰
751 3627 855 3686 fmssllls
908 3637 975 3711 quid
1002 3635 1104 3710 putatis
1131 3631 1268 3708 quomodo
1291 3633 1453 3689 curremus?
1476 3632 1613 3706 quomodo
1635 3633 1709 3692 rola-

10 3761 11 3766 κ
52 3731 94 3782 est
108 3731 137 3781 et
148 3722 252 3779 laboris
268 3727 296 3777 et
308 3717 422 3777 doloris.
910 3723 1017 3783 oimast
1031 3725 1113 3782 Plane
1128 3739 1211 3796 super
1223 3723 1332 3796 pennas
1351 3728 1506 3782 ventorum.
1530 3721 1710 3796 amplexatus

71 3815 133 3869 lb·
149 3809 220 3870 vide
236 3825 302 3883 ergo
318 3822 400 3883 (stiam
415 3800 631 3882 magnificavelll
653 3806 744 3866 fidele
766 3813 856 3865 lecum
911 3823 953 3875 ast
976 3832 1026 3872 nos
1052 3811 1185 3870 Dominus
1206 3811 1286 3868 Jesus
1309 3811 1361 3883 p'er'
1380 3809 1503 3868 laborarit
1533 3819 1561 3869 et
1588 3812 1711 3872 dolorem

52 3901 97 3960 iiia
112 3899 309 3974 majestaslla
324 3899 450 3957 omnibus
463 3898 565 3972 quaeiu
581 3898 650 3957 coeio
677 3905 704 3956 et
724 3894 773 3954 sub
787 3898 857 3955 coeio
912 3913 1049 3963 nostrum:
1078 3901 1273 3974 amplectamur
1300 3916 1363 3956 eum
1390 3914 1441 3956 nos
1469 3916 1578 3974 quoque
1604 3901 1712 3960 vimriit

53 3981 767 4066 suntdtxir,attacusuur·(t⁰mt.cxnm1‚etEt
791 3987 857 4062 quid
912 3989 1074 4070 quibusdam
1111 3989 1280 4063 amplexibus
1311 3988 1425 4062 p'ropter
1455 3989 1586 4061 justitiam
1619 3996 1647 4048 et
1676 3989 1713 4046 ad

55 4079 159 4139 meiius
172 4079 267 4137 dictu?
283 4077 338 4137 Sed
352 4078 550 4152 nunquidsoio
571 4079 657 4156 verbo
681 4075 780 4136 iactum
804 4083 855 4146 ast,
911 4083 1042 4160 justitiam
1069 4097 1157 4148 suam,
1186 4079 1308 4136 artiones
1335 4077 1371 4134 ad
1398 4077 1530 4150 justitiam
1559 4077 1712 4152 dirigendo,

55 4187 115 4228 cum
140 4177 172 4228 te
198 4182 281 4243 quem
309 4169 413 4226 iecerat
437 4165 559 4226 reiecit?
582 4167 708 4242 Triginta
723 4175 750 4224 et
771 4162 857 4223 tribus'
912 4171 1055 4250 passiones
1084 4177 1198 4246 propter
1224 4167 1358 4240 justitium
1385 4165 1554 4225 sustinendo.
1586 4153 1715 4226 Dicariun's'

55 4261 133 4316 annis
146 4269 230 4332 super
245 4265 346 4316 terram
370 4259 454 4330 usus,
481 4265 591 4316 etcum
613 4256 768 4314 hominibus
788 4271 857 4314 con·
913 4260 1021 4341 quoque
1046 4278 1107 4320 enm
1130 4274 1244 4333 sponsa:
1274 4251 1361 4316 Tanai
1390 4275 1464 4327 eom,
1489 4275 1540 4316 aaa
1567 4250 1714 4320 dimittorn'

55 4355 189 4417 immiti,
212 4349 297 4407 tilam
321 4348 417 4407 bibuli
430 4349 459 4406 in
487 4347 565 4406 facili
588 4344 807 4415 calumniam&
829 4345 857 4401 51¹
912 4354 1006 4430 (Coct-
1027 4348 1070 4424 lu,
1087 4353 1128 4426 t).
1143 4349 1271 4406 Dicamus
1287 4345 1445 4405 etiamcum
1469 4343 1636 4422 patriarcha:
1652 4339 1713 4409 Nori

55 4437 134 4496 dictis
158 4437 341 4509 insultatores,
368 4449 430 4497 non·
451 4439 556 4496 hahens
581 4437 630 4494 ubi
667 4447 749 4510 caput
777 4439 856 4494 suuni
873 4459 896 4536 ὓ
912 4437 1058 4504 dimittam
1072 4429 1359 4514 tanisibaccdiacris‘
1373 4435 1638 4510 milri(Gan.xxrn,
1653 4440 1710 4524 26).Ι

12 4547 13 4584 ;
56 4523 215 4586 reclinaret:
236 4528 327 4602 Quare
345 4529 423 4587 hoc?
437 4527 507 4601 Quia
521 4528 643 4586 Verbum
657 4543 673 4585 a
687 4545 735 4585 sua
750 4525 857 4585 subtili-¹
912 4527 982 4607 'Quid
997 4531 1070 4591 enim
1087 4532 1143 4604 Jam
1159 4521 1293 4602 superesi,
1309 4521 1362 4583 nisi
1376 4521 1551 4584 benedictio?
1567 4523 1638 4599 'Quid
1651 4523 1701 4602 pos'

12 4635 13 4674 l
59 4627 113 4676 ille
129 4617 323 4689 descenderit»
337 4625 365 4676 θῑ
375 4619 496 4694 8‘0881118
506 4618 856 4693 accepetalindumenium·
912 4615 1077 4696 amplexum,
1089 4617 1142 4678 nisi
1158 4618 1280 4677 osculum
1301 4614 1406 4672 restat?
1431 4613 1460 4672 si
1481 4614 1521 4673 sla
1544 4607 1710 4676 adhae'rererr

12 4729 14 4768 i
58 4707 127 4765 Nam
141 4720 205 4766 ⁰³r0
219 4707 321 4766 fficium
347 4706 444 4778 suerii,
470 4717 498 4768 el
522 4708 584 4767 ide⁰
607 4707 738 4781 Κΐθθθῑθΐῑ
761 4715 859 4763 etmo-·
912 4709 982 4782 Deo,
993 4706 1130 4788 quomodo
1151 4725 1207 4766 non
1229 4709 1286 4779 jam
1309 4703 1463 4761 exclamare
1484 4701 1583 4763 liberet
1600 4725 1607 4766 :
1626 4703 1714 4766 osca-¹

12 4821 14 4858 ι
59 4797 156 4854 rosiori
175 4811 260 4869 opere
274 4797 414 4857 utebatur.
428 4797 503 4856 Siout
517 4806 608 4856 autam
632 4797 759 4871 cogitatio
777 4795 860 4854 vestit
914 4785 1715 4882 terurmeoscutoortssui?(Cant.1‚t.)Cibap”os

12 4909 14 4950 r
60 4887 221 4945 sibirocem
240 4899 399 4958 corpoream
424 4889 527 4961 absquo
549 4889 591 4945 sui
614 4887 792 4944 diminutione
814 4881 860 4943 ¹vei
913 4893 1031 4962 interna,
1048 4885 1173 4955 Domine,
1197 4889 1377 4958 lacrymarum
1401 4898 1483 4966 pana,
1509 4891 1538 4941 et
1561 4881 1656 4959 potum
1679 4887 1711 4944 da

12 4999 15 5040 ι
59 4985 122 5033 anta
142 4990 239 5035 rocem
267 4975 311 5034 vel
337 4982 399 5048 post
425 4991 530 5046 rocem,
560 4977 599 5036 sic
625 4977 706 5034 Filius
733 4975 784 5034 liei
811 4986 859 5031 aa·
913 4983 992 5041 nohis
1018 4983 1046 5039 in
1073 4978 1202 5053 lacrymis
1230 4976 1258 5032 in
1287 4989 1438 5033 mensura:
1468 4967 1557 5058 donec¹
1578 4969 1714 5050 perducas

13 5091 15 5128 i
60 5065 175 5138 sumpsit
188 5080 311 5135 carnem,
326 5073 382 5122 uon
397 5065 614 5127 commistionem
637 5082 742 5142 passus,
768 5077 859 5136 neque
914 5087 965 5128 nos
978 5069 1013 5127 ad
1027 5083 1183 5126 mensuram
1204 5059 1315 5131 bonam,
1341 5068 1369 5120 et
1391 5060 1555 5132 confertam,
1578 5073 1606 5122 at
1624 5065 1716 5140 coagi-

13 5185 15 5222 ,
61 5153 275 5226 diminutionem,
291 5171 344 5213 nec
365 5161 429 5213 aute
448 5172 559 5214 carnem
579 5173 631 5214 nec
654 5164 715 5228 post
736 5168 858 5211 caruem.
913 5146 1006 5229 tatoni,
1021 5174 1105 5235 quarn
1120 5155 1197 5214 dabis
1217 5151 1337 5210 insi'uus'
1350 5157 1469 5221 nostros,
1488 5152 1535 5227 qui
1558 5169 1588 5211 cs
1602 5153 1630 5210 in
1654 5151 1714 5210 sinu

13 5273 16 5312 ,
60 5243 140 5317 Apud
163 5245 276 5302 Patrem·
300 5245 456 5303 inuisibilis:
486 5245 535 5303 sed
563 5246 607 5303 bic
633 5259 731 5300 manus
758 5249 859 5299 nostru
913 5250 1000 5307 Patris
1030 5243 1230 5322 superomnia
1258 5239 1420 5299 benedictus
1448 5242 1524 5300 Deus
1551 5245 1579 5299 in
1606 5241 1716 5301 saecula.

13 5355 16 5398 t
60 5340 244 5394 tractaverunt
257 5334 292 5392 d'e
306 5335 398 5393 Verbo
414 5335 490 5404 mtae3
506 5341 535 5392 at
548 5333 621 5409 qnod
636 5339 694 5390 erat
712 5333 746 5388 ab
769 5329 858 5402 initio,
915 5341 1013 5398 amen,

13 5441 16 5488 t
60 5421 176 5480 ridbnus
195 5422 279 5482 oculis
307 5425 417 5486 nostris.
439 5426 500 5484 dioc
526 5430 619 5483 autem
646 5423 768 5482 Verbum
796 5419 859 5495 quia

15 5657 16 5664 κ
95 5617 153 5692 (38)
167 5619 291 5676 Totidem
304 5621 502 5696 rerba'rapttit
515 5619 671 5680 bernardus
684 5619 856 5677 sermonebt
912 5615 999 5670 isdcm
1023 5606 1150 5682 proauis
1176 5617 1242 5659 usus
1266 5612 1308 5659 est
1334 5598 1460 5656 Nicolaus
1492 5600 1720 5664 Clara-italiensis

14 5719 17 5760 t
62 5690 101 5746 De
114 5690 238 5762 diremit,
254 5708 328 5750 num.
343 5697 506 5762 mammona
519 5699 553 5752 ta
570 5695 598 5750 in
609 5691 811 5764 Canticamunr.
828 5693 855 5746 3.
910 5687 938 5742 in
951 5681 1065 5782 epistola
1077 5685 1105 5738 a.
