3950 6350
52 351 108 414 29³
611 344 650 402 tht
668 342 808 402 ocutus
826 345 973 408 PASCHAE
990 346 1151 407 sessos
1648 350 1704 408 att

52 473 88 530 ab
100 469 175 550 ipsit.
185 469 288 540 duta,
304 468 351 540 tit,
362 470 465 531 mirari
474 471 498 529 ti
508 469 566 532 odit
580 485 628 530 vos
642 472 782 530 mandas:
797 473 855 530 sti-
871 486 895 568 p
910 469 961 530 bus
975 470 1084 530 nostris.
1097 469 1224 528 ¹Christus
1238 471 1311 528 enim
1324 479 1353 530 et
1366 472 1450 531 virtus
1470 479 1522 541 εει,
1539 481 1566 530 ει
1586 473 1642 530 uita
1656 489 1706 532 nu-

53 562 317 634 toteqttittprierertt
325 560 622 630 mtuobisodiobabuit
633 563 784 634 (locant,
797 561 854 633 18).
910 561 1057 618 stradam
1068 561 1194 620 Christus
1205 562 1372 634 apparuerit
1382 564 1441 620 aito
1451 569 1553 630 uestro,
1565 562 1706 636 altipet-

52 651 86 708 Et
99 652 165 708 item
181 666 189 710 ε
211 651 357 721 confidite,
381 650 478 724 inquit,
493 650 560 725 prtia
574 665 621 722 epo
644 652 700 710 ttici
714 649 856 708 mundant
911 649 990 716 tolus,
1009 654 1164 710 ttttteetuots
1175 649 1348 724 apparebitis
1361 652 1489 723 cumipse
1502 655 1535 710 itt
1543 654 1635 726 pluria
1646 653 1706 725 (Co-

53 739 145 814 (ioatt.
161 753 222 808 ιιι,
239 739 295 814 dil
309 738 357 798 Sia
371 738 498 794 nimirum
513 738 660 798 manifesta
674 739 706 798 fit
719 737 856 796 sermonis
912 740 975 799 tosa.
988 757 1029 810 ιιι,
1042 743 1080 809 d).
1095 739 1174 796 Unde
1188 737 1286 812 qloria,
1303 737 1353 794 uisi
1369 737 1403 794 de
1417 739 1551 798 victoria?
1562 751 1608 798 aut
1622 757 1708 814 quare

52 829 123 886 illius
137 828 247 899 ueritas,
264 845 345 901 quent
366 829 403 885 ait
421 829 587 901 Apostolus:
614 831 684 898 Quos
698 831 853 903 praestitit,
910 830 1039 903 cumipse
1049 829 1250 902 apparebimus,
1266 828 1317 884 nisi
1328 828 1390 901 quia
1404 827 1432 882 in
1442 826 1502 900 ipso
1517 828 1707 889 etuincimusi

51 919 232 992 inquitthaud
246 918 358 976 dubium
372 918 437 988 quin
452 919 526 976 Deus
540 919 642 990 Pater),
659 924 687 977 et
710 917 857 992 prtedestt'·
911 919 1047 993 Denique,
1058 920 1081 976 si
1096 919 1138 975 his
1152 927 1256 975 tantum
1277 917 1340 974 dats
1359 925 1401 973 est
1420 919 1544 990 potestas
1567 916 1636 974 filios
1658 920 1710 976 Dei

52 1007 368 1079 aeuttcensermesfieri
381 1005 856 1080 tmcqittritic'sttt(damnatas).
910 1010 970 1067 fieri
983 1011 1030 1084 qui
1044 1009 1194 1082 suscipiunt
1216 1008 1363 1078 Christum,
1384 1007 1419 1064 de
1434 1007 1475 1064 his
1503 1023 1613 1080 quoque
1641 1008 1707 1065 solis

52 1097 121 1156 vida
149 1095 401 1154 conformationem.
426 1097 492 1153 Post
513 1094 602 1167 ipsum
630 1094 806 1168 adoptantur,
826 1100 858 1150 ut
910 1099 1115 1175 intelligendum
1125 1098 1248 1172 estquod
1262 1097 1380 1154 dicitur:
1400 1097 1496 1154 Omnis
1507 1097 1556 1172 qut·
1566 1101 1654 1154 autes
1669 1102 1711 1156 ert

51 1188 87 1244 sit
115 1185 175 1259 ipse
204 1186 406 1260 primogenitus
432 1184 461 1241 in
488 1185 580 1242 multis
611 1185 765 1258 iratribus3
796 1190 859 1257 post
912 1192 1028 1258 exoro,
1042 1191 1134 1248 abacis
1148 1188 1296 1247 ornandum,
1312 1187 1378 1244 inde
1393 1186 1521 1258 estquod
1545 1183 1589 1242 hie
1603 1200 1711 1260 quoque

51 1277 142 1350 ipsum
154 1273 213 1334 odit
227 1275 345 1334 mundus
356 1289 423 1346 eos;
437 1283 498 1348 post
514 1275 604 1348 ipsum
619 1281 646 1330 et
665 1273 700 1332 ab
714 1273 755 1332 eis
769 1271 857 1330 vinci-
911 1294 973 1334 cum
987 1279 1119 1338 dixisset:
1139 1280 1204 1348 θεῖε
1219 1283 1260 1336 εει
1274 1276 1324 1352 qui
1332 1277 1423 1334 uincit
1433 1275 1585 1344 mundum,
1595 1276 1654 1331 atri
1663 1291 1711 1350 qttt

53 1375 97 1423 tur
109 1365 244 1430 muudus.
912 1369 1003 1426 eredit
1017 1370 1084 1442 quic
1099 1370 1177 1426 tasas
1192 1371 1233 1426 est
1250 1369 1342 1424 Ft'titts
1355 1367 1431 1424 Det?
1445 1374 1474 1424 ut
1489 1365 1599 1437 planius
1609 1364 1715 1422 laceret

90 1460 118 1514 2.
132 1456 209 1512 Bene
222 1469 289 1526 ergo
304 1452 377 1524 quod
391 1460 483 1508 netum
498 1457 540 1508 εει
555 1468 588 1512 etr
602 1451 672 1522 Deo,
682 1450 766 1510 vincit
781 1467 859 1508 mnn-
913 1474 974 1514 earn
996 1457 1181 1515 commendari
1196 1457 1276 1514 iidem
1291 1473 1341 1530 per
1364 1472 1456 1529 quam,
1484 1463 1513 1512 ut
1531 1455 1632 1512 dictum
1658 1457 1711 1522 est,

54 1544 132 1610 dum,
150 1549 180 1598 ut
194 1539 218 1598 si
233 1539 416 1600 testimonium
432 1538 552 1598 catastis
571 1540 757 1615 generationis
771 1540 858 1597 victo·
913 1547 1036 1604 cnrntus
1049 1547 1078 1603 m
1092 1546 1220 1604 cordibus
1239 1546 1340 1604 nostris
1362 1545 1476 1612 habitat,
1497 1543 1601 1602 addidit
1627 1542 1713 1602 cuch

56 1632 97 1688 ria
112 1629 292 1689 tentationis:
308 1636 335 1690 et
350 1626 419 1688 sicud
431 1628 453 1684 is
463 1627 509 1702 qui
519 1627 590 1686 tilius
604 1637 645 1686 est
659 1646 710 1702 pet·
722 1637 858 1698 naturam,
913 1651 967 1692 nuo
982 1636 1016 1693 de
1030 1635 1115 1710 ipsius
1128 1636 1256 1702 adventu,
1270 1635 1384 1692 dicens:
1400 1637 1450 1691 liic
1465 1639 1508 1692 est
1517 1634 1650 1710 quinceii
1661 1648 1714 1706 per

55 1718 189 1776 mundum
208 1733 270 1776 cum
293 1731 344 1774 suu
366 1715 492 1789 principe
512 1716 699 1789 triumphavit,
714 1717 753 1776 sic
766 1724 792 1774 ει
807 1732 860 1775 noo
914 1742 1018 1798 uquam
1031 1729 1059 1781 et
1071 1726 1251 1798 tuupttt'ttant,
1262 1725 1342 1782 iesus
1359 1723 1499 1782 Christus.
1511 1723 1607 1780 Adhuc
1621 1729 1711 1780 autent

55 1805 354 1866 uictoresiuveuiatuur
372 1812 505 1880 quotquot
520 1823 613 1864 sumus
632 1807 680 1864 filii
695 1807 858 1881 adoptionis.
876 1800 899 1879 B
915 1814 1205 1887 supereminentiorem
1215 1812 1286 1870 viem
1297 1811 1464 1870 ostendens:
1477 1814 1512 1870 Et
1523 1793 1649 1886 Spiritus
1659 1814 1711 1882 est,

57 1895 180 1954 Vioi0r0⁸
194 1910 272 1962 saue,
287 1894 336 1954 ted
346 1893 375 1951 5¹1
394 1894 465 1968 1980,
482 1894 528 1968 qui
542 1895 676 1954 ⁰⁰11f0tl³i
691 1911 751 1968 11⁰⁵,
767 1897 861 1970 inquo
914 1903 1011 1977 inquit,
1023 1907 1070 1978 qui
1084 1905 1258 1974 testificatur
1268 1903 1490 1976 quottiumiesus
1500 1905 1542 1958 ert
1552 1902 1712 1960 Perturbat.

55 1994 82 2042 et
96 1984 358 2058 possumusttmnit:
376 1984 507 2058 quieter
517 1989 687 2046 totototort'o
697 2005 759 2061 qttte
770 1987 861 2046 vindi
914 1993 985 2050 sane
1000 1992 1074 2066 quod
1087 1990 1248 2064 interponit,
1263 1989 1403 2062 signanter
1426 1999 1570 2062 repetens:
1598 1990 1661 2047 Nott
1681 1989 1715 2046 ln

54 2075 207 2144 littidum,
222 2075 293 2148 fider
316 2079 426 2134 Militi·
444 2074 511 2134 Fide
526 2075 661 2150 siquidem
684 2075 712 2134 in
727 2077 777 2138 Dei
791 2075 862 2134 filios
915 2084 1100 2156 wesselum,
1113 2075 1319 2156 sediauqttu'et
1329 2079 1480 2151 renquiae,
1497 2077 1532 2134 ad
1542 2076 1715 2148 Moysidilie·

55 2165 221 2236 adoptamur
236 2180 244 2220 a
259 2163 343 2220 titiam
356 2163 384 2219 iu
399 2163 478 2220 nohis
500 2167 618 2222 mundus
631 2166 660 2223 in
674 2165 794 2242 maligno
808 2180 861 2239 po·
915 2171 1031 2228 rentiam
1049 2167 1135 2226 907
1152 2168 1270 2226 arbitror
1284 2166 1483 2239 accipiendum.
1505 2167 1613 2239 Moyses
1625 2163 1714 2240 siqni-

54 2253 124 2312 situs
134 2253 194 2311 odit
208 2260 290 2328 atque
300 2253 491 2328 pensaunium
507 2251 561 2313 ide
571 2270 682 2330 quoque
693 2263 722 2312 ει
733 2255 861 2324 uincitur,
916 2258 979 2316 dum
992 2255 1217 2331 inaqusveuit,a
1232 2272 1286 2330 qua
1298 2256 1551 2327 atnomenaccepit
1567 2255 1717 2330 utltoyses

54 2344 124 2400 sicut
137 2342 341 2416 scriptumest:
358 2344 459 2402 Sceett'
470 2361 523 2418 per
535 2344 620 2416 fidem
631 2346 765 2404 diamant
776 2362 864 2420 repta
916 2353 1070 2407 uocaretur.

54 2433 151 2508 (idcir.
163 2448 206 2501 ιιι,
222 2431 279 2506 33).
295 2431 396 2502 Quidni
410 2433 572 2492 attribuatur
589 2433 653 2492 fidei
671 2434 795 2503 titteris,
813 2451 879 2504 cu·,
952 2440 979 2494 h
997 2433 1130 2492 Recolant
1139 2433 1237 2508 quihus
1251 2444 1315 2491 nota
1329 2432 1490 2491 esthistoris
1499 2433 1608 2491 Veteris
1615 2433 1714 2490 Testa-

52 2525 99 2594 jus
115 2529 158 2580 est
168 2521 252 2579 etiam
271 2520 460 2592 visitaretur,
474 2523 572 2598 inquit,
583 2541 619 2584 ex
628 2525 760 2596 fidcviuit
771 2523 862 2596 (Rom.
917 2524 1010 2594 meni,
1028 2524 1258 2598 quemadmodum
1272 2523 1301 2579 in
1314 2523 1449 2598 AEgypto,
1465 2522 1529 2578 dum
1543 2522 1649 2596 parvuli
1663 2537 1717 2581 ont·

56 2627 76 2680 ι,
99 2611 159 2684 17).
174 2610 288 2682 Quoties
307 2627 374 2684 ergo
389 2611 531 2670 tentationi
541 2613 654 2684 resistis,
669 2613 777 2688 quoties
800 2613 862 2672 tin·
917 2632 967 2672 nes
987 2613 1128 2672 israelitici
1150 2613 1281 2687 germinis
1309 2621 1483 2682 necarentur,
1509 2612 1661 2685 expositum
1689 2611 1717 2668 in

55 2700 95 2756 cis
109 2699 272 2774 malignum,
289 2700 346 2757 noli
360 2702 476 2774 propriis
492 2702 613 2760 tribuere
629 2702 748 2776 uiribus3
764 2703 820 2761 nuli
832 2701 861 2760 in
917 2704 994 2776 aquis
1007 2703 1119 2775 lloysen
1133 2701 1225 2758 tulerit
1238 2699 1292 2757 iilia
1318 2701 1467 2758 Pharaonis
1494 2701 1593 2774 (Exod.
1622 2717 1651 2770 ιι,
1676 2697 1717 2772 31.

57 2796 97 2858 ιε,
112 2788 165 2848 sed
179 2789 268 2864 magis
285 2789 440 2849 inDoatinc
454 2791 575 2866 gloriari.
588 2791 704 2862 Quando
719 2793 793 2851 enim
807 2792 864 2850 lur-
916 2795 950 2852 Et
963 2793 1026 2852 uide
1040 2791 1062 2847 si
1077 2807 1133 2850 non
1147 2789 1289 2848 manifeste
1308 2788 1408 2846 Christi
1418 2798 1446 2848 et
1459 2789 1488 2846 in
1503 2791 1555 2846 hoc
1570 2791 1629 2862 ipso
1640 2788 1719 2858 tide·

57 2878 92 2934 tis
106 2877 154 2938 ille
167 2885 289 2936 armatus
306 2886 362 2934 tuae
378 2879 491 2938 cederet
503 2880 678 2937 infirmitati?
692 2879 765 2938 Audi
778 2881 862 2939 deni·
918 2891 961 2942 tur
974 2880 1149 2955 praecessisse
1163 2879 1260 2954 ligura.
1276 2878 1364 2935 Simili
1385 2894 1485 2951 nempe
1499 2895 1561 2939 curn
1577 2879 1717 2960 Pharaone

56 2984 110 3042 que
146 2963 215 3042 quid
237 2961 368 3025 dominici
385 2963 546 3026 dissutus
573 2979 667 3044 pastor
679 2970 759 3029 ovilis
771 2973 864 3030 admo
917 2974 998 3032 etiarn
1011 2970 1136 3028 Herodes
1163 2968 1318 3042 suspicione
1337 2967 1475 3038 laborans,
1492 2969 1528 3025 nd
1541 2969 1637 3026 eedem
1651 2982 1718 3024 ocn-

56 3065 122 3116 neat
132 3072 141 3115 t
152 3057 347 3132 aduersarios,
359 3057 456 3131 inquit,
466 3064 560 3118 vester
569 3059 709 3128 debrias,
727 3065 864 3138 tunquam
916 3077 1011 3122 versus
1025 3067 1067 3118 est
1081 3057 1248 3118 crudelitatis
1265 3066 1437 3136 argumenta,
1452 3057 1503 3116 sed
1522 3056 1621 3116 eodem
1634 3053 1718 3114 modo

58 3149 100 3219 teo
115 3147 245 3222 rapiens,
257 3149 361 3206 circuit
372 3164 500 3224 querens
510 3165 593 3226 quem
603 3148 729 3220 deuoret,·
740 3151 787 3210 cttt'
797 3152 865 3210 reri·
917 3159 961 3210 est
972 3151 1032 3224 ipse
1047 3147 1277 3222 delusustlduttb.
1293 3163 1322 3214 u,
1340 3147 1396 3220 ld).
1407 3145 1558 3221 Utrobique
1571 3162 1623 3220 pro
1638 3145 1718 3220 unius

56 3237 225 3310 stittsortes
235 3235 267 3294 itt
275 3237 329 3308 fide
340 3239 367 3308 (Ι
375 3239 452 3296 Patr.
464 3253 493 3310 v,
505 3242 532 3304 8,
543 3240 582 3314 s).
593 3237 677 3296 Vides
688 3239 865 3312 quemadmo-
917 3249 1045 3316 suspecta
1059 3253 1177 3314 persona
1192 3237 1340 3296 trucidatur
1354 3236 1533 3294 damnositas
1551 3251 1717 3308 puerorum:

57 3325 123 3392 duur
138 3324 190 3382 sihi
205 3324 329 3383 veritatis
347 3325 504 3385 testimonia
518 3327 674 3386 concinant.
693 3329 791 3388 Paulus
809 3329 864 3386 fide
917 3332 1061 3406 utrobique
1074 3329 1121 3404 qui
1135 3330 1311 3403 quaerehatur
1324 3326 1425 3386 evadit.
1441 3327 1476 3383 Et
1492 3325 1628 3407 quo-modo
1644 3325 1721 3402 hlop-

57 3432 145 3490 reqntt
160 3415 261 3476 uicisse
290 3424 416 3487 sanctos;
435 3417 536 3476 Petrus
558 3417 674 3492 principi
688 3419 783 3476 mundi
798 3419 866 3477 resi·
918 3439 969 3480 sen
983 3421 1038 3478 iilia
1065 3419 1221 3490 Pharaonis,
1246 3417 1283 3474 ita
1297 3416 1433 3474 Christum
1447 3431 1557 3490 quoque
1579 3416 1719 3492 AEqypttcs

56 3503 189 3564 standum
201 3505 232 3562 in
246 3501 451 3574 testandas
466 3523 576 3583 quoque
594 3509 674 3568 :litet
689 3513 743 3584 est,
759 3513 863 3586 inquit,
920 3513 991 3586 (quta
1005 3525 1061 3568 non
1075 3509 1210 3566 immerito
1229 3505 1377 3578 Pharaonis
1390 3505 1551 3582 intelligitur
1583 3505 1647 3579 iilia)
1670 3520 1719 3562 su-

56 3597 186 3656 victoria
202 3612 265 3670 qttte
278 3597 368 3658 aaut
381 3597 532 3666 mundant,
546 3597 615 3670 fides
629 3603 738 3658 nostru.
920 3601 1007 3672 acepit
1020 3598 1245 3659 conservandum.
1257 3595 1399 3654 hlaniieste
1433 3603 1526 3654 tamen
1547 3593 1610 3668 ιιιεε
1638 3609 1721 3668 quam

94 3691 121 3746 3.
137 3685 291 3760 seqnitur:
311 3687 377 3758 Qum
391 3689 470 3748 eninr
482 3692 525 3747 est
540 3690 590 3764 pati
608 3691 700 3748 vineit
715 3688 865 3756 maedam,
921 3691 1028 3764 hoyses
1042 3691 1097 3759 hic,
1112 3698 1207 3762 utpute
1223 3687 1270 3762 qui
1292 3687 1398 3746 venerit
1412 3702 1469 3744 nou
1482 3685 1512 3742 in
1526 3701 1596 3760 aqua
1606 3691 1720 3750 autum,

57 3777 118 3836 taisi
128 3779 180 3850 qttt'
189 3777 517 3852 creditqtortiurttiestts
527 3780 666 3839 estillittr
675 3779 747 3838 Pei?
757 3779 868 3837 Certum
921 3779 970 3838 sed
984 3779 1013 3835 in
1026 3794 1098 3854 equa
1112 3785 1139 3836 et
1153 3776 1299 3850 sanguine.
1322 3777 1409 3848 Aquae
1423 3774 1495 3832 ειιιιιι
1510 3776 1613 3842 multae,
1628 3773 1723 3848 populi

56 3865 85 3922 id
102 3865 230 3940 quidem,
250 3865 360 3937 tratres,
376 3882 486 3927 omnem
496 3868 541 3942 qui
560 3883 615 3929 non
630 3868 717 3926 credit
730 3867 758 3925 in
773 3867 868 3926 Filium
923 3868 1002 3946 multi
1020 3871 1114 3940 (ipos.
1130 3880 1202 3936 xvtt,
1221 3863 1278 3937 lh).
1295 3864 1373 3922 Venit
1391 3879 1458 3938 ergo
1469 3863 1498 3919 in
1519 3868 1722 3936 squalentum,

58 3955 121 4024 Dei,
138 3972 174 4013 ει
189 3955 243 4015 hoc
257 3954 318 4030 ipso
346 3957 404 4028 iam
431 3972 487 4016 non
501 3957 584 4015 modo
611 3958 712 4018 uictum
730 3974 805 4030 esse,
819 3955 869 4014 sed
923 3956 970 4030 qui
984 3953 1162 4030 congregavit
1177 3951 1286 4026 quidem
1301 3949 1443 4024 populum,
1458 3949 1507 4006 sed
1523 3950 1654 4022 pupulum
1669 3965 1723 4006 non

59 4045 142 4114 etiarn
153 4037 323 4120 judicatum.
338 4045 403 4106 Sine
419 4045 473 4106 fide
487 4045 561 4107 enim
574 4047 746 4121 impossihile
755 4054 799 4108 εει
811 4047 870 4124 pia-
923 4045 1049 4104 redemit.
1065 4045 1135 4102 Nam
1150 4051 1179 4101 et
1193 4043 1252 4115 ipsa
1265 4056 1375 4116 quoque
1389 4040 1425 4098 de
1440 4039 1569 4098 seruitute
1590 4037 1724 4114 AEqyptir

59 4152 124 4199 cere
143 4135 206 4196 Deo
231 4135 328 4210 (debr.
344 4152 388 4218 ιι,
404 4135 443 4210 d).
474 4137 660 4202 verumtatem
685 4145 776 4211 potest
798 4137 869 4195 torte
922 4130 1239 4206 libaratiu,ncuh10psi,
1257 4130 1310 4190 sed
1329 4129 1400 4212 igni
1418 4128 1551 4202 sanguine
1572 4126 1646 4184 lacta
1668 4135 1722 4195 est,

60 4213 185 4299 movere,
202 4227 280 4300 quod
294 4233 351 4290 tam
365 4215 466 4288 n'tultus
478 4227 604 4289 videmus
617 4228 764 4290 credentes
777 4227 870 4289 lesum
924 4225 1082 4284 hherandos
1096 4239 1146 4282 nos
1160 4221 1341 4296 praetiquraus
1354 4236 1371 4276 a
1383 4235 1455 4280 rana
1468 4223 1562 4277 nostre
1576 4231 1724 4274 conuersa·

60 4317 164 4375 Filium
174 4316 227 4374 Dei
252 4333 326 4387 aste,
351 4317 442 4376 adhue
463 4325 555 4376 tamen
582 4318 677 4379 muudi
694 4317 870 4379 nihilominus
927 4316 999 4374 tione
1009 4315 1090 4386 hujus
1107 4310 1213 4380 saculi,
1221 4309 1355 4384 sanguine
1364 4306 1436 4382 igni
1449 4305 1617 4366 immaculati
1627 4303 1725 4364 Christi

60 4399 260 4480 cupiditatibus
284 4406 414 4466 irretitos.
436 4405 508 4478 Qud
523 4423 590 4484 crgo
610 4407 664 4466 art:
684 4410 750 4480 aad
765 4412 808 4469 tat
821 4412 872 4482 act
915 4404 1002 4474 ,teon
1016 4403 1067 4460 tue
1078 4407 1120 4460 est
1129 4415 1209 4461 veros
1217 4399 1315 4474 letifer
1323 4404 1429 4465 noster,
1440 4396 1513 4470 apud
1521 4411 1606 4470 quam
1615 4393 1725 4468 socioso

60 4497 154 4556 vincit
163 4497 317 4568 mandam,
328 4500 387 4560 εἰει
399 4499 448 4571 pati
461 4499 552 4556 credit
566 4501 718 4574 quateret
728 4505 771 4558 est
781 4500 872 4558 Filias
926 4502 970 4552 εει
982 4491 1144 4566 redemptio.
1159 4492 1280 4548 llortuus
1304 4497 1345 4546 εει
1364 4487 1437 4546 enim
1464 4501 1521 4544 uon
1552 4489 1660 4542 tantum
1673 4498 1725 4557 pro

62 4588 126 4655 Dei,
141 4601 205 4644 cnm
220 4593 249 4644 et
263 4585 324 4658 ipse
335 4587 391 4657 jam
406 4586 524 4646 mundus
537 4586 565 4643 id
576 4587 688 4646 credat?
699 4589 741 4644 An
753 4604 809 4645 non
821 4587 872 4661 ipsi
926 4593 1021 4660 gente,
1031 4582 1081 4642 sed
1091 4589 1120 4640 ut
1129 4579 1201 4638 filios
1210 4578 1272 4652 Dei,
1282 4577 1330 4652 qui
1340 4576 1456 4651 dispersi
1467 4582 1555 4646 erant,
1571 4587 1725 4650 comage-

63 4690 175 4750 quoque
190 4675 335 4732 daentonas
343 4682 371 4734 ει
385 4676 509 4744 eredunt,
526 4684 553 4734 et
568 4675 803 4736 contremiscunt?
817 4677 872 4741 Sed
927 4684 970 4734 ret
982 4676 1011 4732 in
1034 4689 1129 4732 cuum.
1157 4671 1295 4728 Memento
1324 4682 1390 4724 sane
1414 4668 1487 4724 hunc
1506 4681 1568 4724 esse
1580 4664 1724 4731 ioannem,
1837 4689 1839 4696 v

63 4764 145 4822 dico:
162 4765 298 4836 Putasne,
322 4765 421 4822 Filium
435 4764 486 4822 Dei
504 4772 612 4840 reputat
626 4768 731 4838 iesum,
747 4767 872 4843 quisquis
927 4765 975 4840 qui
986 4763 1063 4830 vidit,
1079 4769 1107 4818 et
1127 4759 1309 4816 testimonium
1333 4754 1471 4830 perhibuit
1494 4753 1533 4829 [et
1545 4752 1646 4811 scimus
1663 4753 1727 4828 quis

63 4854 109 4912 ille
125 4859 171 4912 εει
194 4854 279 4910 homo
295 4853 343 4926 qui
363 4854 448 4927 ipsius
471 4872 523 4914 uec
545 4864 664 4915 terretur
686 4859 874 4918 comminatio-
926 4869 1022 4912 verum
1036 4855 1078 4909 est
1092 4848 1294 4907 testimuniuum
1313 4844 1395 4919 ejus),
1411 4844 1510 4902 exiisse
1525 4844 1654 4903 delatore
1671 4843 1728 4902 Dc·

64 4944 157 5013 nibus,
180 4959 236 5002 nec
250 4942 396 5000 attrahitur
410 4946 645 5018 promissionibus,
662 4965 714 5006 nec
728 4949 874 5024 praeceptis
927 4943 994 5002 nini
1007 4939 1165 5000 dormientis
1175 4937 1205 4994 in
1218 4951 1300 4994 cruce
1310 4933 1471 5010 sanguinem
1481 4933 1559 4990 simul
1572 4941 1601 4992 et
1610 4949 1725 5008 aquam:

66 5037 253 5108 obtemperat,
282 5047 336 5090 nec
372 5034 491 5092 consiliis
519 5036 688 5110 acquiescit?
711 5036 811 5098 Nonne
838 5039 873 5108 is,
928 5050 982 5110 quo
997 5032 1123 5092 videlicet
1141 5026 1286 5086 dormienti
1313 5041 1385 5084 nouo
1403 5026 1471 5082 Adae
1495 5040 1566 5083 nuta
1582 5024 1619 5082 de
1640 5023 1726 5080 latere

67 5125 175 5184 etiamsi
190 5124 312 5182 fateatur
321 5137 448 5181 nenosse
462 5125 561 5194 Deum,
572 5127 650 5184 lacus
665 5132 756 5186 tamen
766 5128 872 5200 negati
929 5141 978 5186 suo
992 5121 1160 5196 proterretur
1174 5116 1277 5192 pariter
1287 5122 1316 5173 et
1327 5116 1506 5173 redimeretur
1515 5113 1648 5172 Ecclesia·

64 5214 152 5272 Porro
165 5212 238 5270 fides
256 5212 318 5269 sine
332 5213 462 5286 operibus
484 5220 647 5272 mortuaest
670 5216 698 5272 in
726 5219 875 5291 semetipsa
964 5221 993 5272 6.
1007 5215 1051 5272 Sic
1070 5227 1136 5287 ergo
1152 5208 1234 5266 hodie
1257 5223 1367 5284 quoque
1388 5207 1423 5262 ad
1438 5221 1488 5263 nos
1501 5221 1552 5278 per
1577 5217 1677 5277 aquarn
1698 5209 1727 5262 et

67 5303 137 5378 (due.
151 5319 184 5374 tt,
198 5303 259 5374 ιιι).
273 5303 332 5360 Νεε
347 5318 414 5360 sane
428 5304 526 5361 mirum
534 5303 621 5362 uideri
629 5313 720 5380 potest
732 5306 756 5366 si
770 5323 875 5381 nequa·
928 5305 1089 5380 sanguinem
1103 5300 1187 5368 venit,
1202 5299 1278 5358 utsit
1290 5315 1361 5372 aqua
1375 5303 1403 5356 et
1418 5295 1529 5368 acuns
1543 5291 1727 5352 testimonium

14 5459 15 5472 ¹
69 5409 153 5468 quum
167 5392 263 5466 rinch,
275 5392 324 5467 qui
338 5409 390 5452 nec
403 5393 470 5453 vivit
485 5394 606 5468 quidem.
929 5398 1063 5456 adventus
1076 5393 1147 5465 ejus,
1163 5389 1281 5464 fideique
1295 5386 1426 5448 uictricis.
1448 5387 1509 5444 Non
1521 5383 1609 5441 solum
1627 5389 1727 5448 autem,

14 5481 15 5492 ’
930 5485 980 5544 sed
989 5480 1171 5541 testimonium
1187 5487 1231 5538 εει
1243 5481 1333 5553 majus
1345 5477 1401 5548 his,
1415 5474 1489 5551 quod
1499 5473 1627 5550 perhibet
1642 5471 1729 5548 Spiri-

14 5557 16 5592 ἶ
105 5573 133 5636 d.
149 5569 259 5646 Queris
274 5584 402 5644 quaenam
416 5570 452 5632 sit
465 5570 598 5632 uitiiset
617 5571 763 5634 thuriaci
792 5574 875 5636 fides?
929 5586 974 5635 tus
986 5571 1117 5634 ueritatis.
1132 5569 1235 5628 florum
1248 5569 1330 5626 trium
1343 5563 1525 5630 testimonium
1543 5576 1640 5630 terunt
1663 5579 1727 5622 cer-

70 5659 119 5724 Ilh
132 5660 194 5722 sine
207 5658 295 5723 dubio
308 5675 360 5734 per
377 5677 458 5736 quant
481 5661 604 5742 Chritus
617 5663 761 5727 habitatin
780 5666 874 5726 cordi.
929 5674 1041 5738 tumque
1056 5669 1110 5730 εει,
1124 5667 1152 5720 ει
1165 5659 1231 5720 telix
1244 5657 1333 5716 ruitur
1346 5670 1408 5730 quae
1425 5651 1630 5714 mercurihud
1656 5651 1727 5714 acci·
