<?xml version="1.0" encoding="UTF-8"?>
<!DOCTYPE html PUBLIC "-//W3C//DTD XHTML 1.0 Transitional//EN"
    "http://www.w3.org/TR/xhtml1/DTD/xhtml1-transitional.dtd">
<html xmlns="http://www.w3.org/1999/xhtml" xml:lang="en" lang="en">
 <head>
  <title>
</title>
<meta http-equiv="Content-Type" content="text/html;charset=utf-8" />
  <meta name='ocr-system' content='tesseract 3.04.00' />
  <meta name='ocr-capabilities' content='ocr_page ocr_carea ocr_par ocr_line ocrx_word'/>
</head>
<body>
  <div class='ocr_page' id='page_1' title='image "./patrologiaecurs142unkngoog_0509.png"; bbox 0 0 4064 6344; ppageno 0'>
   <div class='ocr_carea' id='block_1_1' title="bbox 262 375 1910 464">
    <p class='ocr_par' dir='ltr' id='par_1_1' title="bbox 262 375 1910 464">
     <span class='ocr_line' id='line_1_1' title="bbox 262 375 1910 464; baseline -0.004 -1"><span class='ocrx_word' id='word_1_1' title='bbox 262 403 315 463; x_wconf 80' lang='lat' dir='ltr'><strong>saa</strong></span> <span class='ocrx_word' id='word_1_2' title='bbox 731 401 759 462; x_wconf 79' lang='lat' dir='ltr'><strong>s,</strong></span> <span class='ocrx_word' id='word_1_3' title='bbox 781 383 953 462; x_wconf 78' lang='lat' dir='ltr'><strong>suturam</strong></span> <span class='ocrx_word' id='word_1_4' title='bbox 974 379 1111 461; x_wconf 80' lang='lat' dir='ltr'><strong>ructus</strong></span> <span class='ocrx_word' id='word_1_5' title='bbox 1137 375 1453 464; x_wconf 67' lang='lat' dir='ltr'><strong>currussvtttnrsrs</strong></span> <span class='ocrx_word' id='word_1_6' title='bbox 1835 397 1910 458; x_wconf 87' lang='lat' dir='ltr'><strong>rouo</strong></span> 
     </span>
    </p>
   </div>
   <div class='ocr_carea' id='block_1_2' title="bbox 260 521 1917 3177">
    <p class='ocr_par' dir='ltr' id='par_1_2' title="bbox 260 521 1917 3177">
     <span class='ocr_line' id='line_1_2' title="bbox 261 521 1909 624; baseline -0.007 -37"><span class='ocrx_word' id='word_1_7' title='bbox 261 531 342 592; x_wconf 79' lang='lat' dir='ltr'><strong>cdliii</strong></span> <span class='ocrx_word' id='word_1_8' title='bbox 356 533 424 586; x_wconf 78' lang='lat' dir='ltr'><strong>soal</strong></span> <span class='ocrx_word' id='word_1_9' title='bbox 437 529 519 586; x_wconf 77' lang='lat' dir='ltr'><strong>oeric</strong></span> <span class='ocrx_word' id='word_1_10' title='bbox 533 529 772 588; x_wconf 77' lang='lat' dir='ltr'><strong>incinimics&#39;mrt</strong></span> <span class='ocrx_word' id='word_1_11' title='bbox 786 531 873 602; x_wconf 84' lang='lat' dir='ltr'><strong>(Prot.</strong></span> <span class='ocrx_word' id='word_1_12' title='bbox 888 527 1059 598; x_wconf 73' lang='lat' dir='ltr'><strong>crvrrr,lll;</strong></span> <span class='ocrx_word' id='word_1_13' title='bbox 1076 543 1098 624; x_wconf 60' lang='grc' dir='ltr'>Ι</span> <span class='ocrx_word' id='word_1_14' title='bbox 1114 530 1230 602; x_wconf 76' lang='lat' dir='ltr'><strong>praviter</strong></span> <span class='ocrx_word' id='word_1_15' title='bbox 1250 529 1378 600; x_wconf 81' lang='lat' dir='ltr'><strong>peccarit,</strong></span> <span class='ocrx_word' id='word_1_16' title='bbox 1404 521 1600 589; x_wconf 73' lang='lat' dir='ltr'><strong>maimunde,</strong></span> <span class='ocrx_word' id='word_1_17' title='bbox 1628 535 1682 580; x_wconf 88' lang='lat' dir='ltr'><strong>non</strong></span> <span class='ocrx_word' id='word_1_18' title='bbox 1704 531 1793 578; x_wconf 84' lang='lat' dir='ltr'><strong>tamen</strong></span> <span class='ocrx_word' id='word_1_19' title='bbox 1819 521 1909 576; x_wconf 83' lang='lat' dir='ltr'><strong>adrni-</strong></span> 
     </span>
     <span class='ocr_line' id='line_1_3' title="bbox 260 609 1911 690; baseline -0.007 -12"><span class='ocrx_word' id='word_1_20' title='bbox 260 627 355 678; x_wconf 90' lang='lat' dir='ltr'><strong>etcum</strong></span> <span class='ocrx_word' id='word_1_21' title='bbox 365 617 479 674; x_wconf 91' lang='lat' dir='ltr'><strong>Domino</strong></span> <span class='ocrx_word' id='word_1_22' title='bbox 489 627 499 674; x_wconf 86' lang='lat' dir='ltr'><strong>t</strong></span> <span class='ocrx_word' id='word_1_23' title='bbox 509 619 591 676; x_wconf 83' lang='lat' dir='ltr'><strong>Zeloa</strong></span> <span class='ocrx_word' id='word_1_24' title='bbox 602 615 700 678; x_wconf 78' lang='lat' dir='ltr'><strong>domos</strong></span> <span class='ocrx_word' id='word_1_25' title='bbox 710 620 898 679; x_wconf 81' lang='lat' dir='ltr'><strong>toaecomedit</strong></span> <span class='ocrx_word' id='word_1_26' title='bbox 910 634 954 674; x_wconf 87' lang='lat' dir='ltr'><strong>me</strong></span> <span class='ocrx_word' id='word_1_27' title='bbox 967 619 1054 690; x_wconf 81' lang='lat' dir='ltr'><strong>(Psoi.</strong></span> <span class='ocrx_word' id='word_1_28' title='bbox 1114 617 1197 675; x_wconf 90' lang='lat' dir='ltr'><strong>randa</strong></span> <span class='ocrx_word' id='word_1_29' title='bbox 1217 617 1362 675; x_wconf 85' lang='lat' dir='ltr'><strong>humilitas.</strong></span> <span class='ocrx_word' id='word_1_30' title='bbox 1391 619 1426 673; x_wconf 83' lang='grc' dir='ltr'>Δι</span> <span class='ocrx_word' id='word_1_31' title='bbox 1440 615 1463 671; x_wconf 90' lang='lat' dir='ltr'><strong>si</strong></span> <span class='ocrx_word' id='word_1_32' title='bbox 1477 611 1539 686; x_wconf 89' lang='lat' dir='ltr'><strong>quis</strong></span> <span class='ocrx_word' id='word_1_33' title='bbox 1553 609 1736 667; x_wconf 81' lang='lat' dir='ltr'><strong>innocentium</strong></span> <span class='ocrx_word' id='word_1_34' title='bbox 1759 610 1865 677; x_wconf 63' lang='lat' dir='ltr'><strong>retines</strong></span> <span class='ocrx_word' id='word_1_35' title='bbox 1882 619 1911 666; x_wconf 87' lang='lat' dir='ltr'><strong>et</strong></span> 
     </span>
     <span class='ocr_line' id='line_1_4' title="bbox 261 697 1911 780; baseline -0.005 -17"><span class='ocrx_word' id='word_1_36' title='bbox 261 721 356 775; x_wconf 75' lang='lat' dir='ltr'><strong>curru,</strong></span> <span class='ocrx_word' id='word_1_37' title='bbox 379 707 518 774; x_wconf 62' lang='lat' dir='ltr'><strong>tinioso,</strong></span> <span class='ocrx_word' id='word_1_38' title='bbox 539 721 570 776; x_wconf 89' lang='lat' dir='ltr'><strong>rr,</strong></span> <span class='ocrx_word' id='word_1_39' title='bbox 586 705 753 778; x_wconf 79' lang='lat' dir='ltr'><strong>l&#39;l).Viuum</strong></span> <span class='ocrx_word' id='word_1_40' title='bbox 767 715 809 764; x_wconf 88' lang='lat' dir='ltr'><strong>est</strong></span> <span class='ocrx_word' id='word_1_41' title='bbox 829 723 895 780; x_wconf 78' lang='lat' dir='ltr'><strong>ergo</strong></span> <span class='ocrx_word' id='word_1_42' title='bbox 910 706 1058 764; x_wconf 79' lang='lat' dir='ltr'><strong>fervidissi·</strong></span> <span class='ocrx_word' id='word_1_43' title='bbox 1109 705 1284 762; x_wconf 87' lang='lat' dir='ltr'><strong>nihilomiuus</strong></span> <span class='ocrx_word' id='word_1_44' title='bbox 1297 703 1473 762; x_wconf 88' lang='lat' dir='ltr'><strong>humihtatem</strong></span> <span class='ocrx_word' id='word_1_45' title='bbox 1493 701 1595 776; x_wconf 69' lang='lat' dir='ltr'><strong>iungit,</strong></span> <span class='ocrx_word' id='word_1_46' title='bbox 1612 697 1791 756; x_wconf 89' lang='lat' dir='ltr'><strong>nonneistihi</strong></span> <span class='ocrx_word' id='word_1_47' title='bbox 1824 698 1911 756; x_wconf 80' lang='lat' dir='ltr'><strong>&#39;deut</strong></span> 
     </span>
     <span class='ocr_line' id='line_1_5' title="bbox 261 787 1892 869; baseline -0.003 -19"><span class='ocrx_word' id='word_1_48' title='bbox 261 795 484 865; x_wconf 85' lang='lat' dir='ltr'><strong>muszelusiste,</strong></span> <span class='ocrx_word' id='word_1_49' title='bbox 499 796 799 867; x_wconf 84' lang='lat' dir='ltr'><strong>expressumdebotro</strong></span> <span class='ocrx_word' id='word_1_50' title='bbox 819 795 911 869; x_wconf 76' lang='lat' dir='ltr'><strong>Cypri,</strong></span> <span class='ocrx_word' id='word_1_51' title='bbox 941 808 968 853; x_wconf 91' lang='lat' dir='ltr'><strong>et</strong></span> <span class='ocrx_word' id='word_1_52' title='bbox 986 795 1056 852; x_wconf 78' lang='lat' dir='ltr'><strong>calis</strong></span> <span class='ocrx_word' id='word_1_53' title='bbox 1110 796 1249 868; x_wconf 76' lang='lat' dir='ltr'><strong>geminum</strong></span> <span class='ocrx_word' id='word_1_54' title='bbox 1268 796 1365 852; x_wconf 75' lang='lat' dir='ltr'><strong>anime</strong></span> <span class='ocrx_word' id='word_1_55' title='bbox 1389 793 1528 866; x_wconf 87' lang='lat' dir='ltr'><strong>possidere</strong></span> <span class='ocrx_word' id='word_1_56' title='bbox 1553 787 1813 846; x_wconf 82' lang='lat' dir='ltr'><strong>decoremiSancta</strong></span> <span class='ocrx_word' id='word_1_57' title='bbox 1886 789 1892 800; x_wconf 91' lang='lat'>&#39;</span> 
     </span>
     <span class='ocr_line' id='line_1_6' title="bbox 262 875 1909 958; baseline -0.005 -20"><span class='ocrx_word' id='word_1_58' title='bbox 262 883 400 940; x_wconf 89' lang='lat' dir='ltr'><strong>inebrians</strong></span> <span class='ocrx_word' id='word_1_59' title='bbox 414 884 514 941; x_wconf 75' lang='lat' dir='ltr'>Christi</span> <span class='ocrx_word' id='word_1_60' title='bbox 529 901 615 945; x_wconf 88' lang='lat' dir='ltr'><strong>amor.</strong></span> <span class='ocrx_word' id='word_1_61' title='bbox 637 885 759 957; x_wconf 91' lang='lat' dir='ltr'><strong>Denique</strong></span> <span class='ocrx_word' id='word_1_62' title='bbox 774 886 846 941; x_wconf 90' lang='lat' dir='ltr'><strong>Dens</strong></span> <span class='ocrx_word' id='word_1_63' title='bbox 863 893 958 942; x_wconf 90' lang='lat' dir='ltr'><strong>noster</strong></span> <span class='ocrx_word' id='word_1_64' title='bbox 985 885 1057 958; x_wconf 77' lang='lat' dir='ltr'><strong>ignis</strong></span> <span class='ocrx_word' id='word_1_65' title='bbox 1111 884 1315 940; x_wconf 79' lang='lat' dir='ltr'><strong>sanctimoniam</strong></span> <span class='ocrx_word' id='word_1_66' title='bbox 1329 899 1383 941; x_wconf 95' lang='lat' dir='ltr'><strong>non</strong></span> <span class='ocrx_word' id='word_1_67' title='bbox 1402 879 1501 953; x_wconf 83' lang='lat' dir='ltr'><strong>amisit,</strong></span> <span class='ocrx_word' id='word_1_68' title='bbox 1516 886 1543 935; x_wconf 84' lang='lat' dir='ltr'><strong>et</strong></span> <span class='ocrx_word' id='word_1_69' title='bbox 1565 877 1717 934; x_wconf 87' lang='lat' dir='ltr'><strong>humilitate</strong></span> <span class='ocrx_word' id='word_1_70' title='bbox 1732 893 1785 931; x_wconf 87' lang='lat' dir='ltr'><strong>nou</strong></span> <span class='ocrx_word' id='word_1_71' title='bbox 1800 875 1887 934; x_wconf 79' lang='lat' dir='ltr'><strong>camis</strong></span> <span class='ocrx_word' id='word_1_72' title='bbox 1902 895 1909 930; x_wconf 94' lang='lat'>:</span> 
     </span>
     <span class='ocr_line' id='line_1_7' title="bbox 261 965 1913 1048; baseline -0.004 -19"><span class='ocrx_word' id='word_1_73' title='bbox 261 987 423 1030; x_wconf 86' lang='lat' dir='ltr'><strong>consumens</strong></span> <span class='ocrx_word' id='word_1_74' title='bbox 436 975 588 1044; x_wconf 70' lang='lat' dir='ltr'><strong>catlDeot.</strong></span> <span class='ocrx_word' id='word_1_75' title='bbox 604 987 644 1042; x_wconf 81' lang='lat' dir='ltr'><strong>rr,</strong></span> <span class='ocrx_word' id='word_1_76' title='bbox 674 973 729 1046; x_wconf 75' lang='lat' dir='ltr'><strong>iil,</strong></span> <span class='ocrx_word' id='word_1_77' title='bbox 758 983 786 1031; x_wconf 91' lang='lat' dir='ltr'><strong>et</strong></span> <span class='ocrx_word' id='word_1_78' title='bbox 810 975 943 1046; x_wconf 90' lang='lat' dir='ltr'><strong>propheta</strong></span> <span class='ocrx_word' id='word_1_79' title='bbox 965 974 1057 1048; x_wconf 78' lang='lat' dir='ltr'><strong>ignem</strong></span> <span class='ocrx_word' id='word_1_80' title='bbox 1111 973 1138 1029; x_wconf 88' lang='lat' dir='ltr'><strong>ei</strong></span> <span class='ocrx_word' id='word_1_81' title='bbox 1160 975 1220 1030; x_wconf 87' lang='lat' dir='ltr'><strong>ideo</strong></span> <span class='ocrx_word' id='word_1_82' title='bbox 1242 971 1396 1044; x_wconf 82' lang='lat' dir='ltr'><strong>concupivit</strong></span> <span class='ocrx_word' id='word_1_83' title='bbox 1422 971 1478 1026; x_wconf 73' lang='lat' dir='ltr'><strong>lies</strong></span> <span class='ocrx_word' id='word_1_84' title='bbox 1498 967 1783 1037; x_wconf 84' lang='lat' dir='ltr'><strong>decoremrjus.qula</strong></span> <span class='ocrx_word' id='word_1_85' title='bbox 1801 965 1913 1021; x_wconf 80' lang='lat' dir='ltr'><strong>humilt-</strong></span> 
     </span>
     <span class='ocr_line' id='line_1_8' title="bbox 263 1055 1910 1137; baseline -0.006 -18"><span class='ocrx_word' id='word_1_86' title='bbox 263 1061 368 1119; x_wconf 88' lang='lat' dir='ltr'><strong>dicehat</strong></span> <span class='ocrx_word' id='word_1_87' title='bbox 381 1061 417 1118; x_wconf 88' lang='lat' dir='ltr'><strong>de</strong></span> <span class='ocrx_word' id='word_1_88' title='bbox 429 1061 536 1120; x_wconf 79' lang='lat' dir='ltr'><strong>excelso</strong></span> <span class='ocrx_word' id='word_1_89' title='bbox 553 1061 663 1118; x_wconf 88' lang='lat' dir='ltr'><strong>missum</strong></span> <span class='ocrx_word' id='word_1_90' title='bbox 678 1061 704 1118; x_wconf 92' lang='lat' dir='ltr'><strong>iu</strong></span> <span class='ocrx_word' id='word_1_91' title='bbox 733 1062 842 1120; x_wconf 87' lang='lat' dir='ltr'><strong>ossibus</strong></span> <span class='ocrx_word' id='word_1_92' title='bbox 867 1064 924 1120; x_wconf 90' lang='lat' dir='ltr'><strong>suis</strong></span> <span class='ocrx_word' id='word_1_93' title='bbox 943 1063 1057 1137; x_wconf 72' lang='lat' dir='ltr'><strong>(rtem.</strong></span> <span class='ocrx_word' id='word_1_94' title='bbox 1112 1071 1196 1121; x_wconf 85' lang='lat' dir='ltr'><strong>tatem</strong></span> <span class='ocrx_word' id='word_1_95' title='bbox 1206 1063 1364 1119; x_wconf 82' lang='lat' dir='ltr'><strong>innocentie</strong></span> <span class='ocrx_word' id='word_1_96' title='bbox 1373 1059 1503 1118; x_wconf 85' lang='lat' dir='ltr'><strong>sociarit:</strong></span> <span class='ocrx_word' id='word_1_97' title='bbox 1516 1057 1632 1129; x_wconf 90' lang='lat' dir='ltr'><strong>deniqne</strong></span> <span class='ocrx_word' id='word_1_98' title='bbox 1643 1057 1802 1128; x_wconf 56' lang='lat' dir='ltr'><strong>:impexis</strong></span> <span class='ocrx_word' id='word_1_99' title='bbox 1813 1055 1910 1126; x_wconf 87' lang='lat' dir='ltr'><strong>iuquit,</strong></span> 
     </span>
     <span class='ocr_line' id='line_1_9' title="bbox 263 1143 1911 1224; baseline -0.003 -17"><span class='ocrx_word' id='word_1_100' title='bbox 263 1165 284 1218; x_wconf 89' lang='lat' dir='ltr'><strong>r,</strong></span> <span class='ocrx_word' id='word_1_101' title='bbox 300 1153 354 1220; x_wconf 75' lang='grc' dir='ltr'>ιι),</span> <span class='ocrx_word' id='word_1_102' title='bbox 372 1165 405 1208; x_wconf 90' lang='lat' dir='ltr'><strong>eo</strong></span> <span class='ocrx_word' id='word_1_103' title='bbox 417 1150 490 1222; x_wconf 93' lang='lat' dir='ltr'><strong>qnod</strong></span> <span class='ocrx_word' id='word_1_104' title='bbox 505 1149 596 1208; x_wconf 86' lang='lat' dir='ltr'><strong>divino</strong></span> <span class='ocrx_word' id='word_1_105' title='bbox 611 1165 704 1208; x_wconf 86' lang='lat' dir='ltr'><strong>amora</strong></span> <span class='ocrx_word' id='word_1_106' title='bbox 722 1150 861 1224; x_wconf 72' lang='lat' dir='ltr'><strong>ilaproret.</strong></span> <span class='ocrx_word' id='word_1_107' title='bbox 883 1153 990 1209; x_wconf 89' lang='lat' dir='ltr'><strong>llahens</strong></span> <span class='ocrx_word' id='word_1_108' title='bbox 1005 1152 1058 1209; x_wconf 89' lang='lat' dir='ltr'><strong>ita-</strong></span> <span class='ocrx_word' id='word_1_109' title='bbox 1114 1151 1309 1210; x_wconf 79' lang='lat' dir='ltr'><strong>humilitatem</strong></span> <span class='ocrx_word' id='word_1_110' title='bbox 1318 1149 1434 1208; x_wconf 67' lang='lat' dir='ltr'><strong>ancittae</strong></span> <span class='ocrx_word' id='word_1_111' title='bbox 1442 1164 1504 1206; x_wconf 79' lang='lat' dir='ltr'><strong>sore</strong></span> <span class='ocrx_word' id='word_1_112' title='bbox 1514 1149 1590 1217; x_wconf 80' lang='lat' dir='ltr'><strong>(Luc.</strong></span> <span class='ocrx_word' id='word_1_113' title='bbox 1601 1161 1622 1216; x_wconf 89' lang='grc' dir='ltr'>ι,</span> <span class='ocrx_word' id='word_1_114' title='bbox 1631 1143 1689 1216; x_wconf 82' lang='lat' dir='ltr'><strong>te).</strong></span> <span class='ocrx_word' id='word_1_115' title='bbox 1699 1145 1772 1218; x_wconf 74' lang='lat' dir='ltr'><strong>lquo</strong></span> <span class='ocrx_word' id='word_1_116' title='bbox 1784 1145 1856 1202; x_wconf 80' lang='lat' dir='ltr'><strong>herti</strong></span> <span class='ocrx_word' id='word_1_117' title='bbox 1866 1145 1911 1216; x_wconf 87' lang='lat' dir='ltr'><strong>qui</strong></span> 
     </span>
     <span class='ocr_line' id='line_1_10' title="bbox 262 1230 1912 1313; baseline -0.007 -16"><span class='ocrx_word' id='word_1_118' title='bbox 262 1255 317 1313; x_wconf 88' lang='lat' dir='ltr'><strong>que</strong></span> <span class='ocrx_word' id='word_1_119' title='bbox 331 1253 366 1296; x_wconf 85' lang='lat' dir='ltr'><strong>ex</strong></span> <span class='ocrx_word' id='word_1_120' title='bbox 378 1239 496 1297; x_wconf 78' lang='lat' dir='ltr'><strong>fraterno</strong></span> <span class='ocrx_word' id='word_1_121' title='bbox 509 1239 599 1296; x_wconf 90' lang='lat' dir='ltr'><strong>oleum</strong></span> <span class='ocrx_word' id='word_1_122' title='bbox 622 1239 847 1311; x_wconf 86' lang='lat' dir='ltr'><strong>mansuetudinis,</strong></span> <span class='ocrx_word' id='word_1_123' title='bbox 876 1249 903 1298; x_wconf 92' lang='lat' dir='ltr'><strong>et</strong></span> <span class='ocrx_word' id='word_1_124' title='bbox 916 1256 949 1298; x_wconf 78' lang='lat' dir='ltr'><strong>aa</strong></span> <span class='ocrx_word' id='word_1_125' title='bbox 969 1241 1059 1299; x_wconf 82' lang='lat' dir='ltr'><strong>divino</strong></span> <span class='ocrx_word' id='word_1_126' title='bbox 1113 1239 1269 1298; x_wconf 88' lang='lat' dir='ltr'><strong>custodiunt</strong></span> <span class='ocrx_word' id='word_1_127' title='bbox 1282 1239 1440 1296; x_wconf 80' lang='lat' dir='ltr'><strong>vestimenta</strong></span> <span class='ocrx_word' id='word_1_128' title='bbox 1465 1235 1639 1303; x_wconf 67' lang='lat' dir='ltr'><strong>scamnalia,</strong></span> <span class='ocrx_word' id='word_1_129' title='bbox 1660 1231 1787 1290; x_wconf 73' lang='lat' dir='ltr'><strong>videlicet</strong></span> <span class='ocrx_word' id='word_1_130' title='bbox 1800 1230 1912 1303; x_wconf 91' lang='lat' dir='ltr'><strong>simpli-</strong></span> 
     </span>
     <span class='ocr_line' id='line_1_11' title="bbox 265 1317 1913 1396; baseline -0.007 -12"><span class='ocrx_word' id='word_1_131' title='bbox 265 1343 356 1385; x_wconf 90' lang='lat' dir='ltr'><strong>amora</strong></span> <span class='ocrx_word' id='word_1_132' title='bbox 371 1328 464 1384; x_wconf 84' lang='lat' dir='ltr'><strong>vinum</strong></span> <span class='ocrx_word' id='word_1_133' title='bbox 491 1327 678 1396; x_wconf 79' lang='lat' dir='ltr'><strong>emulationis,</strong></span> <span class='ocrx_word' id='word_1_134' title='bbox 711 1343 823 1386; x_wconf 88' lang='lat' dir='ltr'><strong>securus</strong></span> <span class='ocrx_word' id='word_1_135' title='bbox 837 1330 937 1386; x_wconf 88' lang='lat' dir='ltr'><strong>accede</strong></span> <span class='ocrx_word' id='word_1_136' title='bbox 955 1331 989 1384; x_wconf 92' lang='lat' dir='ltr'><strong>ad</strong></span> <span class='ocrx_word' id='word_1_137' title='bbox 1017 1345 1059 1386; x_wconf 88' lang='lat' dir='ltr'><strong>sa·</strong></span> <span class='ocrx_word' id='word_1_138' title='bbox 1113 1328 1238 1386; x_wconf 88' lang='lat' dir='ltr'><strong>citatiset</strong></span> <span class='ocrx_word' id='word_1_139' title='bbox 1267 1325 1438 1391; x_wconf 74' lang='lat' dir='ltr'><strong>innocentie,</strong></span> <span class='ocrx_word' id='word_1_140' title='bbox 1454 1324 1476 1380; x_wconf 92' lang='lat' dir='ltr'><strong>si</strong></span> <span class='ocrx_word' id='word_1_141' title='bbox 1494 1333 1582 1380; x_wconf 83' lang='lat' dir='ltr'><strong>temen</strong></span> <span class='ocrx_word' id='word_1_142' title='bbox 1605 1329 1633 1378; x_wconf 90' lang='lat' dir='ltr'><strong>et</strong></span> <span class='ocrx_word' id='word_1_143' title='bbox 1646 1322 1774 1377; x_wconf 87' lang='lat' dir='ltr'><strong>decorem</strong></span> <span class='ocrx_word' id='word_1_144' title='bbox 1797 1317 1913 1375; x_wconf 85' lang='lat' dir='ltr'><strong>induere</strong></span> 
     </span>
     <span class='ocr_line' id='line_1_12' title="bbox 264 1406 1912 1491; baseline -0.007 -17"><span class='ocrx_word' id='word_1_145' title='bbox 264 1417 355 1474; x_wconf 87' lang='lat' dir='ltr'><strong>usnds</strong></span> <span class='ocrx_word' id='word_1_146' title='bbox 371 1417 485 1476; x_wconf 79' lang='lat' dir='ltr'><strong>vulnera</strong></span> <span class='ocrx_word' id='word_1_147' title='bbox 503 1415 575 1473; x_wconf 88' lang='lat' dir='ltr'><strong>illius</strong></span> <span class='ocrx_word' id='word_1_148' title='bbox 589 1415 637 1490; x_wconf 92' lang='lat' dir='ltr'><strong>qui</strong></span> <span class='ocrx_word' id='word_1_149' title='bbox 650 1415 744 1474; x_wconf 78' lang='lat' dir='ltr'><strong>incidit</strong></span> <span class='ocrx_word' id='word_1_150' title='bbox 757 1417 785 1472; x_wconf 91' lang='lat' dir='ltr'><strong>in</strong></span> <span class='ocrx_word' id='word_1_151' title='bbox 800 1416 929 1485; x_wconf 85' lang='lat' dir='ltr'><strong>latrones,</strong></span> <span class='ocrx_word' id='word_1_152' title='bbox 944 1419 1060 1491; x_wconf 86' lang='lat' dir='ltr'><strong>piissimi</strong></span> <span class='ocrx_word' id='word_1_153' title='bbox 1114 1417 1273 1474; x_wconf 87' lang='lat' dir='ltr'><strong>humilitatis</strong></span> <span class='ocrx_word' id='word_1_154' title='bbox 1289 1415 1428 1488; x_wconf 82' lang='lat' dir='ltr'><strong>adjiciant.</strong></span> <span class='ocrx_word' id='word_1_155' title='bbox 1442 1412 1566 1471; x_wconf 75' lang='lat' dir='ltr'><strong>Proiecto</strong></span> <span class='ocrx_word' id='word_1_156' title='bbox 1576 1411 1667 1467; x_wconf 87' lang='lat' dir='ltr'><strong>audiet</strong></span> <span class='ocrx_word' id='word_1_157' title='bbox 1681 1425 1742 1483; x_wconf 87' lang='lat' dir='ltr'><strong>quae</strong></span> <span class='ocrx_word' id='word_1_158' title='bbox 1755 1406 1912 1478; x_wconf 88' lang='lat' dir='ltr'><strong>hujusmodi</strong></span> 
     </span>
     <span class='ocr_line' id='line_1_13' title="bbox 266 1500 1911 1580; baseline 0.002 -17"><span class='ocrx_word' id='word_1_159' title='bbox 266 1505 430 1564; x_wconf 81' lang='lat' dir='ltr'><strong>Samaritani</strong></span> <span class='ocrx_word' id='word_1_160' title='bbox 444 1505 562 1579; x_wconf 85' lang='lat' dir='ltr'><strong>optimus</strong></span> <span class='ocrx_word' id='word_1_161' title='bbox 577 1505 705 1565; x_wconf 87' lang='lat' dir='ltr'><strong>imitator.</strong></span> <span class='ocrx_word' id='word_1_162' title='bbox 722 1505 823 1564; x_wconf 83' lang='lat' dir='ltr'><strong>Securo</strong></span> <span class='ocrx_word' id='word_1_163' title='bbox 842 1521 951 1580; x_wconf 88' lang='lat' dir='ltr'><strong>quoque</strong></span> <span class='ocrx_word' id='word_1_164' title='bbox 978 1506 1061 1563; x_wconf 86' lang='lat' dir='ltr'><strong>dicito</strong></span> <span class='ocrx_word' id='word_1_165' title='bbox 1114 1506 1249 1562; x_wconf 86' lang='lat' dir='ltr'><strong>invenitur</strong></span> <span class='ocrx_word' id='word_1_166' title='bbox 1265 1521 1271 1560; x_wconf 94' lang='lat'>:</span> <span class='ocrx_word' id='word_1_167' title='bbox 1290 1507 1357 1562; x_wconf 81' lang='lat' dir='ltr'><strong>Ecce</strong></span> <span class='ocrx_word' id='word_1_168' title='bbox 1369 1507 1402 1561; x_wconf 83' lang='lat' dir='ltr'><strong>tu</strong></span> <span class='ocrx_word' id='word_1_169' title='bbox 1414 1503 1689 1578; x_wconf 64' lang='lat' dir='ltr'><strong>pontremulum</strong></span> <span class='ocrx_word' id='word_1_170' title='bbox 1707 1513 1781 1566; x_wconf 83' lang='lat' dir='ltr'><strong>mco,</strong></span> <span class='ocrx_word' id='word_1_171' title='bbox 1801 1512 1865 1556; x_wconf 63' lang='grc' dir='ltr'><strong>Μ</strong></span> <span class='ocrx_word' id='word_1_172' title='bbox 1881 1500 1911 1553; x_wconf 67' lang='lat'><strong>‘¹⁸</strong></span> 
     </span>
     <span class='ocr_line' id='line_1_14' title="bbox 267 1585 1913 1670; baseline -0.009 -18"><span class='ocrx_word' id='word_1_173' title='bbox 267 1603 295 1652; x_wconf 89' lang='lat' dir='ltr'><strong>et</strong></span> <span class='ocrx_word' id='word_1_174' title='bbox 303 1604 332 1652; x_wconf 93' lang='lat' dir='ltr'><strong>tu</strong></span> <span class='ocrx_word' id='word_1_175' title='bbox 341 1607 402 1652; x_wconf 90' lang='lat' dir='ltr'><strong>cum</strong></span> <span class='ocrx_word' id='word_1_176' title='bbox 412 1597 624 1668; x_wconf 80' lang='lat' dir='ltr'><strong>aponaa‚llotrcs</strong></span> <span class='ocrx_word' id='word_1_177' title='bbox 635 1595 720 1668; x_wconf 79' lang='lat' dir='ltr'><strong>Cypri</strong></span> <span class='ocrx_word' id='word_1_178' title='bbox 729 1593 851 1655; x_wconf 83' lang='lat' dir='ltr'><strong>dilectos</strong></span> <span class='ocrx_word' id='word_1_179' title='bbox 861 1612 939 1654; x_wconf 74' lang='lat' dir='ltr'><strong>meam</strong></span> <span class='ocrx_word' id='word_1_180' title='bbox 952 1595 1062 1653; x_wconf 76' lang='lat' dir='ltr'><strong>mihtin</strong></span> <span class='ocrx_word' id='word_1_181' title='bbox 1115 1595 1248 1670; x_wconf 81' lang='lat' dir='ltr'><strong>pulchro.</strong></span> <span class='ocrx_word' id='word_1_182' title='bbox 1257 1594 1417 1651; x_wconf 84' lang='lat' dir='ltr'><strong>Utinamral</strong></span> <span class='ocrx_word' id='word_1_183' title='bbox 1429 1591 1511 1648; x_wconf 83' lang='lat' dir='ltr'><strong>semel</strong></span> <span class='ocrx_word' id='word_1_184' title='bbox 1522 1590 1596 1648; x_wconf 85' lang='lat' dir='ltr'><strong>dices</strong></span> <span class='ocrx_word' id='word_1_185' title='bbox 1605 1589 1703 1644; x_wconf 80' lang='lat' dir='ltr'><strong>anime</strong></span> <span class='ocrx_word' id='word_1_186' title='bbox 1709 1601 1786 1653; x_wconf 79' lang='lat' dir='ltr'><strong>mese,</strong></span> <span class='ocrx_word' id='word_1_187' title='bbox 1797 1585 1913 1642; x_wconf 87' lang='lat' dir='ltr'><strong>Domine</strong></span> 
     </span>
     <span class='ocr_line' id='line_1_15' title="bbox 266 1672 1912 1758; baseline -0.008 -16"><span class='ocrx_word' id='word_1_188' title='bbox 266 1685 356 1742; x_wconf 72' lang='lat' dir='ltr'><strong>vineas</strong></span> <span class='ocrx_word' id='word_1_189' title='bbox 365 1683 493 1757; x_wconf 79' lang='lat' dir='ltr'><strong>Dopnddi</strong></span> <span class='ocrx_word' id='word_1_190' title='bbox 506 1701 514 1754; x_wconf 83' lang='lat'><em>3</em></span> <span class='ocrx_word' id='word_1_191' title='bbox 531 1684 583 1741; x_wconf 91' lang='lat' dir='ltr'><strong>hoc</strong></span> <span class='ocrx_word' id='word_1_192' title='bbox 596 1690 644 1752; x_wconf 82' lang='lat' dir='ltr'><strong>eat,</strong></span> <span class='ocrx_word' id='word_1_193' title='bbox 655 1683 734 1741; x_wconf 84' lang='lat' dir='ltr'><strong>Zelna</strong></span> <span class='ocrx_word' id='word_1_194' title='bbox 746 1684 869 1758; x_wconf 76' lang='lat' dir='ltr'><strong>iustitiae,</strong></span> <span class='ocrx_word' id='word_1_195' title='bbox 883 1701 959 1742; x_wconf 87' lang='lat' dir='ltr'><strong>amor</strong></span> <span class='ocrx_word' id='word_1_196' title='bbox 972 1683 1063 1741; x_wconf 91' lang='lat' dir='ltr'><strong>dilecti</strong></span> <span class='ocrx_word' id='word_1_197' title='bbox 1115 1685 1180 1740; x_wconf 86' lang='lat' dir='ltr'><strong>Jesu</strong></span> <span class='ocrx_word' id='word_1_198' title='bbox 1195 1704 1201 1740; x_wconf 93' lang='lat'>:</span> <span class='ocrx_word' id='word_1_199' title='bbox 1230 1686 1296 1741; x_wconf 79' lang='lat' dir='ltr'><strong>Ecce</strong></span> <span class='ocrx_word' id='word_1_200' title='bbox 1306 1687 1338 1740; x_wconf 85' lang='grc' dir='ltr'><strong>ιιι</strong></span> <span class='ocrx_word' id='word_1_201' title='bbox 1347 1681 1469 1756; x_wconf 80' lang='lat' dir='ltr'><strong>pulchro</strong></span> <span class='ocrx_word' id='word_1_202' title='bbox 1483 1696 1523 1737; x_wconf 88' lang='lat' dir='ltr'><strong>ss.</strong></span> <span class='ocrx_word' id='word_1_203' title='bbox 1538 1677 1646 1736; x_wconf 81' lang='lat' dir='ltr'><strong>Utinam</strong></span> <span class='ocrx_word' id='word_1_204' title='bbox 1655 1675 1721 1732; x_wconf 91' lang='lat' dir='ltr'><strong>mihi</strong></span> <span class='ocrx_word' id='word_1_205' title='bbox 1731 1672 1912 1731; x_wconf 79' lang='lat' dir='ltr'><strong>humilitatem</strong></span> 
     </span>
     <span class='ocr_line' id='line_1_16' title="bbox 268 1763 1911 1845; baseline -0.007 -17"><span class='ocrx_word' id='word_1_206' title='bbox 268 1772 324 1829; x_wconf 88' lang='lat' dir='ltr'><strong>mai</strong></span> <span class='ocrx_word' id='word_1_207' title='bbox 337 1772 403 1828; x_wconf 89' lang='lat' dir='ltr'><strong>milri</strong></span> <span class='ocrx_word' id='word_1_208' title='bbox 414 1773 442 1828; x_wconf 87' lang='lat' dir='ltr'><strong>in</strong></span> <span class='ocrx_word' id='word_1_209' title='bbox 456 1771 601 1830; x_wconf 82' lang='lat' dir='ltr'><strong>aflectibus</strong></span> <span class='ocrx_word' id='word_1_210' title='bbox 611 1771 730 1845; x_wconf 86' lang='lat' dir='ltr'><strong>pietatis.</strong></span> <span class='ocrx_word' id='word_1_211' title='bbox 746 1774 827 1830; x_wconf 80' lang='lat' dir='ltr'><strong>liade</strong></span> <span class='ocrx_word' id='word_1_212' title='bbox 840 1775 893 1831; x_wconf 86' lang='lat' dir='ltr'><strong>hoc</strong></span> <span class='ocrx_word' id='word_1_213' title='bbox 907 1773 982 1832; x_wconf 87' lang='lat' dir='ltr'><strong>sutis.</strong></span> <span class='ocrx_word' id='word_1_214' title='bbox 993 1773 1061 1830; x_wconf 83' lang='lat' dir='ltr'><strong>Nem</strong></span> <span class='ocrx_word' id='word_1_215' title='bbox 1115 1771 1267 1828; x_wconf 87' lang='lat' dir='ltr'><strong>custodiasl</strong></span> <span class='ocrx_word' id='word_1_216' title='bbox 1285 1787 1345 1828; x_wconf 83' lang='lat' dir='ltr'><strong>uem</strong></span> <span class='ocrx_word' id='word_1_217' title='bbox 1374 1769 1489 1842; x_wconf 90' lang='lat' dir='ltr'><strong>primam</strong></span> <span class='ocrx_word' id='word_1_218' title='bbox 1516 1773 1616 1826; x_wconf 83' lang='lat' dir='ltr'><strong>restem</strong></span> <span class='ocrx_word' id='word_1_219' title='bbox 1638 1780 1690 1838; x_wconf 79' lang='lat' dir='ltr'><strong>eqo</strong></span> <span class='ocrx_word' id='word_1_220' title='bbox 1709 1763 1782 1820; x_wconf 87' lang='lat' dir='ltr'><strong>male</strong></span> <span class='ocrx_word' id='word_1_221' title='bbox 1797 1763 1911 1821; x_wconf 82' lang='lat' dir='ltr'><strong>serrari.</strong></span> 
     </span>
     <span class='ocr_line' id='line_1_17' title="bbox 266 1850 1912 1936; baseline -0.007 -18"><span class='ocrx_word' id='word_1_222' title='bbox 266 1868 294 1918; x_wconf 93' lang='lat' dir='ltr'><strong>et</strong></span> <span class='ocrx_word' id='word_1_223' title='bbox 306 1859 449 1918; x_wconf 77' lang='lat' dir='ltr'><strong>iufirmitas</strong></span> <span class='ocrx_word' id='word_1_224' title='bbox 467 1875 526 1917; x_wconf 86' lang='lat' dir='ltr'><strong>mea</strong></span> <span class='ocrx_word' id='word_1_225' title='bbox 546 1861 714 1933; x_wconf 89' lang='lat' dir='ltr'><strong>pausandum</strong></span> <span class='ocrx_word' id='word_1_226' title='bbox 729 1861 838 1929; x_wconf 90' lang='lat' dir='ltr'><strong>indicit,</strong></span> <span class='ocrx_word' id='word_1_227' title='bbox 855 1862 925 1919; x_wconf 80' lang='lat' dir='ltr'><strong>siem</strong></span> <span class='ocrx_word' id='word_1_228' title='bbox 938 1871 966 1920; x_wconf 90' lang='lat' dir='ltr'><strong>et</strong></span> <span class='ocrx_word' id='word_1_229' title='bbox 989 1877 1060 1932; x_wconf 83' lang='lat' dir='ltr'><strong>seepe</strong></span> <span class='ocrx_word' id='word_1_230' title='bbox 1078 1857 1100 1936; x_wconf 77' lang='grc' dir='ltr'><strong>Β</strong></span> <span class='ocrx_word' id='word_1_231' title='bbox 1116 1863 1216 1918; x_wconf 82' lang='lat' dir='ltr'><strong>Seruus</strong></span> <span class='ocrx_word' id='word_1_232' title='bbox 1229 1869 1288 1916; x_wconf 88' lang='lat' dir='ltr'><strong>tuna</strong></span> <span class='ocrx_word' id='word_1_233' title='bbox 1302 1876 1364 1916; x_wconf 86' lang='lat' dir='ltr'><strong>euru</strong></span> <span class='ocrx_word' id='word_1_234' title='bbox 1378 1873 1440 1933; x_wconf 78' lang='lat' dir='ltr'><strong>eqo.</strong></span> <span class='ocrx_word' id='word_1_235' title='bbox 1455 1859 1511 1915; x_wconf 89' lang='lat' dir='ltr'><strong>Nec</strong></span> <span class='ocrx_word' id='word_1_236' title='bbox 1520 1857 1592 1914; x_wconf 90' lang='lat' dir='ltr'><strong>enim</strong></span> <span class='ocrx_word' id='word_1_237' title='bbox 1606 1855 1692 1912; x_wconf 87' lang='lat' dir='ltr'><strong>audeo</strong></span> <span class='ocrx_word' id='word_1_238' title='bbox 1707 1850 1827 1925; x_wconf 86' lang='lat' dir='ltr'><strong>profiteri</strong></span> <span class='ocrx_word' id='word_1_239' title='bbox 1841 1851 1912 1907; x_wconf 85' lang='lat' dir='ltr'><strong>ami-</strong></span> 
     </span>
     <span class='ocr_line' id='line_1_18' title="bbox 266 1939 1914 2024; baseline -0.006 -20"><span class='ocrx_word' id='word_1_240' title='bbox 266 1949 349 2022; x_wconf 82' lang='lat' dir='ltr'><strong>iacit3</strong></span> <span class='ocrx_word' id='word_1_241' title='bbox 365 1949 401 2006; x_wconf 88' lang='lat' dir='ltr'><strong>ita</strong></span> <span class='ocrx_word' id='word_1_242' title='bbox 425 1957 455 2006; x_wconf 92' lang='grc' dir='ltr'><strong>ιιι</strong></span> <span class='ocrx_word' id='word_1_243' title='bbox 468 1949 625 2022; x_wconf 85' lang='lat' dir='ltr'><strong>plerumque</strong></span> <span class='ocrx_word' id='word_1_244' title='bbox 639 1965 722 2024; x_wconf 76' lang='lat' dir='ltr'><strong>cogar</strong></span> <span class='ocrx_word' id='word_1_245' title='bbox 739 1949 923 2022; x_wconf 83' lang='lat' dir='ltr'><strong>imperfectas,</strong></span> <span class='ocrx_word' id='word_1_246' title='bbox 951 1958 980 2006; x_wconf 92' lang='lat' dir='ltr'><strong>ut</strong></span> <span class='ocrx_word' id='word_1_247' title='bbox 1008 1949 1061 2021; x_wconf 91' lang='lat' dir='ltr'><strong>ipsi</strong></span> <span class='ocrx_word' id='word_1_248' title='bbox 1116 1967 1188 2022; x_wconf 82' lang='lat' dir='ltr'><strong>cum,</strong></span> <span class='ocrx_word' id='word_1_249' title='bbox 1208 1949 1254 2022; x_wconf 87' lang='lat' dir='ltr'><strong>qni</strong></span> <span class='ocrx_word' id='word_1_250' title='bbox 1269 1948 1452 2006; x_wconf 89' lang='lat' dir='ltr'><strong>testimouium</strong></span> <span class='ocrx_word' id='word_1_251' title='bbox 1466 1945 1572 2004; x_wconf 87' lang='lat' dir='ltr'><strong>decoris</strong></span> <span class='ocrx_word' id='word_1_252' title='bbox 1594 1944 1649 2002; x_wconf 88' lang='lat' dir='ltr'><strong>mei</strong></span> <span class='ocrx_word' id='word_1_253' title='bbox 1663 1957 1726 1999; x_wconf 90' lang='lat' dir='ltr'><strong>oum</strong></span> <span class='ocrx_word' id='word_1_254' title='bbox 1750 1939 1914 2012; x_wconf 78' lang='lat' dir='ltr'><strong>repetitione</strong></span> 
     </span>
     <span class='ocr_line' id='line_1_19' title="bbox 266 2029 1913 2114; baseline -0.006 -20"><span class='ocrx_word' id='word_1_255' title='bbox 266 2039 352 2105; x_wconf 87' lang='lat' dir='ltr'><strong>scitia,</strong></span> <span class='ocrx_word' id='word_1_256' title='bbox 377 2038 532 2110; x_wconf 75' lang='lat' dir='ltr'><strong>relinquero</strong></span> <span class='ocrx_word' id='word_1_257' title='bbox 554 2037 748 2110; x_wconf 70' lang='lat' dir='ltr'><strong>disputationes</strong></span> <span class='ocrx_word' id='word_1_258' title='bbox 771 2039 933 2114; x_wconf 76' lang='lat' dir='ltr'><strong>residuaque</strong></span> <span class='ocrx_word' id='word_1_259' title='bbox 961 2039 1063 2112; x_wconf 89' lang='lat' dir='ltr'><strong>capitu·</strong></span> <span class='ocrx_word' id='word_1_260' title='bbox 1117 2053 1170 2095; x_wconf 88' lang='grc' dir='ltr'>ιιοιι</span> <span class='ocrx_word' id='word_1_261' title='bbox 1186 2039 1278 2095; x_wconf 89' lang='lat' dir='ltr'><strong>audio.</strong></span> <span class='ocrx_word' id='word_1_262' title='bbox 1302 2035 1407 2095; x_wconf 79' lang='lat' dir='ltr'><strong>Sufficit</strong></span> <span class='ocrx_word' id='word_1_263' title='bbox 1420 2033 1489 2090; x_wconf 90' lang='lat' dir='ltr'><strong>mihi</strong></span> <span class='ocrx_word' id='word_1_264' title='bbox 1504 2032 1748 2090; x_wconf 87' lang='lat' dir='ltr'><strong>sisemelaudisur.</strong></span> <span class='ocrx_word' id='word_1_265' title='bbox 1769 2029 1823 2086; x_wconf 86' lang='lat' dir='ltr'><strong>Sed</strong></span> <span class='ocrx_word' id='word_1_266' title='bbox 1838 2029 1913 2098; x_wconf 72' lang='lat' dir='ltr'><strong>qnid</strong></span> 
     </span>
     <span class='ocr_line' id='line_1_20' title="bbox 268 2119 1913 2200; baseline -0.005 -20"><span class='ocrx_word' id='word_1_267' title='bbox 268 2125 355 2184; x_wconf 93' lang='lat' dir='ltr'><strong>lorum</strong></span> <span class='ocrx_word' id='word_1_268' title='bbox 369 2125 399 2181; x_wconf 89' lang='lat' dir='ltr'><strong>in</strong></span> <span class='ocrx_word' id='word_1_269' title='bbox 416 2126 487 2184; x_wconf 88' lang='lat' dir='ltr'><strong>diem</strong></span> <span class='ocrx_word' id='word_1_270' title='bbox 509 2125 625 2184; x_wconf 88' lang='lat' dir='ltr'><strong>alterum</strong></span> <span class='ocrx_word' id='word_1_271' title='bbox 651 2141 799 2186; x_wconf 82' lang='lat' dir='ltr'><strong>reservare.</strong></span> <span class='ocrx_word' id='word_1_272' title='bbox 819 2127 872 2183; x_wconf 88' lang='lat' dir='ltr'><strong>Sed</strong></span> <span class='ocrx_word' id='word_1_273' title='bbox 897 2127 961 2200; x_wconf 89' lang='lat' dir='ltr'><strong>quid</strong></span> <span class='ocrx_word' id='word_1_274' title='bbox 975 2129 991 2183; x_wconf 81' lang='lat' dir='ltr'><strong>i</strong></span> <span class='ocrx_word' id='word_1_275' title='bbox 1006 2129 1064 2200; x_wconf 73' lang='lat' dir='ltr'><strong>ligo</strong></span> <span class='ocrx_word' id='word_1_276' title='bbox 1118 2127 1141 2182; x_wconf 91' lang='lat' dir='ltr'><strong>si</strong></span> <span class='ocrx_word' id='word_1_277' title='bbox 1156 2136 1183 2184; x_wconf 89' lang='lat' dir='ltr'><strong>et</strong></span> <span class='ocrx_word' id='word_1_278' title='bbox 1199 2127 1288 2184; x_wconf 90' lang='lat' dir='ltr'><strong>lrocin</strong></span> <span class='ocrx_word' id='word_1_279' title='bbox 1304 2123 1527 2196; x_wconf 73' lang='lat' dir='ltr'><strong>questionesiti</strong></span> <span class='ocrx_word' id='word_1_280' title='bbox 1541 2121 1603 2180; x_wconf 90' lang='lat' dir='ltr'><strong>Scio</strong></span> <span class='ocrx_word' id='word_1_281' title='bbox 1617 2121 1682 2196; x_wconf 93' lang='lat' dir='ltr'><strong>quid</strong></span> <span class='ocrx_word' id='word_1_282' title='bbox 1696 2119 1792 2176; x_wconf 82' lang='lat' dir='ltr'><strong>faciam</strong></span> <span class='ocrx_word' id='word_1_283' title='bbox 1809 2135 1815 2176; x_wconf 94' lang='lat'><strong>:</strong></span> <span class='ocrx_word' id='word_1_284' title='bbox 1833 2133 1913 2174; x_wconf 62' lang='lat' dir='ltr'><strong>senc</strong></span> 
     </span>
     <span class='ocr_line' id='line_1_21' title="bbox 268 2207 1914 2290; baseline -0.007 -18"><span class='ocrx_word' id='word_1_285' title='bbox 268 2214 610 2290; x_wconf 74' lang='lat' dir='ltr'><strong>iuilaqollaparstussnm</strong></span> <span class='ocrx_word' id='word_1_286' title='bbox 625 2215 708 2286; x_wconf 79' lang='lat' dir='ltr'><strong>(Paul.</strong></span> <span class='ocrx_word' id='word_1_287' title='bbox 723 2217 895 2288; x_wconf 79' lang='lat' dir='ltr'><strong>xxxru,18l‚</strong></span> <span class='ocrx_word' id='word_1_288' title='bbox 911 2217 1001 2274; x_wconf 81' lang='lat' dir='ltr'><strong>aciem</strong></span> <span class='ocrx_word' id='word_1_289' title='bbox 1019 2233 1065 2272; x_wconf 89' lang='lat' dir='ltr'><strong>me</strong></span> <span class='ocrx_word' id='word_1_290' title='bbox 1120 2217 1199 2273; x_wconf 83' lang='lat' dir='ltr'><strong>rabor</strong></span> <span class='ocrx_word' id='word_1_291' title='bbox 1213 2215 1323 2271; x_wconf 90' lang='lat' dir='ltr'><strong>amicam</strong></span> <span class='ocrx_word' id='word_1_292' title='bbox 1356 2229 1463 2280; x_wconf 78' lang='lat' dir='ltr'><strong>servus,</strong></span> <span class='ocrx_word' id='word_1_293' title='bbox 1495 2210 1660 2268; x_wconf 84' lang='lat' dir='ltr'><strong>cumulatum</strong></span> <span class='ocrx_word' id='word_1_294' title='bbox 1685 2209 1712 2264; x_wconf 91' lang='lat' dir='ltr'><strong>in</strong></span> <span class='ocrx_word' id='word_1_295' title='bbox 1733 2223 1766 2263; x_wconf 88' lang='lat' dir='ltr'><strong>ea</strong></span> <span class='ocrx_word' id='word_1_296' title='bbox 1787 2207 1914 2262; x_wconf 87' lang='lat' dir='ltr'><strong>decorem</strong></span> 
     </span>
     <span class='ocr_line' id='line_1_22' title="bbox 268 2297 1915 2378; baseline -0.005 -18"><span class='ocrx_word' id='word_1_297' title='bbox 268 2303 356 2360; x_wconf 86' lang='lat' dir='ltr'><strong>adhuc</strong></span> <span class='ocrx_word' id='word_1_298' title='bbox 369 2303 490 2376; x_wconf 88' lang='lat' dir='ltr'><strong>recipcre</strong></span> <span class='ocrx_word' id='word_1_299' title='bbox 503 2304 585 2378; x_wconf 72' lang='lat' dir='ltr'><strong>louge</strong></span> <span class='ocrx_word' id='word_1_300' title='bbox 596 2303 709 2376; x_wconf 90' lang='lat' dir='ltr'><strong>imparia</strong></span> <span class='ocrx_word' id='word_1_301' title='bbox 723 2305 837 2362; x_wconf 89' lang='lat' dir='ltr'><strong>meritis.</strong></span> <span class='ocrx_word' id='word_1_302' title='bbox 844 2304 977 2377; x_wconf 79' lang='lat' dir='ltr'><strong>vapulem</strong></span> <span class='ocrx_word' id='word_1_303' title='bbox 991 2323 1064 2376; x_wconf 88' lang='lat' dir='ltr'><strong>sane,</strong></span> <span class='ocrx_word' id='word_1_304' title='bbox 1119 2303 1249 2361; x_wconf 81' lang='lat' dir='ltr'><strong>deformis</strong></span> <span class='ocrx_word' id='word_1_305' title='bbox 1259 2303 1441 2360; x_wconf 87' lang='lat' dir='ltr'><strong>homunculus</strong></span> <span class='ocrx_word' id='word_1_306' title='bbox 1451 2299 1621 2369; x_wconf 75' lang='lat' dir='ltr'><strong>admirabor3</strong></span> <span class='ocrx_word' id='word_1_307' title='bbox 1635 2297 1805 2374; x_wconf 73' lang='lat' dir='ltr'><strong>qaudehosd</strong></span> <span class='ocrx_word' id='word_1_308' title='bbox 1820 2309 1915 2352; x_wconf 82' lang='lat' dir='ltr'><strong>rocem</strong></span> 
     </span>
     <span class='ocr_line' id='line_1_23' title="bbox 268 2384 1916 2465; baseline -0.007 -16"><span class='ocrx_word' id='word_1_309' title='bbox 268 2392 393 2464; x_wconf 78' lang='lat' dir='ltr'><strong>vapulem</strong></span> <span class='ocrx_word' id='word_1_310' title='bbox 408 2400 438 2448; x_wconf 91' lang='lat' dir='ltr'><strong>nt</strong></span> <span class='ocrx_word' id='word_1_311' title='bbox 457 2393 665 2464; x_wconf 88' lang='lat' dir='ltr'><strong>maleoperana,</strong></span> <span class='ocrx_word' id='word_1_312' title='bbox 681 2392 786 2450; x_wconf 83' lang='lat' dir='ltr'><strong>aiiorto</strong></span> <span class='ocrx_word' id='word_1_313' title='bbox 800 2395 913 2451; x_wconf 87' lang='lat' dir='ltr'><strong>verbera</strong></span> <span class='ocrx_word' id='word_1_314' title='bbox 929 2394 955 2450; x_wconf 89' lang='lat' dir='ltr'><strong>iu</strong></span> <span class='ocrx_word' id='word_1_315' title='bbox 971 2395 1067 2450; x_wconf 84' lang='lat' dir='ltr'><strong>merito</strong></span> <span class='ocrx_word' id='word_1_316' title='bbox 1119 2391 1222 2465; x_wconf 88' lang='lat' dir='ltr'><strong>sponsi,</strong></span> <span class='ocrx_word' id='word_1_317' title='bbox 1256 2399 1355 2448; x_wconf 75' lang='lat' dir='ltr'><strong>mutam</strong></span> <span class='ocrx_word' id='word_1_318' title='bbox 1385 2389 1562 2447; x_wconf 90' lang='lat' dir='ltr'><strong>nihilomiuus</strong></span> <span class='ocrx_word' id='word_1_319' title='bbox 1584 2385 1813 2461; x_wconf 89' lang='lat' dir='ltr'><strong>pulchritudinem</strong></span> <span class='ocrx_word' id='word_1_320' title='bbox 1828 2384 1916 2441; x_wconf 84' lang='lat' dir='ltr'><strong>sdmi·</strong></span> 
     </span>
     <span class='ocr_line' id='line_1_24' title="bbox 270 2474 1915 2556; baseline -0.007 -18"><span class='ocrx_word' id='word_1_321' title='bbox 270 2489 426 2552; x_wconf 84' lang='lat' dir='ltr'><strong>reputantur</strong></span> <span class='ocrx_word' id='word_1_322' title='bbox 442 2499 451 2538; x_wconf 81' lang='grc' dir='ltr'>ι</span> <span class='ocrx_word' id='word_1_323' title='bbox 466 2479 589 2538; x_wconf 83' lang='lat' dir='ltr'><strong>fortassis</strong></span> <span class='ocrx_word' id='word_1_324' title='bbox 598 2481 769 2538; x_wconf 78' lang='lat' dir='ltr'><strong>miserebitur</strong></span> <span class='ocrx_word' id='word_1_325' title='bbox 788 2481 936 2555; x_wconf 74' lang='lat' dir='ltr'><strong>flagellato,</strong></span> <span class='ocrx_word' id='word_1_326' title='bbox 952 2484 999 2556; x_wconf 93' lang='lat' dir='ltr'><strong>qui</strong></span> <span class='ocrx_word' id='word_1_327' title='bbox 1020 2484 1066 2539; x_wconf 85' lang='lat' dir='ltr'><strong>ho</strong></span> <span class='ocrx_word' id='word_1_328' title='bbox 1120 2482 1212 2539; x_wconf 88' lang='lat' dir='ltr'><strong>rantis.</strong></span> <span class='ocrx_word' id='word_1_329' title='bbox 1228 2481 1296 2549; x_wconf 85' lang='lat' dir='ltr'><strong>Quis</strong></span> <span class='ocrx_word' id='word_1_330' title='bbox 1310 2479 1371 2550; x_wconf 81' lang='lat' dir='ltr'><strong>scit,</strong></span> <span class='ocrx_word' id='word_1_331' title='bbox 1394 2479 1417 2535; x_wconf 88' lang='lat' dir='ltr'><strong>si</strong></span> <span class='ocrx_word' id='word_1_332' title='bbox 1442 2481 1536 2536; x_wconf 87' lang='lat' dir='ltr'><strong>saltem</strong></span> <span class='ocrx_word' id='word_1_333' title='bbox 1559 2494 1593 2534; x_wconf 85' lang='lat' dir='ltr'><strong>ex</strong></span> <span class='ocrx_word' id='word_1_334' title='bbox 1608 2478 1661 2534; x_wconf 92' lang='lat' dir='ltr'><strong>hoc</strong></span> <span class='ocrx_word' id='word_1_335' title='bbox 1687 2475 1852 2533; x_wconf 81' lang='lat' dir='ltr'><strong>inventurus</strong></span> <span class='ocrx_word' id='word_1_336' title='bbox 1866 2474 1915 2528; x_wconf 88' lang='lat' dir='ltr'><strong>sim</strong></span> 
     </span>
     <span class='ocr_line' id='line_1_25' title="bbox 271 2563 1915 2646; baseline -0.005 -21"><span class='ocrx_word' id='word_1_337' title='bbox 271 2585 335 2628; x_wconf 92' lang='lat' dir='ltr'><strong>num</strong></span> <span class='ocrx_word' id='word_1_338' title='bbox 350 2569 436 2626; x_wconf 88' lang='lat' dir='ltr'><strong>inme</strong></span> <span class='ocrx_word' id='word_1_339' title='bbox 450 2583 505 2626; x_wconf 92' lang='lat' dir='ltr'><strong>non</strong></span> <span class='ocrx_word' id='word_1_340' title='bbox 538 2570 641 2628; x_wconf 86' lang='lat' dir='ltr'><strong>invenit</strong></span> <span class='ocrx_word' id='word_1_341' title='bbox 664 2571 738 2644; x_wconf 90' lang='lat' dir='ltr'><strong>quod</strong></span> <span class='ocrx_word' id='word_1_342' title='bbox 766 2581 934 2644; x_wconf 86' lang='lat' dir='ltr'><strong>remuneret,</strong></span> <span class='ocrx_word' id='word_1_343' title='bbox 949 2588 1066 2644; x_wconf 87' lang='lat' dir='ltr'><strong>sponsus</strong></span> <span class='ocrx_word' id='word_1_344' title='bbox 1120 2571 1232 2646; x_wconf 76' lang='lat' dir='ltr'><strong>gratiam</strong></span> <span class='ocrx_word' id='word_1_345' title='bbox 1247 2571 1274 2626; x_wconf 90' lang='lat' dir='ltr'><strong>iu</strong></span> <span class='ocrx_word' id='word_1_346' title='bbox 1293 2569 1492 2635; x_wconf 81' lang='lat' dir='ltr'><strong>oculisamioae‚</strong></span> <span class='ocrx_word' id='word_1_347' title='bbox 1508 2579 1536 2624; x_wconf 94' lang='lat' dir='ltr'><strong>ut</strong></span> <span class='ocrx_word' id='word_1_348' title='bbox 1553 2567 1639 2639; x_wconf 77' lang='lat' dir='ltr'><strong>gratia</strong></span> <span class='ocrx_word' id='word_1_349' title='bbox 1653 2563 1740 2636; x_wconf 89' lang='lat' dir='ltr'><strong>ipsius</strong></span> <span class='ocrx_word' id='word_1_350' title='bbox 1758 2563 1860 2636; x_wconf 91' lang='lat' dir='ltr'><strong>etipse</strong></span> <span class='ocrx_word' id='word_1_351' title='bbox 1875 2563 1915 2616; x_wconf 89' lang='lat' dir='ltr'><strong>in-</strong></span> 
     </span>
     <span class='ocr_line' id='line_1_26' title="bbox 272 2653 1917 2733; baseline -0.007 -17"><span class='ocrx_word' id='word_1_352' title='bbox 272 2657 401 2716; x_wconf 80' lang='lat' dir='ltr'><strong>lioclesiae</strong></span> <span class='ocrx_word' id='word_1_353' title='bbox 423 2659 504 2717; x_wconf 81' lang='lat' dir='ltr'><strong>team</strong></span> <span class='ocrx_word' id='word_1_354' title='bbox 524 2657 648 2716; x_wconf 87' lang='lat' dir='ltr'><strong>Christus</strong></span> <span class='ocrx_word' id='word_1_355' title='bbox 682 2659 814 2717; x_wconf 84' lang='lat' dir='ltr'><strong>Dominus</strong></span> <span class='ocrx_word' id='word_1_356' title='bbox 840 2671 949 2731; x_wconf 91' lang='lat' dir='ltr'><strong>noster,</strong></span> <span class='ocrx_word' id='word_1_357' title='bbox 965 2660 1012 2733; x_wconf 95' lang='lat' dir='ltr'><strong>qui</strong></span> <span class='ocrx_word' id='word_1_358' title='bbox 1025 2669 1067 2717; x_wconf 87' lang='lat' dir='ltr'><strong>eat</strong></span> <span class='ocrx_word' id='word_1_359' title='bbox 1120 2659 1289 2718; x_wconf 83' lang='lat' dir='ltr'><strong>reciariuter</strong></span> <span class='ocrx_word' id='word_1_360' title='bbox 1304 2657 1431 2716; x_wconf 70' lang='lat' dir='ltr'><strong>amicos?</strong></span> <span class='ocrx_word' id='word_1_361' title='bbox 1451 2657 1572 2729; x_wconf 87' lang='lat' dir='ltr'><strong>Denique</strong></span> <span class='ocrx_word' id='word_1_362' title='bbox 1586 2653 1793 2725; x_wconf 89' lang='lat' dir='ltr'><strong>amicusspousi</strong></span> <span class='ocrx_word' id='word_1_363' title='bbox 1810 2661 1873 2716; x_wconf 89' lang='lat' dir='ltr'><strong>stat,</strong></span> <span class='ocrx_word' id='word_1_364' title='bbox 1889 2657 1917 2706; x_wconf 85' lang='lat' dir='ltr'><strong>et</strong></span> 
     </span>
     <span class='ocr_line' id='line_1_27' title="bbox 271 2739 1915 2821; baseline -0.007 -19"><span class='ocrx_word' id='word_1_365' title='bbox 271 2747 457 2819; x_wconf 88' lang='lat' dir='ltr'><strong>superomnia</strong></span> <span class='ocrx_word' id='word_1_366' title='bbox 472 2747 546 2805; x_wconf 86' lang='lat' dir='ltr'><strong>Deus</strong></span> <span class='ocrx_word' id='word_1_367' title='bbox 560 2747 719 2806; x_wconf 86' lang='lat' dir='ltr'><strong>benedictus</strong></span> <span class='ocrx_word' id='word_1_368' title='bbox 733 2748 761 2805; x_wconf 92' lang='lat' dir='ltr'><strong>in</strong></span> <span class='ocrx_word' id='word_1_369' title='bbox 772 2749 882 2806; x_wconf 77' lang='lat' dir='ltr'><strong>aeonis.</strong></span> <span class='ocrx_word' id='word_1_370' title='bbox 896 2749 995 2806; x_wconf 77' lang='lat' dir='ltr'><strong>Amen.</strong></span> <span class='ocrx_word' id='word_1_371' title='bbox 1119 2747 1220 2821; x_wconf 77' lang='lat' dir='ltr'><strong>gaudio</strong></span> <span class='ocrx_word' id='word_1_372' title='bbox 1239 2747 1338 2820; x_wconf 75' lang='lat' dir='ltr'><strong>qaudet</strong></span> <span class='ocrx_word' id='word_1_373' title='bbox 1352 2754 1463 2819; x_wconf 87' lang='lat' dir='ltr'><strong>propter</strong></span> <span class='ocrx_word' id='word_1_374' title='bbox 1471 2759 1565 2802; x_wconf 87' lang='lat' dir='ltr'><strong>vocem</strong></span> <span class='ocrx_word' id='word_1_375' title='bbox 1580 2741 1683 2814; x_wconf 88' lang='lat' dir='ltr'><strong>spousi.</strong></span> <span class='ocrx_word' id='word_1_376' title='bbox 1694 2743 1736 2800; x_wconf 83' lang='lat' dir='ltr'><strong>Bu</strong></span> <span class='ocrx_word' id='word_1_377' title='bbox 1750 2756 1804 2797; x_wconf 83' lang='lat' dir='ltr'><strong>vox</strong></span> <span class='ocrx_word' id='word_1_378' title='bbox 1818 2739 1879 2809; x_wconf 83' lang='lat' dir='ltr'><strong>ejus</strong></span> <span class='ocrx_word' id='word_1_379' title='bbox 1889 2739 1915 2793; x_wconf 88' lang='lat' dir='ltr'><strong>in</strong></span> 
     </span>
     <span class='ocr_line' id='line_1_28' title="bbox 554 2829 1916 2912; baseline -0.005 -20"><span class='ocrx_word' id='word_1_380' title='bbox 554 2851 673 2912; x_wconf 65' lang='lat' dir='ltr'>5311qu</span> <span class='ocrx_word' id='word_1_381' title='bbox 686 2855 770 2912; x_wconf 62' lang='lat' dir='ltr'><strong>xpp,</strong></span> <span class='ocrx_word' id='word_1_382' title='bbox 1120 2837 1233 2894; x_wconf 77' lang='lat' dir='ltr'><strong>sumbus</strong></span> <span class='ocrx_word' id='word_1_383' title='bbox 1251 2837 1378 2892; x_wconf 76' lang='lat' dir='ltr'><strong>dilecte:</strong></span> <span class='ocrx_word' id='word_1_384' title='bbox 1403 2835 1545 2892; x_wconf 82' lang='lat' dir='ltr'><strong>audiemus</strong></span> <span class='ocrx_word' id='word_1_385' title='bbox 1570 2839 1597 2888; x_wconf 92' lang='lat' dir='ltr'><strong>et</strong></span> <span class='ocrx_word' id='word_1_386' title='bbox 1615 2835 1788 2904; x_wconf 71' lang='lat' dir='ltr'><strong>gaudeamus.</strong></span> <span class='ocrx_word' id='word_1_387' title='bbox 1811 2829 1916 2885; x_wconf 81' lang='lat' dir='ltr'><strong>adauct</strong></span> 
     </span>
     <span class='ocr_line' id='line_1_29' title="bbox 272 2918 1916 3037; baseline -0.001 -20"><span class='ocrx_word' id='word_1_388' title='bbox 272 2961 312 3017; x_wconf 82' lang='lat' dir='ltr'><strong>De</strong></span> <span class='ocrx_word' id='word_1_389' title='bbox 325 2959 787 3036; x_wconf 72' lang='lat' dir='ltr'><strong>duplicipolcltriiodineorsimoe5</strong></span> <span class='ocrx_word' id='word_1_390' title='bbox 801 2964 1067 3037; x_wconf 80' lang='lat' dir='ltr'><strong>etqualiterortimo</strong></span> <span class='ocrx_word' id='word_1_391' title='bbox 1120 2925 1183 3028; x_wconf 51' lang='lat' dir='ltr'><em>Q</em></span> <span class='ocrx_word' id='word_1_392' title='bbox 1205 2925 1353 2998; x_wconf 63' lang='lat' dir='ltr'><strong>¹⁰q¹¹¹¹⁰²m</strong></span> <span class='ocrx_word' id='word_1_393' title='bbox 1375 2923 1495 3026; x_wconf 41' lang='lat' dir='ltr'><strong>pamm</strong></span> <span class='ocrx_word' id='word_1_394' title='bbox 1523 2929 1626 3024; x_wconf 54' lang='lat' dir='ltr'><strong>mn</strong></span> <span class='ocrx_word' id='word_1_395' title='bbox 1653 2918 1735 2976; x_wconf 55' lang='lat' dir='ltr'><strong>mal</strong></span> <span class='ocrx_word' id='word_1_396' title='bbox 1750 2935 1756 2973; x_wconf 70' lang='lat'>²</span> <span class='ocrx_word' id='word_1_397' title='bbox 1772 2918 1845 3016; x_wconf 48' lang='grc' dir='ltr'><strong>ω’</strong></span> <span class='ocrx_word' id='word_1_398' title='bbox 1867 2929 1916 2972; x_wconf 80' lang='lat'>¹¹⁰⁸</span> 
     </span>
     <span class='ocr_line' id='line_1_30' title="bbox 309 3005 1916 3104; baseline -0.01 -30"><span class='ocrx_word' id='word_1_399' title='bbox 309 3032 482 3104; x_wconf 63' lang='lat' dir='ltr'><strong>toquituraq</strong></span> <span class='ocrx_word' id='word_1_400' title='bbox 492 3033 689 3100; x_wconf 48' lang='lat' dir='ltr'><strong>offiyerpum,</strong></span> <span class='ocrx_word' id='word_1_401' title='bbox 700 3037 728 3091; x_wconf 62' lang='lat' dir='ltr'><strong>pp</strong></span> <span class='ocrx_word' id='word_1_402' title='bbox 738 3033 863 3104; x_wconf 48' lang='lat' dir='ltr'><strong>pappum,</strong></span> <span class='ocrx_word' id='word_1_403' title='bbox 874 3034 1068 3090; x_wconf 80' lang='lat' dir='ltr'><strong>odonimom:</strong></span> <span class='ocrx_word' id='word_1_404' title='bbox 1121 3017 1184 3072; x_wconf 90' lang='lat' dir='ltr'><strong>hurc</strong></span> <span class='ocrx_word' id='word_1_405' title='bbox 1194 3015 1327 3070; x_wconf 89' lang='lat' dir='ltr'><strong>subducat</strong></span> <span class='ocrx_word' id='word_1_406' title='bbox 1336 3012 1472 3086; x_wconf 81' lang='lat' dir='ltr'><strong>colloquio</strong></span> <span class='ocrx_word' id='word_1_407' title='bbox 1487 3012 1589 3078; x_wconf 80' lang='lat' dir='ltr'><strong>saecnlr,</strong></span> <span class='ocrx_word' id='word_1_408' title='bbox 1609 3023 1682 3078; x_wconf 79' lang='lat' dir='ltr'><strong>curu,</strong></span> <span class='ocrx_word' id='word_1_409' title='bbox 1702 3007 1776 3064; x_wconf 85' lang='lat' dir='ltr'><strong>nulls</strong></span> <span class='ocrx_word' id='word_1_410' title='bbox 1790 3005 1916 3062; x_wconf 86' lang='lat' dir='ltr'><strong>rllecehra</strong></span> 
     </span>
     <span class='ocr_line' id='line_1_31' title="bbox 308 3103 1257 3177; baseline 0 -19"><span class='ocrx_word' id='word_1_411' title='bbox 308 3107 337 3158; x_wconf 84' lang='lat' dir='ltr'><strong>et</strong></span> <span class='ocrx_word' id='word_1_412' title='bbox 351 3117 415 3176; x_wconf 79' lang='lat' dir='ltr'><strong>qoae</strong></span> <span class='ocrx_word' id='word_1_413' title='bbox 428 3105 486 3160; x_wconf 81' lang='lat' dir='ltr'><strong>sint</strong></span> <span class='ocrx_word' id='word_1_414' title='bbox 501 3118 598 3162; x_wconf 79' lang='lat' dir='ltr'><strong>eorum</strong></span> <span class='ocrx_word' id='word_1_415' title='bbox 614 3105 728 3177; x_wconf 73' lang='lat' dir='ltr'><strong>linquo.</strong></span> <span class='ocrx_word' id='word_1_416' title='bbox 1123 3103 1257 3173; x_wconf 87' lang='lat' dir='ltr'><strong>corporis.</strong></span> 
     </span>
    </p>
   </div>
   <div class='ocr_carea' id='block_1_3' title="bbox 249 3161 1922 3794">
    <p class='ocr_par' dir='ltr' id='par_1_3' title="bbox 308 3161 1914 3266">
     <span class='ocr_line' id='line_1_32' title="bbox 308 3161 1914 3266; baseline -0.005 -19"><span class='ocrx_word' id='word_1_417' title='bbox 308 3192 406 3250; x_wconf 80' lang='lat' dir='ltr'><strong>l.Eoce</strong></span> <span class='ocrx_word' id='word_1_418' title='bbox 415 3190 576 3266; x_wconf 81' lang='lat' dir='ltr'><strong>topololsro</strong></span> <span class='ocrx_word' id='word_1_419' title='bbox 590 3207 627 3260; x_wconf 86' lang='lat' dir='ltr'><strong>es,</strong></span> <span class='ocrx_word' id='word_1_420' title='bbox 638 3193 808 3258; x_wconf 80' lang='lat' dir='ltr'><strong>nmiccmso,</strong></span> <span class='ocrx_word' id='word_1_421' title='bbox 817 3196 919 3250; x_wconf 77' lang='lat' dir='ltr'><strong>erecto</strong></span> <span class='ocrx_word' id='word_1_422' title='bbox 928 3191 1047 3264; x_wconf 80' lang='lat' dir='ltr'><strong>pulchro</strong></span> <span class='ocrx_word' id='word_1_423' title='bbox 1059 3214 1069 3261; x_wconf 89' lang='lat'><strong>,·</strong></span> <span class='ocrx_word' id='word_1_424' title='bbox 1083 3161 1106 3240; x_wconf 61' lang='grc' dir='ltr'>ὓ</span> <span class='ocrx_word' id='word_1_425' title='bbox 1155 3195 1265 3258; x_wconf 62' lang='lat' dir='ltr'><strong>thece,</strong></span> <span class='ocrx_word' id='word_1_426' title='bbox 1277 3191 1371 3263; x_wconf 86' lang='lat' dir='ltr'><strong>inquit,</strong></span> <span class='ocrx_word' id='word_1_427' title='bbox 1386 3197 1416 3248; x_wconf 86' lang='lat' dir='ltr'><strong>to</strong></span> <span class='ocrx_word' id='word_1_428' title='bbox 1426 3190 1547 3264; x_wconf 83' lang='lat' dir='ltr'><strong>pulchro</strong></span> <span class='ocrx_word' id='word_1_429' title='bbox 1562 3203 1600 3258; x_wconf 87' lang='lat' dir='ltr'><strong>es,</strong></span> <span class='ocrx_word' id='word_1_430' title='bbox 1616 3189 1710 3246; x_wconf 85' lang='lat' dir='ltr'><strong>amico</strong></span> <span class='ocrx_word' id='word_1_431' title='bbox 1722 3201 1797 3250; x_wconf 84' lang='lat' dir='ltr'><strong>meu,</strong></span> <span class='ocrx_word' id='word_1_432' title='bbox 1808 3199 1871 3242; x_wconf 85' lang='lat' dir='ltr'><strong>ecce</strong></span> <span class='ocrx_word' id='word_1_433' title='bbox 1885 3187 1914 3239; x_wconf 89' lang='grc' dir='ltr'><strong>ιιι</strong></span> 
     </span>
    </p>

    <p class='ocr_par' dir='ltr' id='par_1_4' title="bbox 249 3271 1919 3443">
     <span class='ocr_line' id='line_1_33' title="bbox 249 3271 1917 3358; baseline -0.01 -18"><span class='ocrx_word' id='word_1_434' title='bbox 249 3301 256 3315; x_wconf 91' lang='grc'><em>·</em></span> <span class='ocrx_word' id='word_1_435' title='bbox 272 3279 398 3340; x_wconf 70' lang='lat' dir='ltr'><strong>oculitus·</strong></span> <span class='ocrx_word' id='word_1_436' title='bbox 406 3281 729 3350; x_wconf 65' lang='lat' dir='ltr'><strong>columborumfflcrrllc.</strong></span> <span class='ocrx_word' id='word_1_437' title='bbox 738 3279 1066 3353; x_wconf 78' lang='lat' dir='ltr'><strong>r,lil.l‘ulchre‚optime,</strong></span> <span class='ocrx_word' id='word_1_438' title='bbox 1118 3281 1249 3358; x_wconf 83' lang='lat' dir='ltr'><strong>pulchro.</strong></span> <span class='ocrx_word' id='word_1_439' title='bbox 1262 3283 1329 3337; x_wconf 80' lang='lat' dir='ltr'><strong>Ecce</strong></span> <span class='ocrx_word' id='word_1_440' title='bbox 1343 3276 1527 3336; x_wconf 83' lang='lat' dir='ltr'><strong>admirationis</strong></span> <span class='ocrx_word' id='word_1_441' title='bbox 1538 3293 1590 3336; x_wconf 83' lang='lat' dir='ltr'><strong>vox</strong></span> <span class='ocrx_word' id='word_1_442' title='bbox 1605 3284 1655 3347; x_wconf 85' lang='lat' dir='ltr'><strong>cst,</strong></span> <span class='ocrx_word' id='word_1_443' title='bbox 1668 3275 1806 3346; x_wconf 89' lang='lat' dir='ltr'><strong>reliquum</strong></span> <span class='ocrx_word' id='word_1_444' title='bbox 1821 3271 1917 3328; x_wconf 88' lang='lat' dir='ltr'><strong>landis.</strong></span> 
     </span>
     <span class='ocr_line' id='line_1_34' title="bbox 271 3361 1919 3443; baseline -0.007 -16"><span class='ocrx_word' id='word_1_445' title='bbox 271 3383 417 3437; x_wconf 86' lang='lat' dir='ltr'><strong>examore,</strong></span> <span class='ocrx_word' id='word_1_446' title='bbox 437 3383 544 3441; x_wconf 78' lang='lat' dir='ltr'><strong>sponsae</strong></span> <span class='ocrx_word' id='word_1_447' title='bbox 557 3369 749 3440; x_wconf 80' lang='lat' dir='ltr'><strong>presumpsio;</strong></span> <span class='ocrx_word' id='word_1_448' title='bbox 770 3383 918 3439; x_wconf 78' lang='lat' dir='ltr'><strong>examore,</strong></span> <span class='ocrx_word' id='word_1_449' title='bbox 935 3367 1063 3443; x_wconf 72' lang='lat' dir='ltr'><strong>indigua-</strong></span> <span class='ocrx_word' id='word_1_450' title='bbox 1121 3371 1214 3426; x_wconf 86' lang='lat' dir='ltr'><strong>llerito</strong></span> <span class='ocrx_word' id='word_1_451' title='bbox 1227 3366 1397 3435; x_wconf 86' lang='lat' dir='ltr'><strong>admiranda,</strong></span> <span class='ocrx_word' id='word_1_452' title='bbox 1417 3367 1460 3427; x_wconf 86' lang='lat' dir='ltr'><strong>cui</strong></span> <span class='ocrx_word' id='word_1_453' title='bbox 1474 3367 1603 3426; x_wconf 78' lang='lat' dir='ltr'><strong>moedus</strong></span> <span class='ocrx_word' id='word_1_454' title='bbox 1621 3365 1721 3422; x_wconf 85' lang='lat' dir='ltr'><strong>amissa</strong></span> <span class='ocrx_word' id='word_1_455' title='bbox 1742 3361 1919 3420; x_wconf 79' lang='lat' dir='ltr'><strong>hurnilitatem</strong></span> 
     </span>
    </p>

    <p class='ocr_par' dir='ltr' id='par_1_5' title="bbox 273 3450 1922 3530">
     <span class='ocr_line' id='line_1_35' title="bbox 273 3450 1922 3530; baseline -0.005 -16"><span class='ocrx_word' id='word_1_456' title='bbox 273 3457 310 3514; x_wconf 89' lang='lat' dir='ltr'><strong>tio</strong></span> <span class='ocrx_word' id='word_1_457' title='bbox 323 3457 426 3529; x_wconf 88' lang='lat' dir='ltr'><strong>sponsi.</strong></span> <span class='ocrx_word' id='word_1_458' title='bbox 442 3457 500 3515; x_wconf 87' lang='lat' dir='ltr'><strong>lioc</strong></span> <span class='ocrx_word' id='word_1_459' title='bbox 519 3458 558 3515; x_wconf 91' lang='lat' dir='ltr'><strong>rei</strong></span> <span class='ocrx_word' id='word_1_460' title='bbox 571 3458 775 3527; x_wconf 84' lang='lat' dir='ltr'><strong>exitusprohat.</strong></span> <span class='ocrx_word' id='word_1_461' title='bbox 792 3457 897 3513; x_wconf 87' lang='lat' dir='ltr'><strong>Etenim</strong></span> <span class='ocrx_word' id='word_1_462' title='bbox 912 3473 1066 3530; x_wconf 85' lang='lat' dir='ltr'><strong>praesump·</strong></span> <span class='ocrx_word' id='word_1_463' title='bbox 1121 3473 1175 3514; x_wconf 88' lang='lat' dir='ltr'><strong>nou</strong></span> <span class='ocrx_word' id='word_1_464' title='bbox 1204 3457 1302 3528; x_wconf 81' lang='lat' dir='ltr'><strong>attulit,</strong></span> <span class='ocrx_word' id='word_1_465' title='bbox 1330 3457 1378 3515; x_wconf 85' lang='lat' dir='ltr'><strong>sed</strong></span> <span class='ocrx_word' id='word_1_466' title='bbox 1405 3467 1512 3513; x_wconf 84' lang='lat' dir='ltr'><strong>serrata</strong></span> <span class='ocrx_word' id='word_1_467' title='bbox 1540 3453 1657 3512; x_wconf 75' lang='lat' dir='ltr'><strong>admisit.</strong></span> <span class='ocrx_word' id='word_1_468' title='bbox 1686 3454 1780 3511; x_wconf 86' lang='lat' dir='ltr'><strong>llerito</strong></span> <span class='ocrx_word' id='word_1_469' title='bbox 1808 3450 1922 3526; x_wconf 85' lang='lat' dir='ltr'><strong>pulchra</strong></span> 
     </span>
    </p>

    <p class='ocr_par' dir='ltr' id='par_1_6' title="bbox 268 3537 1921 3619">
     <span class='ocr_line' id='line_1_36' title="bbox 268 3537 1921 3619; baseline -0.004 -19"><span class='ocrx_word' id='word_1_470' title='bbox 268 3547 374 3604; x_wconf 85' lang='lat' dir='ltr'><strong>tionem</strong></span> <span class='ocrx_word' id='word_1_471' title='bbox 387 3543 534 3618; x_wconf 86' lang='lat' dir='ltr'><strong>correptio,</strong></span> <span class='ocrx_word' id='word_1_472' title='bbox 544 3545 742 3618; x_wconf 88' lang='lat' dir='ltr'><strong>correptionem</strong></span> <span class='ocrx_word' id='word_1_473' title='bbox 765 3546 928 3616; x_wconf 83' lang='lat' dir='ltr'><strong>emendatio,</strong></span> <span class='ocrx_word' id='word_1_474' title='bbox 942 3547 1069 3602; x_wconf 86' lang='lat' dir='ltr'><strong>emenda-</strong></span> <span class='ocrx_word' id='word_1_475' title='bbox 1117 3546 1266 3619; x_wconf 88' lang='lat' dir='ltr'><strong>reperitur,</strong></span> <span class='ocrx_word' id='word_1_476' title='bbox 1281 3547 1325 3603; x_wconf 92' lang='lat' dir='ltr'><strong>cui</strong></span> <span class='ocrx_word' id='word_1_477' title='bbox 1339 3554 1433 3602; x_wconf 88' lang='lat' dir='ltr'><strong>neutra</strong></span> <span class='ocrx_word' id='word_1_478' title='bbox 1450 3545 1531 3602; x_wconf 84' lang='lat' dir='ltr'><strong>deluit</strong></span> <span class='ocrx_word' id='word_1_479' title='bbox 1545 3543 1727 3616; x_wconf 84' lang='lat' dir='ltr'><strong>pulchritudo.</strong></span> <span class='ocrx_word' id='word_1_480' title='bbox 1742 3537 1921 3597; x_wconf 84' lang='lat' dir='ltr'><strong>Raraarisiu</strong></span> 
     </span>
    </p>

    <p class='ocr_par' dir='ltr' id='par_1_7' title="bbox 272 3627 1921 3704">
     <span class='ocr_line' id='line_1_37' title="bbox 272 3627 1921 3704; baseline -0.002 -16"><span class='ocrx_word' id='word_1_481' title='bbox 272 3635 372 3690; x_wconf 85' lang='lat' dir='ltr'><strong>tionem</strong></span> <span class='ocrx_word' id='word_1_482' title='bbox 385 3634 567 3690; x_wconf 84' lang='lat' dir='ltr'><strong>remuneratio</strong></span> <span class='ocrx_word' id='word_1_483' title='bbox 581 3643 674 3689; x_wconf 88' lang='lat' dir='ltr'><strong>secuta</strong></span> <span class='ocrx_word' id='word_1_484' title='bbox 695 3639 746 3688; x_wconf 88' lang='lat' dir='ltr'><strong>est.</strong></span> <span class='ocrx_word' id='word_1_485' title='bbox 763 3631 848 3688; x_wconf 76' lang='lat' dir='ltr'><strong>Adest</strong></span> <span class='ocrx_word' id='word_1_486' title='bbox 861 3633 976 3689; x_wconf 84' lang='lat' dir='ltr'><strong>dilectus</strong></span> <span class='ocrx_word' id='word_1_487' title='bbox 997 3649 1070 3690; x_wconf 91' lang='lat' dir='ltr'><strong>amo-</strong></span> <span class='ocrx_word' id='word_1_488' title='bbox 1121 3637 1212 3703; x_wconf 80' lang='lat' dir='ltr'><strong>terris,</strong></span> <span class='ocrx_word' id='word_1_489' title='bbox 1228 3646 1275 3692; x_wconf 92' lang='lat' dir='ltr'><strong>aut</strong></span> <span class='ocrx_word' id='word_1_490' title='bbox 1286 3635 1454 3692; x_wconf 84' lang='lat' dir='ltr'><strong>sanctitatem</strong></span> <span class='ocrx_word' id='word_1_491' title='bbox 1474 3649 1530 3690; x_wconf 92' lang='lat' dir='ltr'><strong>nou</strong></span> <span class='ocrx_word' id='word_1_492' title='bbox 1547 3632 1669 3704; x_wconf 85' lang='lat' dir='ltr'><strong>perdere,</strong></span> <span class='ocrx_word' id='word_1_493' title='bbox 1686 3638 1733 3686; x_wconf 89' lang='lat' dir='ltr'><strong>aut</strong></span> <span class='ocrx_word' id='word_1_494' title='bbox 1743 3627 1921 3686; x_wconf 76' lang='lat' dir='ltr'><strong>hnmilitate·</strong></span> 
     </span>
    </p>

    <p class='ocr_par' dir='ltr' id='par_1_8' title="bbox 273 3719 1920 3794">
     <span class='ocr_line' id='line_1_38' title="bbox 273 3719 1920 3794; baseline -0.004 -16"><span class='ocrx_word' id='word_1_495' title='bbox 273 3727 350 3778; x_wconf 86' lang='lat' dir='ltr'><strong>vetur</strong></span> <span class='ocrx_word' id='word_1_496' title='bbox 360 3719 501 3794; x_wconf 76' lang='lat' dir='ltr'><strong>magister,</strong></span> <span class='ocrx_word' id='word_1_497' title='bbox 516 3736 564 3777; x_wconf 82' lang='lat' dir='ltr'><strong>rex</strong></span> <span class='ocrx_word' id='word_1_498' title='bbox 579 3719 711 3793; x_wconf 84' lang='lat' dir='ltr'><strong>disparet,</strong></span> <span class='ocrx_word' id='word_1_499' title='bbox 737 3719 856 3793; x_wconf 70' lang='lat' dir='ltr'><strong>dignitas</strong></span> <span class='ocrx_word' id='word_1_500' title='bbox 879 3721 996 3792; x_wconf 81' lang='lat' dir='ltr'><strong>cruitur,</strong></span> <span class='ocrx_word' id='word_1_501' title='bbox 1020 3739 1067 3778; x_wconf 89' lang='lat' dir='ltr'><strong>rc·</strong></span> <span class='ocrx_word' id='word_1_502' title='bbox 1120 3723 1297 3782; x_wconf 86' lang='lat' dir='ltr'><strong>sanctimonia</strong></span> <span class='ocrx_word' id='word_1_503' title='bbox 1310 3738 1365 3780; x_wconf 91' lang='lat' dir='ltr'><strong>non</strong></span> <span class='ocrx_word' id='word_1_504' title='bbox 1375 3723 1479 3780; x_wconf 84' lang='lat' dir='ltr'><strong>excludi</strong></span> <span class='ocrx_word' id='word_1_505' title='bbox 1499 3739 1506 3779; x_wconf 92' lang='lat'><strong>:</strong></span> <span class='ocrx_word' id='word_1_506' title='bbox 1527 3721 1626 3777; x_wconf 89' lang='lat' dir='ltr'><strong>etideo</strong></span> <span class='ocrx_word' id='word_1_507' title='bbox 1646 3721 1725 3777; x_wconf 84' lang='lat' dir='ltr'><strong>hesta</strong></span> <span class='ocrx_word' id='word_1_508' title='bbox 1738 3733 1800 3792; x_wconf 75' lang='lat' dir='ltr'><strong>qun</strong></span> <span class='ocrx_word' id='word_1_509' title='bbox 1817 3725 1920 3773; x_wconf 84' lang='lat' dir='ltr'><strong>utram·</strong></span> 
     </span>
    </p>
   </div>
   <div class='ocr_carea' id='block_1_4' title="bbox 151 3805 1922 3886">
    <p class='ocr_par' dir='ltr' id='par_1_9' title="bbox 151 3805 1922 3886">
     <span class='ocr_line' id='line_1_39' title="bbox 151 3805 1922 3886; baseline -0.003 -21"><span class='ocrx_word' id='word_1_510' title='bbox 151 3815 153 3818; x_wconf 80' lang='grc'>’</span> <span class='ocrx_word' id='word_1_511' title='bbox 273 3809 392 3865; x_wconf 87' lang='lat' dir='ltr'><strong>serentis</strong></span> <span class='ocrx_word' id='word_1_512' title='bbox 407 3809 528 3881; x_wconf 85' lang='lat' dir='ltr'><strong>ponitur.</strong></span> <span class='ocrx_word' id='word_1_513' title='bbox 542 3807 619 3865; x_wconf 86' lang='lat' dir='ltr'><strong>Cedit</strong></span> <span class='ocrx_word' id='word_1_514' title='bbox 633 3808 735 3881; x_wconf 87' lang='lat' dir='ltr'><strong>quippe</strong></span> <span class='ocrx_word' id='word_1_515' title='bbox 748 3807 846 3876; x_wconf 85' lang='lat' dir='ltr'><strong>iaetus,</strong></span> <span class='ocrx_word' id='word_1_516' title='bbox 870 3809 917 3865; x_wconf 93' lang='lat' dir='ltr'><strong>uhi</strong></span> <span class='ocrx_word' id='word_1_517' title='bbox 931 3811 1069 3869; x_wconf 81' lang='lat' dir='ltr'><strong>invalescit</strong></span> <span class='ocrx_word' id='word_1_518' title='bbox 1120 3830 1174 3886; x_wconf 90' lang='lat' dir='ltr'><strong>que</strong></span> <span class='ocrx_word' id='word_1_519' title='bbox 1195 3811 1309 3868; x_wconf 87' lang='lat' dir='ltr'><strong>retinuit.</strong></span> <span class='ocrx_word' id='word_1_520' title='bbox 1324 3811 1446 3884; x_wconf 89' lang='lat' dir='ltr'><strong>Denique</strong></span> <span class='ocrx_word' id='word_1_521' title='bbox 1465 3809 1609 3881; x_wconf 89' lang='lat' dir='ltr'><strong>prohatnm</strong></span> <span class='ocrx_word' id='word_1_522' title='bbox 1630 3817 1692 3868; x_wconf 89' lang='lat' dir='ltr'><strong>est:</strong></span> <span class='ocrx_word' id='word_1_523' title='bbox 1709 3806 1775 3863; x_wconf 92' lang='lat' dir='ltr'><strong>nihil</strong></span> <span class='ocrx_word' id='word_1_524' title='bbox 1786 3805 1841 3862; x_wconf 89' lang='lat' dir='ltr'><strong>sihi</strong></span> <span class='ocrx_word' id='word_1_525' title='bbox 1854 3819 1922 3860; x_wconf 90' lang='lat' dir='ltr'><strong>con-</strong></span> 
     </span>
    </p>
   </div>
   <div class='ocr_carea' id='block_1_5' title="bbox 272 3895 1928 5756">
    <p class='ocr_par' dir='ltr' id='par_1_10' title="bbox 272 3895 1928 5037">
     <span class='ocr_line' id='line_1_40' title="bbox 272 3895 1923 3973; baseline -0.003 -19"><span class='ocrx_word' id='word_1_526' title='bbox 272 3897 396 3954; x_wconf 82' lang='lat' dir='ltr'><strong>siiectus.</strong></span> <span class='ocrx_word' id='word_1_527' title='bbox 407 3897 443 3954; x_wconf 84' lang='lat' dir='ltr'><strong>Et</strong></span> <span class='ocrx_word' id='word_1_528' title='bbox 456 3896 527 3955; x_wconf 78' lang='lat' dir='ltr'><strong>aiom</strong></span> <span class='ocrx_word' id='word_1_529' title='bbox 538 3895 674 3969; x_wconf 86' lang='lat' dir='ltr'><strong>quondam</strong></span> <span class='ocrx_word' id='word_1_530' title='bbox 687 3896 766 3969; x_wconf 86' lang='lat' dir='ltr'><strong>qussi</strong></span> <span class='ocrx_word' id='word_1_531' title='bbox 779 3899 883 3955; x_wconf 85' lang='lat' dir='ltr'><strong>amicus</strong></span> <span class='ocrx_word' id='word_1_532' title='bbox 896 3898 931 3955; x_wconf 88' lang='lat' dir='ltr'><strong>ad</strong></span> <span class='ocrx_word' id='word_1_533' title='bbox 953 3899 1067 3958; x_wconf 87' lang='lat' dir='ltr'><strong>amicum</strong></span> <span class='ocrx_word' id='word_1_534' title='bbox 1120 3904 1176 3960; x_wconf 84' lang='lat' dir='ltr'><strong>scia</strong></span> <span class='ocrx_word' id='word_1_535' title='bbox 1190 3910 1240 3969; x_wconf 84' lang='lat' dir='ltr'><strong>est,</strong></span> <span class='ocrx_word' id='word_1_536' title='bbox 1265 3907 1293 3956; x_wconf 88' lang='lat' dir='ltr'><strong>et</strong></span> <span class='ocrx_word' id='word_1_537' title='bbox 1319 3900 1520 3973; x_wconf 88' lang='lat' dir='ltr'><strong>correptionem</strong></span> <span class='ocrx_word' id='word_1_538' title='bbox 1547 3914 1602 3957; x_wconf 90' lang='lat' dir='ltr'><strong>uon</strong></span> <span class='ocrx_word' id='word_1_539' title='bbox 1625 3898 1729 3964; x_wconf 81' lang='lat' dir='ltr'><strong>obnuit,</strong></span> <span class='ocrx_word' id='word_1_540' title='bbox 1743 3897 1801 3952; x_wconf 87' lang='lat' dir='ltr'><strong>Nos</strong></span> <span class='ocrx_word' id='word_1_541' title='bbox 1819 3905 1848 3950; x_wconf 91' lang='lat' dir='ltr'><strong>et</strong></span> <span class='ocrx_word' id='word_1_542' title='bbox 1863 3907 1923 3949; x_wconf 91' lang='lat' dir='ltr'><strong>cum</strong></span> 
     </span>
     <span class='ocr_line' id='line_1_41' title="bbox 274 3982 1925 4064; baseline -0.004 -21"><span class='ocrx_word' id='word_1_543' title='bbox 274 3987 383 4059; x_wconf 67' lang='lat' dir='ltr'><strong>loytres</strong></span> <span class='ocrx_word' id='word_1_544' title='bbox 397 3986 559 4058; x_wconf 82' lang='lat' dir='ltr'><strong>loquebatur</strong></span> <span class='ocrx_word' id='word_1_545' title='bbox 575 3986 677 4058; x_wconf 74' lang='lat' dir='ltr'><strong>(saed</strong></span> <span class='ocrx_word' id='word_1_546' title='bbox 701 4001 806 4053; x_wconf 76' lang='grc' dir='ltr'>ιιιιιιιι,</span> <span class='ocrx_word' id='word_1_547' title='bbox 823 3989 880 4059; x_wconf 86' lang='grc' dir='ltr'>ιι),</span> <span class='ocrx_word' id='word_1_548' title='bbox 894 3995 922 4043; x_wconf 82' lang='lat' dir='ltr'><strong>et</strong></span> <span class='ocrx_word' id='word_1_549' title='bbox 937 3988 1069 4045; x_wconf 83' lang='lat' dir='ltr'><strong>Dominus</strong></span> <span class='ocrx_word' id='word_1_550' title='bbox 1122 4005 1220 4064; x_wconf 68' lang='lat' dir='ltr'><strong>magna</strong></span> <span class='ocrx_word' id='word_1_551' title='bbox 1246 3987 1439 4061; x_wconf 84' lang='lat' dir='ltr'><strong>delinquimus,</strong></span> <span class='ocrx_word' id='word_1_552' title='bbox 1462 3987 1508 4046; x_wconf 87' lang='lat' dir='ltr'><strong>rix</strong></span> <span class='ocrx_word' id='word_1_553' title='bbox 1532 3985 1644 4044; x_wconf 83' lang='lat' dir='ltr'><strong>ierimus</strong></span> <span class='ocrx_word' id='word_1_554' title='bbox 1668 3982 1842 4058; x_wconf 76' lang='lat' dir='ltr'><strong>reprehendi3</strong></span> <span class='ocrx_word' id='word_1_555' title='bbox 1864 3983 1925 4037; x_wconf 79' lang='lat' dir='ltr'><strong>haee</strong></span> 
     </span>
     <span class='ocr_line' id='line_1_42' title="bbox 273 4073 1923 4151; baseline 0 -21"><span class='ocrx_word' id='word_1_556' title='bbox 273 4074 456 4146; x_wconf 82' lang='lat' dir='ltr'><strong>respondebat</strong></span> <span class='ocrx_word' id='word_1_557' title='bbox 470 4091 477 4129; x_wconf 91' lang='lat'><strong>:</strong></span> <span class='ocrx_word' id='word_1_558' title='bbox 491 4075 530 4130; x_wconf 93' lang='lat' dir='ltr'><strong>ita</strong></span> <span class='ocrx_word' id='word_1_559' title='bbox 543 4083 572 4130; x_wconf 90' lang='lat' dir='ltr'><strong>et</strong></span> <span class='ocrx_word' id='word_1_560' title='bbox 584 4089 657 4132; x_wconf 88' lang='lat' dir='ltr'><strong>nuuc</strong></span> <span class='ocrx_word' id='word_1_561' title='bbox 676 4075 747 4132; x_wconf 90' lang='lat' dir='ltr'><strong>inter</strong></span> <span class='ocrx_word' id='word_1_562' title='bbox 766 4075 918 4134; x_wconf 76' lang='lat' dir='ltr'><strong>verbumst</strong></span> <span class='ocrx_word' id='word_1_563' title='bbox 939 4077 1067 4146; x_wconf 86' lang='lat' dir='ltr'><strong>animam,</strong></span> <span class='ocrx_word' id='word_1_564' title='bbox 1120 4085 1209 4137; x_wconf 91' lang='lat' dir='ltr'><strong>autem</strong></span> <span class='ocrx_word' id='word_1_565' title='bbox 1229 4091 1307 4151; x_wconf 86' lang='lat' dir='ltr'><strong>mquo</strong></span> <span class='ocrx_word' id='word_1_566' title='bbox 1319 4077 1410 4134; x_wconf 86' lang='lat' dir='ltr'><strong>animo</strong></span> <span class='ocrx_word' id='word_1_567' title='bbox 1430 4076 1504 4133; x_wconf 91' lang='lat' dir='ltr'><strong>audit</strong></span> <span class='ocrx_word' id='word_1_568' title='bbox 1518 4085 1610 4133; x_wconf 88' lang='lat' dir='ltr'><strong>contra</strong></span> <span class='ocrx_word' id='word_1_569' title='bbox 1625 4092 1654 4132; x_wconf 90' lang='lat' dir='ltr'><strong>ae</strong></span> <span class='ocrx_word' id='word_1_570' title='bbox 1667 4073 1861 4132; x_wconf 80' lang='lat' dir='ltr'><strong>amaritudines</strong></span> <span class='ocrx_word' id='word_1_571' title='bbox 1882 4075 1923 4130; x_wconf 88' lang='lat' dir='ltr'><strong>ui-</strong></span> 
     </span>
     <span class='ocr_line' id='line_1_43' title="bbox 272 4162 1923 4238; baseline 0.001 -17"><span class='ocrx_word' id='word_1_572' title='bbox 272 4163 339 4221; x_wconf 85' lang='lat' dir='ltr'><strong>scsi</strong></span> <span class='ocrx_word' id='word_1_573' title='bbox 353 4162 503 4220; x_wconf 86' lang='lat' dir='ltr'><strong>interduos</strong></span> <span class='ocrx_word' id='word_1_574' title='bbox 512 4162 776 4236; x_wconf 82' lang='lat' dir='ltr'><strong>viciuos‚iemiliaris</strong></span> <span class='ocrx_word' id='word_1_575' title='bbox 790 4164 937 4221; x_wconf 87' lang='lat' dir='ltr'><strong>admodum</strong></span> <span class='ocrx_word' id='word_1_576' title='bbox 950 4167 1070 4224; x_wconf 84' lang='lat' dir='ltr'><strong>celebra·</strong></span> <span class='ocrx_word' id='word_1_577' title='bbox 1121 4167 1160 4224; x_wconf 91' lang='lat' dir='ltr'><strong>hil</strong></span> <span class='ocrx_word' id='word_1_578' title='bbox 1184 4181 1309 4238; x_wconf 85' lang='lat' dir='ltr'><strong>peccans.</strong></span> <span class='ocrx_word' id='word_1_579' title='bbox 1337 4166 1417 4237; x_wconf 84' lang='lat' dir='ltr'><strong>Num,</strong></span> <span class='ocrx_word' id='word_1_580' title='bbox 1441 4165 1464 4221; x_wconf 88' lang='lat' dir='ltr'><strong>si</strong></span> <span class='ocrx_word' id='word_1_581' title='bbox 1497 4163 1634 4220; x_wconf 87' lang='lat' dir='ltr'><strong>desiderat</strong></span> <span class='ocrx_word' id='word_1_582' title='bbox 1660 4163 1755 4222; x_wconf 78' lang='lat' dir='ltr'><strong>videre</strong></span> <span class='ocrx_word' id='word_1_583' title='bbox 1774 4166 1923 4222; x_wconf 79' lang='lat' dir='ltr'><strong>claritatem</strong></span> 
     </span>
     <span class='ocr_line' id='line_1_44' title="bbox 272 4250 1923 4330; baseline 0.001 -22"><span class='ocrx_word' id='word_1_584' title='bbox 272 4259 316 4310; x_wconf 87' lang='lat' dir='ltr'><strong>tur</strong></span> <span class='ocrx_word' id='word_1_585' title='bbox 339 4250 533 4310; x_wconf 87' lang='lat' dir='ltr'><strong>conlahulatio.</strong></span> <span class='ocrx_word' id='word_1_586' title='bbox 551 4251 731 4309; x_wconf 82' lang='lat' dir='ltr'><strong>Necmirum.</strong></span> <span class='ocrx_word' id='word_1_587' title='bbox 756 4253 797 4310; x_wconf 80' lang='lat' dir='ltr'><strong>lix</strong></span> <span class='ocrx_word' id='word_1_588' title='bbox 811 4268 865 4310; x_wconf 92' lang='lat' dir='ltr'><strong>uno</strong></span> <span class='ocrx_word' id='word_1_589' title='bbox 879 4254 1066 4312; x_wconf 85' lang='lat' dir='ltr'><strong>amoriaionte</strong></span> <span class='ocrx_word' id='word_1_590' title='bbox 1125 4255 1228 4328; x_wconf 77' lang='lat' dir='ltr'><strong>spousi,</strong></span> <span class='ocrx_word' id='word_1_591' title='bbox 1243 4253 1309 4327; x_wconf 92' lang='lat' dir='ltr'><strong>quid</strong></span> <span class='ocrx_word' id='word_1_592' title='bbox 1321 4254 1384 4310; x_wconf 91' lang='lat' dir='ltr'><strong>mali</strong></span> <span class='ocrx_word' id='word_1_593' title='bbox 1405 4255 1467 4310; x_wconf 79' lang='lat' dir='ltr'><strong>esti</strong></span> <span class='ocrx_word' id='word_1_594' title='bbox 1481 4253 1567 4330; x_wconf 76' lang='lat' dir='ltr'><strong>magia</strong></span> <span class='ocrx_word' id='word_1_595' title='bbox 1581 4263 1609 4309; x_wconf 90' lang='lat' dir='ltr'><strong>et</strong></span> <span class='ocrx_word' id='word_1_596' title='bbox 1622 4253 1708 4311; x_wconf 88' lang='lat' dir='ltr'><strong>landis</strong></span> <span class='ocrx_word' id='word_1_597' title='bbox 1719 4263 1771 4310; x_wconf 90' lang='lat' dir='ltr'><strong>est.</strong></span> <span class='ocrx_word' id='word_1_598' title='bbox 1787 4255 1821 4309; x_wconf 80' lang='lat' dir='ltr'><strong>ttt</strong></span> <span class='ocrx_word' id='word_1_599' title='bbox 1836 4266 1923 4312; x_wconf 78' lang='grc' dir='ltr'>ιιιιιιιι</span> 
     </span>
     <span class='ocr_line' id='line_1_45' title="bbox 272 4339 1925 4418; baseline 0.002 -21"><span class='ocrx_word' id='word_1_600' title='bbox 272 4340 379 4413; x_wconf 90' lang='lat' dir='ltr'><strong>utrique</strong></span> <span class='ocrx_word' id='word_1_601' title='bbox 403 4339 490 4398; x_wconf 86' lang='lat' dir='ltr'><strong>induit</strong></span> <span class='ocrx_word' id='word_1_602' title='bbox 508 4339 619 4414; x_wconf 79' lang='lat' dir='ltr'><strong>diliqere</strong></span> <span class='ocrx_word' id='word_1_603' title='bbox 642 4340 767 4408; x_wconf 81' lang='lat' dir='ltr'><strong>inuicem,</strong></span> <span class='ocrx_word' id='word_1_604' title='bbox 795 4342 935 4400; x_wconf 84' lang='lat' dir='ltr'><strong>oonioreri</strong></span> <span class='ocrx_word' id='word_1_605' title='bbox 965 4343 1068 4416; x_wconf 89' lang='lat' dir='ltr'><strong>pariter</strong></span> <span class='ocrx_word' id='word_1_606' title='bbox 1122 4348 1264 4418; x_wconf 86' lang='lat' dir='ltr'><strong>increpata</strong></span> <span class='ocrx_word' id='word_1_607' title='bbox 1290 4341 1473 4416; x_wconf 78' lang='lat' dir='ltr'><strong>poeniteutiam</strong></span> <span class='ocrx_word' id='word_1_608' title='bbox 1496 4342 1560 4416; x_wconf 72' lang='lat' dir='ltr'><strong>agit,</strong></span> <span class='ocrx_word' id='word_1_609' title='bbox 1590 4351 1616 4399; x_wconf 93' lang='lat' dir='ltr'><strong>et</strong></span> <span class='ocrx_word' id='word_1_610' title='bbox 1642 4343 1738 4400; x_wconf 87' lang='lat' dir='ltr'><strong>dicit:</strong></span> <span class='ocrx_word' id='word_1_611' title='bbox 1763 4345 1925 4402; x_wconf 76' lang='lat' dir='ltr'><strong>Fasciculus</strong></span> 
     </span>
     <span class='ocr_line' id='line_1_46' title="bbox 274 4427 1926 4518; baseline 0.004 -32"><span class='ocrx_word' id='word_1_612' title='bbox 274 4429 349 4503; x_wconf 76' lang='lat' dir='ltr'><strong>lirqo</strong></span> <span class='ocrx_word' id='word_1_613' title='bbox 374 4427 495 4486; x_wconf 91' lang='lat' dir='ltr'><strong>dulciora</strong></span> <span class='ocrx_word' id='word_1_614' title='bbox 510 4429 589 4486; x_wconf 90' lang='lat' dir='ltr'><strong>melle</strong></span> <span class='ocrx_word' id='word_1_615' title='bbox 602 4429 691 4487; x_wconf 83' lang='lat' dir='ltr'><strong>solent</strong></span> <span class='ocrx_word' id='word_1_616' title='bbox 705 4430 768 4486; x_wconf 91' lang='lat' dir='ltr'><strong>hinc</strong></span> <span class='ocrx_word' id='word_1_617' title='bbox 790 4429 852 4486; x_wconf 90' lang='lat' dir='ltr'><strong>inde</strong></span> <span class='ocrx_word' id='word_1_618' title='bbox 865 4433 958 4498; x_wconf 82' lang='lat' dir='ltr'><strong>verbs,</strong></span> <span class='ocrx_word' id='word_1_619' title='bbox 982 4431 1068 4488; x_wconf 89' lang='lat' dir='ltr'><strong>mutui</strong></span> <span class='ocrx_word' id='word_1_620' title='bbox 1083 4439 1108 4518; x_wconf 71' lang='lat' dir='ltr'>u</span> <span class='ocrx_word' id='word_1_621' title='bbox 1123 4431 1548 4508; x_wconf 81' lang='lat' dir='ltr'><strong>myrrhoedileclusmeusmilti,</strong></span> <span class='ocrx_word' id='word_1_622' title='bbox 1557 4432 1926 4492; x_wconf 78' lang='lat' dir='ltr'><strong>inleruheromeuccotnso·</strong></span> 
     </span>
     <span class='ocr_line' id='line_1_47' title="bbox 274 4517 1926 4592; baseline 0 -18"><span class='ocrx_word' id='word_1_623' title='bbox 274 4519 302 4574; x_wconf 93' lang='lat' dir='ltr'><strong>in</strong></span> <span class='ocrx_word' id='word_1_624' title='bbox 324 4533 355 4575; x_wconf 89' lang='lat' dir='ltr'><strong>se</strong></span> <span class='ocrx_word' id='word_1_625' title='bbox 368 4519 452 4574; x_wconf 89' lang='lat' dir='ltr'><strong>totius</strong></span> <span class='ocrx_word' id='word_1_626' title='bbox 464 4517 604 4576; x_wconf 77' lang='lat' dir='ltr'><strong>suauitatis</strong></span> <span class='ocrx_word' id='word_1_627' title='bbox 627 4517 749 4576; x_wconf 79' lang='lat' dir='ltr'><strong>feruntur</strong></span> <span class='ocrx_word' id='word_1_628' title='bbox 763 4528 897 4592; x_wconf 84' lang='lat' dir='ltr'><strong>aspectus,</strong></span> <span class='ocrx_word' id='word_1_629' title='bbox 921 4520 1007 4576; x_wconf 89' lang='lat' dir='ltr'><strong>sancti</strong></span> <span class='ocrx_word' id='word_1_630' title='bbox 1020 4521 1065 4576; x_wconf 88' lang='lat' dir='ltr'><strong>iu·</strong></span> <span class='ocrx_word' id='word_1_631' title='bbox 1123 4522 1237 4578; x_wconf 76' lang='lat' dir='ltr'><strong>roditur</strong></span> <span class='ocrx_word' id='word_1_632' title='bbox 1250 4521 1373 4592; x_wconf 68' lang='lat' dir='ltr'><strong>(denuc.</strong></span> <span class='ocrx_word' id='word_1_633' title='bbox 1383 4535 1403 4591; x_wconf 84' lang='lat'><strong>1,</strong></span> <span class='ocrx_word' id='word_1_634' title='bbox 1416 4522 1461 4592; x_wconf 72' lang='grc' dir='ltr'>ιι)</span> <span class='ocrx_word' id='word_1_635' title='bbox 1474 4540 1481 4578; x_wconf 90' lang='lat'>:</span> <span class='ocrx_word' id='word_1_636' title='bbox 1496 4520 1548 4578; x_wconf 89' lang='lat' dir='ltr'><strong>hoc</strong></span> <span class='ocrx_word' id='word_1_637' title='bbox 1565 4533 1626 4575; x_wconf 86' lang='lat' dir='ltr'><strong>ass:</strong></span> <span class='ocrx_word' id='word_1_638' title='bbox 1644 4517 1750 4576; x_wconf 81' lang='lat' dir='ltr'><strong>Sufficit</strong></span> <span class='ocrx_word' id='word_1_639' title='bbox 1765 4519 1842 4584; x_wconf 88' lang='lat' dir='ltr'><strong>mihi,</strong></span> <span class='ocrx_word' id='word_1_640' title='bbox 1861 4519 1926 4575; x_wconf 88' lang='lat' dir='ltr'><strong>nolo</strong></span> 
     </span>
     <span class='ocr_line' id='line_1_48' title="bbox 274 4605 1925 4684; baseline 0 -20"><span class='ocrx_word' id='word_1_641' title='bbox 274 4607 349 4665; x_wconf 88' lang='lat' dir='ltr'><strong>dices</strong></span> <span class='ocrx_word' id='word_1_642' title='bbox 375 4605 486 4666; x_wconf 87' lang='lat' dir='ltr'><strong>amoris.</strong></span> <span class='ocrx_word' id='word_1_643' title='bbox 502 4607 662 4680; x_wconf 88' lang='lat' dir='ltr'><strong>Deniqueia</strong></span> <span class='ocrx_word' id='word_1_644' title='bbox 689 4606 763 4664; x_wconf 86' lang='lat' dir='ltr'><strong>illam</strong></span> <span class='ocrx_word' id='word_1_645' title='bbox 777 4607 892 4665; x_wconf 88' lang='lat' dir='ltr'><strong>amicam</strong></span> <span class='ocrx_word' id='word_1_646' title='bbox 921 4617 1068 4684; x_wconf 78' lang='lat' dir='ltr'><strong>nuncupat,</strong></span> <span class='ocrx_word' id='word_1_647' title='bbox 1121 4611 1178 4683; x_wconf 78' lang='lat' dir='ltr'><strong>ism</strong></span> <span class='ocrx_word' id='word_1_648' title='bbox 1202 4609 1273 4667; x_wconf 86' lang='lat' dir='ltr'><strong>scire</strong></span> <span class='ocrx_word' id='word_1_649' title='bbox 1290 4609 1342 4666; x_wconf 89' lang='lat' dir='ltr'><strong>nisi</strong></span> <span class='ocrx_word' id='word_1_650' title='bbox 1361 4609 1464 4678; x_wconf 87' lang='lat' dir='ltr'><strong>lesum,</strong></span> <span class='ocrx_word' id='word_1_651' title='bbox 1489 4617 1513 4666; x_wconf 88' lang='lat' dir='ltr'><strong>et</strong></span> <span class='ocrx_word' id='word_1_652' title='bbox 1538 4607 1801 4666; x_wconf 83' lang='lat' dir='ltr'><strong>hunccrucifixum.</strong></span> <span class='ocrx_word' id='word_1_653' title='bbox 1826 4605 1925 4684; x_wconf 65' lang='lat' dir='ltr'><strong>laqus</strong></span> 
     </span>
     <span class='ocr_line' id='line_1_49' title="bbox 272 4695 1924 4768; baseline 0.001 -17"><span class='ocrx_word' id='word_1_654' title='bbox 272 4697 413 4762; x_wconf 85' lang='lat' dir='ltr'><strong>pulchram</strong></span> <span class='ocrx_word' id='word_1_655' title='bbox 427 4695 594 4766; x_wconf 87' lang='lat' dir='ltr'><strong>pronuntiat,</strong></span> <span class='ocrx_word' id='word_1_656' title='bbox 611 4695 748 4767; x_wconf 86' lang='lat' dir='ltr'><strong>pulchram</strong></span> <span class='ocrx_word' id='word_1_657' title='bbox 764 4695 855 4765; x_wconf 85' lang='lat' dir='ltr'><strong>iterat,</strong></span> <span class='ocrx_word' id='word_1_658' title='bbox 871 4697 966 4754; x_wconf 89' lang='lat' dir='ltr'><strong>eadem</strong></span> <span class='ocrx_word' id='word_1_659' title='bbox 977 4698 1011 4754; x_wconf 89' lang='lat' dir='ltr'><strong>ah</strong></span> <span class='ocrx_word' id='word_1_660' title='bbox 1027 4699 1070 4755; x_wconf 88' lang='lat' dir='ltr'><strong>illa</strong></span> <span class='ocrx_word' id='word_1_661' title='bbox 1124 4699 1275 4757; x_wconf 86' lang='lat' dir='ltr'><strong>humilitasl</strong></span> <span class='ocrx_word' id='word_1_662' title='bbox 1302 4699 1370 4756; x_wconf 77' lang='lat' dir='ltr'><strong>Actu</strong></span> <span class='ocrx_word' id='word_1_663' title='bbox 1386 4701 1515 4756; x_wconf 82' lang='lat' dir='ltr'><strong>innocens</strong></span> <span class='ocrx_word' id='word_1_664' title='bbox 1539 4697 1653 4768; x_wconf 85' lang='lat' dir='ltr'><strong>suscipit</strong></span> <span class='ocrx_word' id='word_1_665' title='bbox 1674 4696 1831 4768; x_wconf 80' lang='lat' dir='ltr'><strong>poenitrntis</strong></span> <span class='ocrx_word' id='word_1_666' title='bbox 1857 4695 1924 4752; x_wconf 84' lang='lat' dir='ltr'><strong>site·</strong></span> 
     </span>
     <span class='ocr_line' id='line_1_50' title="bbox 274 4783 1925 4860; baseline 0.001 -20"><span class='ocrx_word' id='word_1_667' title='bbox 274 4783 393 4840; x_wconf 79' lang='lat' dir='ltr'><strong>uicissim</strong></span> <span class='ocrx_word' id='word_1_668' title='bbox 408 4783 550 4856; x_wconf 76' lang='lat' dir='ltr'><strong>redolens.</strong></span> <span class='ocrx_word' id='word_1_669' title='bbox 571 4786 628 4842; x_wconf 87' lang='lat' dir='ltr'><strong>Nec</strong></span> <span class='ocrx_word' id='word_1_670' title='bbox 651 4785 739 4842; x_wconf 90' lang='lat' dir='ltr'><strong>otiosa</strong></span> <span class='ocrx_word' id='word_1_671' title='bbox 753 4784 868 4856; x_wconf 87' lang='lat' dir='ltr'><strong>iteratio,</strong></span> <span class='ocrx_word' id='word_1_672' title='bbox 892 4803 955 4856; x_wconf 78' lang='lat' dir='ltr'><strong>qne</strong></span> <span class='ocrx_word' id='word_1_673' title='bbox 969 4787 1070 4844; x_wconf 86' lang='lat' dir='ltr'><strong>amoris</strong></span> <span class='ocrx_word' id='word_1_674' title='bbox 1122 4796 1210 4856; x_wconf 89' lang='lat' dir='ltr'><strong>ctum;</strong></span> <span class='ocrx_word' id='word_1_675' title='bbox 1226 4795 1253 4845; x_wconf 87' lang='lat' dir='ltr'><strong>et</strong></span> <span class='ocrx_word' id='word_1_676' title='bbox 1262 4803 1323 4860; x_wconf 79' lang='lat' dir='ltr'><strong>quar</strong></span> <span class='ocrx_word' id='word_1_677' title='bbox 1342 4802 1397 4845; x_wconf 90' lang='lat' dir='ltr'><strong>non</strong></span> <span class='ocrx_word' id='word_1_678' title='bbox 1415 4788 1499 4845; x_wconf 87' lang='lat' dir='ltr'><strong>hahet</strong></span> <span class='ocrx_word' id='word_1_679' title='bbox 1508 4787 1581 4845; x_wconf 90' lang='lat' dir='ltr'><strong>unde</strong></span> <span class='ocrx_word' id='word_1_680' title='bbox 1591 4787 1727 4858; x_wconf 77' lang='lat' dir='ltr'><strong>poeniteat,</strong></span> <span class='ocrx_word' id='word_1_681' title='bbox 1742 4785 1824 4842; x_wconf 88' lang='lat' dir='ltr'><strong>habat</strong></span> <span class='ocrx_word' id='word_1_682' title='bbox 1836 4793 1925 4842; x_wconf 84' lang='lat' dir='ltr'><strong>tamen</strong></span> 
     </span>
     <span class='ocr_line' id='line_1_51' title="bbox 275 4871 1927 4952; baseline -0.001 -24"><span class='ocrx_word' id='word_1_683' title='bbox 275 4871 442 4930; x_wconf 78' lang='lat' dir='ltr'><strong>scommatis</strong></span> <span class='ocrx_word' id='word_1_684' title='bbox 473 4879 525 4942; x_wconf 83' lang='lat' dir='ltr'><strong>est,</strong></span> <span class='ocrx_word' id='word_1_685' title='bbox 540 4880 566 4930; x_wconf 84' lang='lat' dir='ltr'><strong>et</strong></span> <span class='ocrx_word' id='word_1_686' title='bbox 589 4872 712 4932; x_wconf 79' lang='lat' dir='ltr'><strong>fortassis</strong></span> <span class='ocrx_word' id='word_1_687' title='bbox 736 4873 835 4948; x_wconf 89' lang='lat' dir='ltr'><strong>aliquid</strong></span> <span class='ocrx_word' id='word_1_688' title='bbox 863 4873 951 4932; x_wconf 82' lang='lat' dir='ltr'><strong>innuit</strong></span> <span class='ocrx_word' id='word_1_689' title='bbox 980 4875 1069 4949; x_wconf 89' lang='lat' dir='ltr'><strong>requi-</strong></span> <span class='ocrx_word' id='word_1_690' title='bbox 1124 4876 1308 4950; x_wconf 89' lang='lat' dir='ltr'><strong>ntpoeuitaat.</strong></span> <span class='ocrx_word' id='word_1_691' title='bbox 1324 4875 1379 4932; x_wconf 86' lang='lat' dir='ltr'><strong>Gur</strong></span> <span class='ocrx_word' id='word_1_692' title='bbox 1392 4889 1469 4952; x_wconf 75' lang='lat' dir='ltr'><strong>erqo,</strong></span> <span class='ocrx_word' id='word_1_693' title='bbox 1486 4875 1586 4950; x_wconf 89' lang='lat' dir='ltr'><strong>inquis,</strong></span> <span class='ocrx_word' id='word_1_694' title='bbox 1599 4873 1739 4948; x_wconf 80' lang='lat' dir='ltr'><strong>increpata</strong></span> <span class='ocrx_word' id='word_1_695' title='bbox 1756 4873 1845 4942; x_wconf 65' lang='lat' dir='ltr'><strong>coesi</strong></span> <span class='ocrx_word' id='word_1_696' title='bbox 1860 4873 1927 4930; x_wconf 83' lang='lat' dir='ltr'><strong>nihil</strong></span> 
     </span>
     <span class='ocr_line' id='line_1_52' title="bbox 276 4959 1928 5037; baseline 0.004 -24"><span class='ocrx_word' id='word_1_697' title='bbox 276 4959 401 5014; x_wconf 90' lang='lat' dir='ltr'><strong>rendum.</strong></span> <span class='ocrx_word' id='word_1_698' title='bbox 1124 4966 1188 5021; x_wconf 90' lang='lat' dir='ltr'><strong>mali</strong></span> <span class='ocrx_word' id='word_1_699' title='bbox 1202 4965 1289 5021; x_wconf 74' lang='lat' dir='ltr'><strong>tecit?</strong></span> <span class='ocrx_word' id='word_1_700' title='bbox 1314 4964 1367 5021; x_wconf 87' lang='lat' dir='ltr'><strong>Sed</strong></span> <span class='ocrx_word' id='word_1_701' title='bbox 1382 4965 1455 5021; x_wconf 88' lang='lat' dir='ltr'><strong>euim</strong></span> <span class='ocrx_word' id='word_1_702' title='bbox 1481 4963 1546 5022; x_wconf 87' lang='lat' dir='ltr'><strong>audi</strong></span> <span class='ocrx_word' id='word_1_703' title='bbox 1562 4979 1633 5022; x_wconf 90' lang='lat' dir='ltr'><strong>nunc</strong></span> <span class='ocrx_word' id='word_1_704' title='bbox 1654 4963 1928 5037; x_wconf 85' lang='lat' dir='ltr'><strong>dispensationemet</strong></span> 
     </span>
    </p>

    <p class='ocr_par' dir='ltr' id='par_1_11' title="bbox 273 5043 1928 5756">
     <span class='ocr_line' id='line_1_53' title="bbox 311 5043 1925 5127; baseline 0.003 -24"><span class='ocrx_word' id='word_1_705' title='bbox 311 5043 429 5104; x_wconf 67' lang='lat'><strong>1408</strong></span> <span class='ocrx_word' id='word_1_706' title='bbox 441 5051 468 5104; x_wconf 80' lang='grc' dir='ltr'>ι.</span> <span class='ocrx_word' id='word_1_707' title='bbox 485 5047 645 5120; x_wconf 73' lang='lat' dir='ltr'><strong>Queramus</strong></span> <span class='ocrx_word' id='word_1_708' title='bbox 653 5049 788 5124; x_wconf 73' lang='lat' dir='ltr'><strong>pernicem</strong></span> <span class='ocrx_word' id='word_1_709' title='bbox 804 5049 901 5108; x_wconf 84' lang='lat' dir='ltr'><strong>animae</strong></span> <span class='ocrx_word' id='word_1_710' title='bbox 915 5051 1069 5125; x_wconf 88' lang='lat' dir='ltr'><strong>pulchritu-</strong></span> <span class='ocrx_word' id='word_1_711' title='bbox 1125 5053 1294 5126; x_wconf 88' lang='lat' dir='ltr'><strong>prudentiam</strong></span> <span class='ocrx_word' id='word_1_712' title='bbox 1317 5051 1422 5127; x_wconf 84' lang='lat' dir='ltr'><strong>sponsi.</strong></span> <span class='ocrx_word' id='word_1_713' title='bbox 1448 5051 1524 5111; x_wconf 87' lang='lat' dir='ltr'><strong>Sicut</strong></span> <span class='ocrx_word' id='word_1_714' title='bbox 1545 5051 1663 5111; x_wconf 77' lang='lat' dir='ltr'><strong>Ahrahae</strong></span> <span class='ocrx_word' id='word_1_715' title='bbox 1689 5052 1755 5110; x_wconf 93' lang='lat' dir='ltr'><strong>olim</strong></span> <span class='ocrx_word' id='word_1_716' title='bbox 1769 5053 1925 5110; x_wconf 85' lang='lat' dir='ltr'><strong>ohedientia</strong></span> 
     </span>
     <span class='ocr_line' id='line_1_54' title="bbox 275 5135 1923 5214; baseline 0.001 -22"><span class='ocrx_word' id='word_1_717' title='bbox 275 5135 366 5193; x_wconf 88' lang='lat' dir='ltr'><strong>dinem</strong></span> <span class='ocrx_word' id='word_1_718' title='bbox 382 5153 389 5192; x_wconf 78' lang='grc' dir='ltr'>ι</span> <span class='ocrx_word' id='word_1_719' title='bbox 405 5137 532 5194; x_wconf 88' lang='lat' dir='ltr'><strong>lrocenim</strong></span> <span class='ocrx_word' id='word_1_720' title='bbox 548 5137 853 5198; x_wconf 85' lang='lat' dir='ltr'><strong>mihirideturinnuere</strong></span> <span class='ocrx_word' id='word_1_721' title='bbox 873 5140 961 5197; x_wconf 85' lang='lat' dir='ltr'><strong>Decor</strong></span> <span class='ocrx_word' id='word_1_722' title='bbox 974 5141 1071 5198; x_wconf 74' lang='lat' dir='ltr'><strong>anime</strong></span> <span class='ocrx_word' id='word_1_723' title='bbox 1125 5159 1190 5201; x_wconf 87' lang='lat' dir='ltr'><strong>sune</strong></span> <span class='ocrx_word' id='word_1_724' title='bbox 1218 5149 1316 5200; x_wconf 85' lang='lat' dir='ltr'><strong>tentata</strong></span> <span class='ocrx_word' id='word_1_725' title='bbox 1344 5151 1395 5212; x_wconf 86' lang='lat' dir='ltr'><strong>ost,</strong></span> <span class='ocrx_word' id='word_1_726' title='bbox 1422 5141 1507 5199; x_wconf 88' lang='lat' dir='ltr'><strong>itaet</strong></span> <span class='ocrx_word' id='word_1_727' title='bbox 1534 5159 1607 5200; x_wconf 92' lang='lat' dir='ltr'><strong>nunc</strong></span> <span class='ocrx_word' id='word_1_728' title='bbox 1634 5141 1772 5199; x_wconf 83' lang='lat' dir='ltr'><strong>humilitas</strong></span> <span class='ocrx_word' id='word_1_729' title='bbox 1805 5155 1923 5214; x_wconf 73' lang='lat' dir='ltr'><strong>sponse.</strong></span> 
     </span>
     <span class='ocr_line' id='line_1_55' title="bbox 275 5225 1924 5305; baseline 0.002 -24"><span class='ocrx_word' id='word_1_730' title='bbox 275 5225 412 5282; x_wconf 89' lang='lat' dir='ltr'><strong>humilitas</strong></span> <span class='ocrx_word' id='word_1_731' title='bbox 425 5235 475 5283; x_wconf 91' lang='lat' dir='ltr'><strong>est.</strong></span> <span class='ocrx_word' id='word_1_732' title='bbox 491 5227 551 5284; x_wconf 86' lang='lat' dir='ltr'><strong>Non</strong></span> <span class='ocrx_word' id='word_1_733' title='bbox 564 5245 580 5283; x_wconf 90' lang='lat' dir='ltr'><strong>n</strong></span> <span class='ocrx_word' id='word_1_734' title='bbox 595 5243 638 5284; x_wconf 90' lang='lat' dir='ltr'><strong>me</strong></span> <span class='ocrx_word' id='word_1_735' title='bbox 650 5227 711 5302; x_wconf 88' lang='lat' dir='ltr'><strong>ipso</strong></span> <span class='ocrx_word' id='word_1_736' title='bbox 724 5228 778 5287; x_wconf 93' lang='lat' dir='ltr'><strong>hoc</strong></span> <span class='ocrx_word' id='word_1_737' title='bbox 787 5228 925 5298; x_wconf 70' lang='lat' dir='ltr'><strong>dieucum</strong></span> <span class='ocrx_word' id='word_1_738' title='bbox 940 5231 1072 5303; x_wconf 85' lang='lat' dir='ltr'><strong>prophete</strong></span> <span class='ocrx_word' id='word_1_739' title='bbox 1124 5231 1157 5288; x_wconf 84' lang='lat' dir='ltr'><strong>Et</strong></span> <span class='ocrx_word' id='word_1_740' title='bbox 1170 5231 1308 5305; x_wconf 92' lang='lat' dir='ltr'><strong>quomodo</strong></span> <span class='ocrx_word' id='word_1_741' title='bbox 1335 5231 1380 5288; x_wconf 88' lang='lat' dir='ltr'><strong>ille</strong></span> <span class='ocrx_word' id='word_1_742' title='bbox 1401 5231 1514 5303; x_wconf 83' lang='lat' dir='ltr'><strong>impleta</strong></span> <span class='ocrx_word' id='word_1_743' title='bbox 1537 5230 1693 5289; x_wconf 86' lang='lat' dir='ltr'><strong>ohedientia</strong></span> <span class='ocrx_word' id='word_1_744' title='bbox 1710 5237 1776 5288; x_wconf 91' lang='lat' dir='ltr'><strong>tunc</strong></span> <span class='ocrx_word' id='word_1_745' title='bbox 1799 5231 1924 5286; x_wconf 78' lang='lat' dir='ltr'><strong>audivit:</strong></span> 
     </span>
     <span class='ocr_line' id='line_1_56' title="bbox 273 5314 1926 5396; baseline 0.003 -25"><span class='ocrx_word' id='word_1_746' title='bbox 273 5314 349 5386; x_wconf 92' lang='lat' dir='ltr'><strong>prior</strong></span> <span class='ocrx_word' id='word_1_747' title='bbox 370 5315 485 5372; x_wconf 87' lang='lat' dir='ltr'><strong>dixerit:</strong></span> <span class='ocrx_word' id='word_1_748' title='bbox 497 5317 641 5390; x_wconf 69' lang='lat' dir='ltr'><strong>Asperum,</strong></span> <span class='ocrx_word' id='word_1_749' title='bbox 661 5333 707 5375; x_wconf 82' lang='lat' dir='ltr'><strong>stre</strong></span> <span class='ocrx_word' id='word_1_750' title='bbox 726 5317 840 5392; x_wconf 75' lang='lat' dir='ltr'><strong>hyssopo</strong></span> <span class='ocrx_word' id='word_1_751' title='bbox 864 5322 894 5375; x_wconf 85' lang='lat' dir='ltr'><strong>si</strong></span> <span class='ocrx_word' id='word_1_752' title='bbox 913 5317 1072 5378; x_wconf 79' lang='lat' dir='ltr'><strong>mundabor</strong></span> <span class='ocrx_word' id='word_1_753' title='bbox 1126 5321 1208 5379; x_wconf 82' lang='lat' dir='ltr'><strong>Nono</strong></span> <span class='ocrx_word' id='word_1_754' title='bbox 1224 5323 1337 5395; x_wconf 79' lang='lat' dir='ltr'><strong>copnool</strong></span> <span class='ocrx_word' id='word_1_755' title='bbox 1346 5321 1417 5396; x_wconf 83' lang='lat' dir='ltr'><strong>qood</strong></span> <span class='ocrx_word' id='word_1_756' title='bbox 1428 5321 1530 5380; x_wconf 76' lang='grc' dir='ltr'>ιίιιιωι</span> <span class='ocrx_word' id='word_1_757' title='bbox 1540 5323 1627 5380; x_wconf 83' lang='lat' dir='ltr'><strong>Deum</strong></span> <span class='ocrx_word' id='word_1_758' title='bbox 1639 5319 1794 5393; x_wconf 75' lang='lat' dir='ltr'><strong>(Gemxxrr,</strong></span> <span class='ocrx_word' id='word_1_759' title='bbox 1808 5319 1874 5392; x_wconf 73' lang='lat' dir='ltr'><strong>l2):</strong></span> <span class='ocrx_word' id='word_1_760' title='bbox 1889 5319 1926 5376; x_wconf 84' lang='lat' dir='ltr'><strong>sic</strong></span> 
     </span>
     <span class='ocr_line' id='line_1_57' title="bbox 275 5404 1926 5484; baseline 0.002 -23"><span class='ocrx_word' id='word_1_761' title='bbox 275 5404 363 5476; x_wconf 82' lang='lat' dir='ltr'><strong>(Psoi.</strong></span> <span class='ocrx_word' id='word_1_762' title='bbox 375 5419 401 5472; x_wconf 81' lang='lat' dir='ltr'><strong>u,</strong></span> <span class='ocrx_word' id='word_1_763' title='bbox 418 5407 445 5476; x_wconf 83' lang='lat' dir='ltr'><strong>t)</strong></span> <span class='ocrx_word' id='word_1_764' title='bbox 457 5424 465 5476; x_wconf 87' lang='lat'>;</span> <span class='ocrx_word' id='word_1_765' title='bbox 479 5405 573 5463; x_wconf 90' lang='lat' dir='ltr'><strong>humili</strong></span> <span class='ocrx_word' id='word_1_766' title='bbox 586 5405 670 5465; x_wconf 86' lang='lat' dir='ltr'><strong>herhs</strong></span> <span class='ocrx_word' id='word_1_767' title='bbox 679 5407 1072 5482; x_wconf 76' lang='lat' dir='ltr'><strong>&#39;etpectorispnrqatisahumi-</strong></span> <span class='ocrx_word' id='word_1_768' title='bbox 1126 5419 1155 5468; x_wconf 91' lang='lat' dir='ltr'><strong>et</strong></span> <span class='ocrx_word' id='word_1_769' title='bbox 1170 5411 1234 5469; x_wconf 94' lang='lat' dir='ltr'><strong>hnic</strong></span> <span class='ocrx_word' id='word_1_770' title='bbox 1254 5411 1335 5468; x_wconf 91' lang='lat' dir='ltr'><strong>modo</strong></span> <span class='ocrx_word' id='word_1_771' title='bbox 1355 5411 1432 5484; x_wconf 80' lang='lat' dir='ltr'><strong>quari</strong></span> <span class='ocrx_word' id='word_1_772' title='bbox 1455 5411 1506 5468; x_wconf 89' lang='lat' dir='ltr'><strong>soh</strong></span> <span class='ocrx_word' id='word_1_773' title='bbox 1520 5410 1581 5467; x_wconf 88' lang='lat' dir='ltr'><strong>sliis</strong></span> <span class='ocrx_word' id='word_1_774' title='bbox 1601 5411 1690 5468; x_wconf 87' lang='lat' dir='ltr'><strong>verbis</strong></span> <span class='ocrx_word' id='word_1_775' title='bbox 1703 5409 1803 5467; x_wconf 81' lang='lat' dir='ltr'><strong>dicitur</strong></span> <span class='ocrx_word' id='word_1_776' title='bbox 1824 5409 1926 5467; x_wconf 75' lang='lat' dir='ltr'><strong>clinno</strong></span> 
     </span>
     <span class='ocr_line' id='line_1_58' title="bbox 277 5492 1924 5576; baseline 0.005 -28"><span class='ocrx_word' id='word_1_777' title='bbox 277 5492 378 5550; x_wconf 85' lang='lat' dir='ltr'><strong>litatem</strong></span> <span class='ocrx_word' id='word_1_778' title='bbox 396 5492 563 5568; x_wconf 69' lang='lat' dir='ltr'><strong>significans.</strong></span> <span class='ocrx_word' id='word_1_779' title='bbox 580 5495 636 5554; x_wconf 87' lang='lat' dir='ltr'><strong>llac</strong></span> <span class='ocrx_word' id='word_1_780' title='bbox 649 5511 680 5554; x_wconf 89' lang='lat' dir='ltr'><strong>se</strong></span> <span class='ocrx_word' id='word_1_781' title='bbox 693 5503 755 5568; x_wconf 86' lang='lat' dir='ltr'><strong>post</strong></span> <span class='ocrx_word' id='word_1_782' title='bbox 771 5511 884 5571; x_wconf 76' lang='lat' dir='ltr'><strong>qrsrem</strong></span> <span class='ocrx_word' id='word_1_783' title='bbox 898 5496 1003 5568; x_wconf 83' lang='lat' dir='ltr'><strong>lapsum</strong></span> <span class='ocrx_word' id='word_1_784' title='bbox 1027 5513 1074 5554; x_wconf 82' lang='lat' dir='ltr'><strong>rer</strong></span> <span class='ocrx_word' id='word_1_785' title='bbox 1126 5503 1240 5576; x_wconf 80' lang='lat' dir='ltr'><strong>coquori</strong></span> <span class='ocrx_word' id='word_1_786' title='bbox 1264 5503 1337 5574; x_wconf 91' lang='lat' dir='ltr'><strong>quod</strong></span> <span class='ocrx_word' id='word_1_787' title='bbox 1353 5499 1464 5558; x_wconf 87' lang='lat' dir='ltr'><strong>humilis</strong></span> <span class='ocrx_word' id='word_1_788' title='bbox 1482 5503 1538 5573; x_wconf 74' lang='lat' dir='ltr'><strong>alst</strong></span> <span class='ocrx_word' id='word_1_789' title='bbox 1561 5499 1616 5558; x_wconf 89' lang='lat' dir='ltr'><strong>hoc</strong></span> <span class='ocrx_word' id='word_1_790' title='bbox 1634 5499 1706 5558; x_wconf 87' lang='lat' dir='ltr'><strong>enim</strong></span> <span class='ocrx_word' id='word_1_791' title='bbox 1719 5508 1761 5557; x_wconf 88' lang='lat' dir='ltr'><strong>est</strong></span> <span class='ocrx_word' id='word_1_792' title='bbox 1775 5499 1851 5573; x_wconf 62' lang='lat' dir='ltr'><strong>wod</strong></span> <span class='ocrx_word' id='word_1_793' title='bbox 1866 5497 1924 5556; x_wconf 88' lang='lat' dir='ltr'><strong>ait:</strong></span> 
     </span>
     <span class='ocr_line' id='line_1_59' title="bbox 277 5581 1928 5667; baseline 0.004 -31"><span class='ocrx_word' id='word_1_794' title='bbox 277 5587 304 5635; x_wconf 86' lang='lat' dir='ltr'><strong>et</strong></span> <span class='ocrx_word' id='word_1_795' title='bbox 322 5581 452 5654; x_wconf 88' lang='lat' dir='ltr'><strong>propheta</strong></span> <span class='ocrx_word' id='word_1_796' title='bbox 466 5582 550 5640; x_wconf 82' lang='lat' dir='ltr'><strong>lavari</strong></span> <span class='ocrx_word' id='word_1_797' title='bbox 564 5583 686 5657; x_wconf 78' lang='lat' dir='ltr'><strong>conlidit,</strong></span> <span class='ocrx_word' id='word_1_798' title='bbox 703 5593 731 5640; x_wconf 84' lang='lat' dir='ltr'><strong>ct</strong></span> <span class='ocrx_word' id='word_1_799' title='bbox 747 5586 786 5642; x_wconf 89' lang='lat' dir='ltr'><strong>sic</strong></span> <span class='ocrx_word' id='word_1_800' title='bbox 800 5584 912 5642; x_wconf 81' lang='lat' dir='ltr'><strong>niveum</strong></span> <span class='ocrx_word' id='word_1_801' title='bbox 930 5586 1074 5660; x_wconf 87' lang='lat' dir='ltr'><strong>quemdam</strong></span> <span class='ocrx_word' id='word_1_802' title='bbox 1128 5591 1197 5650; x_wconf 69' lang='lat' dir='ltr'><strong>Eece</strong></span> <span class='ocrx_word' id='word_1_803' title='bbox 1211 5595 1243 5650; x_wconf 78' lang='lat' dir='ltr'><strong>tu</strong></span> <span class='ocrx_word' id='word_1_804' title='bbox 1261 5589 1382 5667; x_wconf 80' lang='lat' dir='ltr'><strong>pulchro</strong></span> <span class='ocrx_word' id='word_1_805' title='bbox 1404 5607 1444 5650; x_wconf 79' lang='lat' dir='ltr'><strong>es.</strong></span> <span class='ocrx_word' id='word_1_806' title='bbox 1469 5589 1503 5646; x_wconf 82' lang='lat' dir='ltr'><strong>iit</strong></span> <span class='ocrx_word' id='word_1_807' title='bbox 1517 5589 1580 5647; x_wconf 87' lang='lat' dir='ltr'><strong>ideo</strong></span> <span class='ocrx_word' id='word_1_808' title='bbox 1600 5593 1764 5662; x_wconf 81' lang='lat' dir='ltr'><strong>preconium</strong></span> <span class='ocrx_word' id='word_1_809' title='bbox 1787 5590 1877 5656; x_wconf 75' lang='lat' dir='ltr'><strong>iterat,</strong></span> <span class='ocrx_word' id='word_1_810' title='bbox 1897 5597 1928 5642; x_wconf 92' lang='grc' dir='ltr'><strong>ιιι</strong></span> 
     </span>
     <span class='ocr_line' id='line_1_60' title="bbox 277 5665 1927 5756; baseline 0.006 -32"><span class='ocrx_word' id='word_1_811' title='bbox 277 5665 439 5726; x_wconf 72' lang='lat' dir='ltr'><strong>manemus</strong></span> <span class='ocrx_word' id='word_1_812' title='bbox 458 5676 620 5744; x_wconf 83' lang='lat' dir='ltr'><strong>recuperare</strong></span> <span class='ocrx_word' id='word_1_813' title='bbox 639 5671 793 5730; x_wconf 71' lang='lat' dir='ltr'><strong>madorem.</strong></span> <span class='ocrx_word' id='word_1_814' title='bbox 809 5673 908 5732; x_wconf 84' lang='lat' dir='ltr'><strong>Verum</strong></span> <span class='ocrx_word' id='word_1_815' title='bbox 933 5674 960 5730; x_wconf 91' lang='lat' dir='ltr'><strong>in</strong></span> <span class='ocrx_word' id='word_1_816' title='bbox 975 5689 1008 5734; x_wconf 90' lang='lat' dir='ltr'><strong>eo</strong></span> <span class='ocrx_word' id='word_1_817' title='bbox 1026 5675 1074 5748; x_wconf 88' lang='lat' dir='ltr'><strong>qui</strong></span> <span class='ocrx_word' id='word_1_818' title='bbox 1127 5678 1221 5754; x_wconf 71' lang='lat' dir='ltr'><strong>glorie</strong></span> <span class='ocrx_word' id='word_1_819' title='bbox 1243 5679 1391 5738; x_wconf 70' lang='lat' dir='ltr'><strong>unmitst&#39;m</strong></span> <span class='ocrx_word' id='word_1_820' title='bbox 1408 5679 1528 5736; x_wconf 84' lang='lat' dir='ltr'><strong>additum</strong></span> <span class='ocrx_word' id='word_1_821' title='bbox 1549 5679 1638 5756; x_wconf 65' lang='lat' dir='ltr'><strong>signet</strong></span> <span class='ocrx_word' id='word_1_822' title='bbox 1662 5677 1823 5737; x_wconf 81' lang='lat' dir='ltr'><strong>humilitatis</strong></span> <span class='ocrx_word' id='word_1_823' title='bbox 1844 5677 1927 5734; x_wconf 89' lang='lat' dir='ltr'><strong>deco-</strong></span> 
     </span>
    </p>
   </div>
   <div class='ocr_carea' id='block_1_6' title="bbox 0 0 2057 6340">
    <p class='ocr_par' dir='ltr' id='par_1_12' title="bbox 0 0 2057 6340">
     <span class='ocr_line' id='line_1_61' title="bbox 0 0 2057 6340; baseline 0 0"><span class='ocrx_word' id='word_1_824' title='bbox 0 0 2057 6340; x_wconf 95' lang='lat' dir='ltr'><strong> </strong></span> 
     </span>
    </p>
   </div>
  </div>
 </body>
</html>
