4116 6348
102 449 150 512 tat
719 455 890 518 stationes
910 457 954 520 DE
973 456 1135 518 btvttttsts.
1692 449 1746 508 tte

99 583 149 643 tas,
163 575 256 632 dicens
270 593 280 632 t
295 579 327 634 fn
342 578 484 651 judicium
508 597 555 652 eqo
575 583 641 640 veni
663 586 695 638 in
715 583 788 641 tnnc
807 602 894 642 enun-
911 597 934 676 Α
953 590 1083 658 mantum
1102 582 1137 637 ab
1160 581 1218 650 ipsa
1241 579 1340 635 virtute
1362 579 1486 650 adjuvor,
1503 578 1655 635 ostendere.
1671 577 1747 635 Sicut

100 667 176 732 dum,
193 669 226 721 ut
240 669 290 738 qui
299 683 357 724 non
372 668 468 724 uident
482 669 605 736 videant,
618 675 704 744 etqui
718 673 814 729 uident
828 691 895 732 ccccc
953 681 1042 730 autem
1066 670 1190 742 superius
1212 667 1265 724 diti
1288 668 1395 741 gemina
1418 683 1479 723 esse
1502 667 1622 723 veritatis
1632 668 1744 736 iudicia,

99 755 170 823 fient
195 756 287 822 (icon.
313 771 352 822 rx,
378 756 434 828 39).
458 758 606 830 Utrumque
633 769 721 816 autent
757 761 897 830 dicernit,
953 759 1136 834 quiasoilieet
1157 756 1338 814 determinant
1360 757 1425 826 quid
1451 755 1537 822 liceat,
1554 755 1745 828 velquidnon

98 858 158 898 cum
187 843 251 898 item
287 843 383 900 dicit:
416 848 450 901 ut
487 846 569 902 iboni
607 848 637 904 tt
663 849 695 903 in
723 851 898 924 supplicium
952 848 1151 918 liceat3itidem
1166 844 1305 918 sapientiae
1328 844 1392 910 duo,
1408 843 1461 898 hoc
1475 852 1516 900 est
1529 842 1594 915 quid
1608 845 1743 915 expediet.

99 935 263 1000 mtcrnnm5
292 935 369 1004 justi
412 937 527 998 nutem,
566 937 596 992 in
634 937 723 993 uitem
759 944 898 997 (eternam
951 939 992 996 vel
1005 938 1067 1012 quid
1092 954 1147 993 non
1171 935 1295 1009 expediat
1321 953 1327 989 :
1351 936 1386 989 ita
1408 942 1436 988 ct
1459 933 1504 988 hie
1522 947 1699 1005 agnoscamus
1713 937 1746 991 de

100 1019 210 1086 (flatile.
228 1036 297 1075 xxv.
314 1023 370 1090 ib).
951 1028 1025 1085 fonte
1053 1025 1159 1083 virtutis
1193 1023 1358 1081 hauriendas
1395 1021 1517 1092 duplices
1554 1021 1740 1091 praesidiorum

134 1111 159 1165 3.
177 1109 204 1162 Si
231 1108 346 1164 vidtmns
368 1114 505 1182 quomodo
527 1113 560 1168 de
583 1114 657 1170 fonte
680 1115 800 1172 veritatis
825 1119 895 1174 lmu-
949 1133 1043 1190 aquas,
1064 1131 1126 1189 quae
1139 1115 1181 1170 vel
1200 1114 1313 1169 abluant
1335 1112 1435 1168 electos
1459 1126 1476 1164 a
1497 1108 1593 1180 culpis,
1608 1109 1651 1165 vel
1667 1108 1745 1165 refri-

99 1195 202 1250 riuntur
223 1194 335 1263 judicia,
357 1197 495 1254 videamus
523 1205 662 1272 quomodo
689 1204 724 1258 de
752 1204 824 1263 loom
850 1225 895 1261 sn·
949 1215 1045 1278 gerent
1058 1204 1086 1259 in
1110 1204 1261 1262 tormentis.
1290 1202 1329 1257 De
1345 1199 1468 1270 utrisque
1491 1213 1630 1255 sumamus
1648 1213 1744 1252 exem-

100 1285 204 1354 pientiae
227 1284 407 1355 propinentur
429 1289 552 1346 coasilia.
568 1290 635 1360 Quis
655 1293 760 1351 dubitet
782 1307 894 1368 aposto·
951 1295 1035 1365 plum.
1064 1293 1158 1349 Refert
1195 1291 1280 1347 Lucas
1316 1287 1491 1361 evangelistis
1519 1285 1592 1356 (1¹1⁰d
1618 1285 1743 1358 (iflffidfffl

99 1375 151 1428 lum
181 1373 290 1430 Paulum
312 1390 373 1430 esse
396 1377 558 1450 sapientem,
578 1396 637 1436 cum
662 1392 689 1436 et
717 1385 810 1441 Petrus
835 1388 895 1458 ejus
948 1382 1054 1450 mulier,
1071 1397 1131 1453 quae
1154 1380 1255 1436 fluxum
1283 1377 1424 1448 sanguinis
1449 1375 1609 1447 patiebatur,
1635 1383 1744 1446 erogata

97 1462 268 1533 coapostolus
295 1463 457 1533 sapientiam
484 1466 508 1520 ei
535 1467 626 1523 datam
649 1487 709 1526 csse
731 1481 833 1528 astruat
857 1477 896 1544 (ll
948 1470 975 1525 in
1003 1469 1125 1526 medicos
1149 1477 1205 1524 tota
1242 1467 1391 1522 substantia
1431 1481 1494 1520 enm
1521 1463 1631 1520 minime
1657 1464 1744 1519 curari

97 1553 174 1606 Patr.
194 1549 354 1620 rtr,15),et
378 1551 499 1620 ejusdem
524 1557 637 1627 apostoli
666 1567 720 1614 tota
746 1561 892 1617 verborum
949 1558 1088 1627 potuisset,
1113 1554 1256 1612 accesserit
1296 1562 1380 1624 retro,
1409 1559 1435 1608 et
1462 1552 1579 1626 tetigerit
1609 1551 1742 1607 fimbriam

97 1639 181 1694 series
196 1637 232 1694 nil
247 1637 320 1694 aliud
336 1655 416 1710 quam
432 1642 590 1711 sapientiam
612 1647 757 1704 redoleat?
772 1650 893 1706 Proferat
947 1645 1100 1701 vestimenti
1140 1643 1258 1710 Domini,
1286 1650 1313 1698 et
1341 1641 1480 1698 confestim
1522 1641 1625 1698 steterit
1645 1641 1743 1698 vfluctus

97 1727 179 1797 igitur
192 1727 313 1794 consilia,
330 1735 357 1784 et
382 1745 429 1800 per
453 1731 514 1801 ipsa
537 1748 586 1789 nos
604 1733 710 1808 docear,
726 1738 790 1808 quid
809 1754 891 1811 pere.
947 1731 1088 1806 sanguinis
1112 1749 1118 1786 ι
1141 1731 1231 1784 lesum
1255 1745 1319 1788 vero
1342 1729 1443 1786 dixisse
1460 1749 1466 1784 :
1486 1731 1550 1800 Quis
1571 1745 1616 1785 me
1629 1731 1744 1802 ietiqit?

96 1815 263 1886 grinantibus
286 1816 369 1872 etad
393 1819 528 1875 eoelestem
562 1825 675 1894 patriam
704 1823 892 1884 festinantibus
947 1817 1205 1892 Cumquediscipuli
1228 1817 1444 1889 responderent:
1466 1818 1562 1874 farte
1577 1823 1603 1876 te
1618 1835 1743 1891 comprs-

98 1902 231 1977 expediat.
243 1907 282 1962 De
295 1907 461 1979 oirqinibus,
474 1907 571 1981 inquit,
591 1919 766 1984 preceptum
776 1918 892 1973 Domini
946 1911 1067 1966 montet
1077 1908 1222 1980 ostiiqunt,
1234 1911 1261 1963 et
1271 1905 1361 1962 dicis:
1375 1906 1441 1974 Quis
1455 1922 1500 1962 me
1512 1905 1625 1977 teiiqit?
1636 1921 1743 1961 rursum

98 2011 153 2052 non
167 1994 727 2074 hoico,consiliumeutemdo,tcnquam
737 2006 893 2062 misericor·
947 1997 1110 2067 retefii⁵S⁰²
1132 1996 1230 2068 Titii&
1258 2010 1303 2051 mss
1325 1995 1443 2066 aliiuwt
1463 2009 1532 2049 nom
1557 2000 1584 2050 02
1608 2011 1655 2064 690
1678 2011 1742 2050 noan

96 2081 171 2138 diem
182 2087 375 2142 consecutust
388 2087 517 2154 Domino,
529 2093 562 2145 ut
572 2089 627 2145 sim
636 2090 738 2160 fidelis.
750 2094 892 2151 Existimo
946 2089 1083 2146 uirtutem
1095 2086 1129 2143 tle
1139 2103 1184 2144 nte
1199 2087 1291 2143 entrsc
1305 2083 1384 2154 (tue.
1398 2097 1457 2150 V1¹¹t
1473 2083 1577 2152 ⁴3·4⁶)·
1591 2081 1663 2137 3⁶⁰0
1677 2097 1744 2153 ‘iffi

96 2185 157 2242 erqo
167 2171 216 2228 boc
225 2174 890 2251 bonumeseepropterinstantemnecessiiotcm,
946 2191 1029 2248 eques
1048 2172 1166 2247 presidii
1194 2173 1314 2231 hauserit
1341 2173 1438 2229 mulier
1463 2170 1497 2226 de
1525 2170 1598 2226 fonte
1625 2169 1742 2238 virtutis,

95 2259 226 2332 quoniam
241 2259 345 2319 bonum
359 2266 402 2320 esi
417 2264 526 2322 bomini
535 2267 575 2324 sic
588 2284 657 2338 csse,
673 2268 723 2326 hoe
736 2275 776 2326 est
790 2269 819 2325 in
833 2270 890 2329 vir-
946 2265 1044 2338 quibus
1059 2265 1149 2321 abluta
1168 2269 1208 2320 est
1228 2279 1245 2319 a
1268 2261 1401 2334 profluvio
1426 2259 1576 2332 sanguinis,
1593 2275 1653 2331 quae
1668 2257 1745 2316 nulla

96 2347 208 2421 ginitate
231 2364 349 2405 manere.
375 2349 404 2406 Si
428 2351 462 2408 de
486 2353 637 2426 virginibus
655 2366 821 2428 praeceptum
839 2360 891 2415 ha·
946 2355 1112 2411 medicorum
1128 2359 1185 2409 arte
1205 2359 1311 2424 poteret
1334 2349 1436 2406 sanari.
1452 2347 1532 2418 Quod
1555 2349 1578 2402 si
1598 2346 1659 2420 quis
1674 2345 1744 2416 abji-

94 2436 179 2502 bcrat,
200 2435 238 2491 nil
261 2437 344 2506 aliud,
363 2455 443 2512 quam
469 2441 541 2513 quod
565 2443 769 2516 praeciperetur,
785 2446 889 2504 liceret.
946 2442 1007 2509 ciat,
1023 2441 1158 2513 prolatum
1180 2439 1361 2497 testimonium
1385 2436 1452 2494 nihil
1475 2436 1509 2492 ad
1523 2451 1578 2491 rem
1602 2433 1743 2507 praesentis

94 2523 170 2580 Nunc
193 2541 257 2581 vero
280 2540 340 2582 cum
370 2538 515 2603 utrumque
536 2530 625 2598 liceat,
649 2533 692 2589 vel
715 2535 828 2602 nubere,
848 2537 891 2592 vel
946 2530 1037 2603 operis
1061 2529 1210 2603 pertinere,
1225 2544 1259 2584 eo
1288 2526 1363 2599 quod
1387 2527 1432 2582 illa
1455 2525 1550 2582 muller
1573 2539 1743 2598 nequaqnam

95 2625 148 2667 non
169 2613 280 2680 nubere,
296 2615 359 2686 qnid
381 2618 600 2689 compendiosius
618 2620 673 2675 diei
694 2623 791 2694 potuit,
810 2640 892 2696 quam
945 2619 1038 2676 abluta
1051 2634 1111 2675 esse
1134 2618 1286 2674 videatura
1308 2616 1406 2687 culpis,
1422 2615 1471 2671 ⁸⁰⁶¹
1491 2621 1594 2670 lanium
1617 2615 1652 2670 ab
1666 2613 1746 2686 aeifi·

95 2701 256 2758 benamesi
274 2703 383 2763 bomini
399 2707 440 2763 sic
460 2707 538 2764 esse?
551 2709 703 2779 praesertim
725 2725 785 2766 oum
800 2721 826 2768 et
841 2729 892 2768 ne·
947 2708 1039 2764 tudine
1062 2707 1161 2774 carnis,
1178 2706 1282 2765 noverit
1309 2706 1394 2761 moris
1422 2719 1481 2760 esse
1509 2703 1607 2759 divinae
1636 2702 1744 2760 virtutis

95 2789 225 2845 cessitatis
255 2793 380 2849 instantia
412 2795 568 2866 frequenter
592 2799 725 2871 obrepere
752 2802 847 2870 soleat,
865 2812 892 2860 et
947 2797 1022 2868 prius
1036 2795 1113 2854 cordi
1132 2795 1243 2862 mederi,
1260 2809 1340 2866 quarn
1360 2792 1478 2864 corpori.
1495 2792 1572 2849 Unde
1586 2802 1612 2848 et
1630 2789 1745 2848 tm

94 2877 147 2932 cito
172 2882 238 2935 mori
263 2881 322 2952 ipsa
345 2884 475 2953 temporis
498 2887 614 2944 brevitas
636 2896 740 2962 urgeat,
757 2891 891 2963 totiusque
946 2886 1018 2953 alibi,
1035 2902 1096 2941 cum
1119 2884 1228 2956 quidam
1251 2884 1276 2938 ei
1300 2882 1464 2954 paralyticus
1492 2879 1747 2938 offerretureuran-

95 2965 186 3019 mundi
209 2966 297 3042 figura
316 2974 541 3040 praetereantur
558 2992 621 3031 cum
642 2978 677 3033 de
696 2979 778 3035 vidua
792 2980 890 3052 loque·
947 2977 1008 3042 dus,
1026 2984 1149 3046 tanquam
1165 2974 1252 3029 bonus
1267 2978 1293 3027 et
1314 2971 1375 3044 pius
1390 2969 1523 3035 medicus,
1539 2970 1633 3026 volens
1648 2985 1743 3026 sanare

94 3063 189 3110 retur:
207 3058 329 3130 beatior,
346 3060 441 3133 inquit,
458 3064 514 3120 erit
536 3067 561 3122 si
588 3067 638 3134 sic,
654 3065 681 3121 id
706 3077 747 3123 est
770 3069 891 3140 innupta,
949 3067 1024 3138 prius
1038 3064 1110 3138 quod
1123 3070 1179 3121 erat
1190 3061 1290 3134 potius,
1302 3060 1381 3116 idest
1392 3065 1518 3127 mentem,
1531 3075 1611 3131 quam
1626 3073 1742 3128 carnem,

92 3149 285 3218 pcrntcnmn't
297 3150 454 3208 secundnm
473 3155 628 3212 coresiiiom
646 3171 741 3214 meum
760 3161 799 3214 dc
813 3174 846 3214 ne
860 3160 893 3216 tle
910 3153 932 3231 c
948 3156 984 3212 ait
997 3155 1084 3212 eidem
1096 3151 1264 3224 paralytico3
1282 3149 1404 3221 confide,
1418 3149 1472 3220 fili,
1484 3150 1676 3206 remittuntur
1692 3150 1744 3205 tibi

93 3234 205 3308 proprio
228 3236 317 3305 corde,
334 3245 360 3294 et
387 3254 441 3296 uon
467 3241 555 3314 potius
581 3242 616 3298 de
643 3243 717 3299 fonte
745 3243 890 3316 Sapientiae
943 3247 1061 3317 peccota
1076 3240 1241 3314 tumbaque
1251 3247 1344 3294 sanata
1363 3237 1747 3307 eonscientia,consequenter

91 3323 233 3381 videretur
252 3327 304 3384 boc
328 3327 416 3400 ipsum
436 3329 578 3387 consilinm
598 3331 808 3404 deprompsisse,
826 3334 890 3390 sub-
944 3339 1054 3388 sanatur
1073 3346 1179 3402 corpus,
1195 3344 1256 3386 cum
1281 3327 1380 3383 dicitur
1405 3345 1412 3382 :
1436 3327 1535 3398 Sorqc,
1552 3327 1618 3384 tolle
1638 3327 1744 3384 lectum

88 3411 158 3481 jecit
172 3411 282 3472 dicens:
294 3415 366 3472 Puto
381 3417 453 3488 quod
467 3422 496 3474 ei
509 3435 556 3489 eqo
565 3421 701 3492 spiritum
710 3422 762 3478 Dei
772 3421 889 3478 labeum
946 3429 1037 3492 tunm,
1049 3427 1078 3480 et
1093 3420 1162 3476 uode
1175 3419 1331 3480 intonen
1341 3419 1421 3473 inem
1432 3415 1545 3488 (Mutila.
1557 3431 1597 3484 tx,
1610 3418 1637 3480 2,
1649 3416 1688 3488 6).
1699 3416 1744 3472 Sic

91 3499 118 3568 (f
133 3503 194 3555 (sor.
211 3505 307 3574 vitii,
326 3505 371 3570 ιθ,
387 3504 442 3575 to).
459 3505 512 3560 Sed
523 3523 571 3563 cur
584 3521 636 3579 ego
649 3509 743 3580 paucis
759 3509 889 3566 immoror
945 3527 1010 3583 ergo
1035 3518 1063 3566 et
1086 3509 1165 3578 liujus
1193 3521 1241 3563 cor
1263 3504 1382 3562 mulieris
1406 3503 1481 3575 prius
1504 3503 1588 3561 abluit
1607 3505 1678 3560 intus
1692 3519 1743 3578 per

90 3589 234 3660 eaerrrplis,
251 3605 311 3646 eum
336 3591 363 3647 in
390 3593 450 3662 ejus
470 3591 560 3648 verbis
581 3593 670 3651 omnis
694 3613 787 3665 sexus,
803 3597 890 3654 omnis
943 3600 1046 3656 donum
1055 3597 1128 3664 fidei,
1139 3597 1209 3654 siout
1218 3595 1350 3666 scriptum
1364 3604 1414 3652 est.
1426 3594 1493 3652 Fide
1502 3595 1645 3651 muttdens
1660 3595 1743 3652 cordo

91 3677 209 3736 conditio
236 3679 378 3737 consilium
406 3682 537 3747 inveniat,
561 3683 586 3738 si
608 3683 754 3756 diligenter
776 3698 889 3760 quaerat,
945 3691 1062 3748 iliorum
1083 3689 1156 3759 (Act.
1182 3701 1227 3754 xv,
1252 3687 1354 3756 9),per
1387 3700 1468 3758 quam
1497 3683 1595 3740 meruit
1624 3682 1743 3740 exterius

91 3768 209 3824 satunst
236 3769 316 3839 Quod
343 3769 365 3824 si
392 3770 454 3840 quis
475 3770 611 3828 curiosius
637 3774 700 3829 velit
729 3776 888 3847 perspicere,
945 3778 1088 3849 impetrare
1108 3776 1220 3832 salutem
1242 3773 1374 3846 corporis.
1390 3772 1448 3828 lloo
1476 3771 1549 3829 enhn
1573 3773 1661 3828 innuit
1688 3772 1745 3844 ipsc

90 3868 180 3916 utrum
208 3875 303 3916 verum
330 3858 364 3914 sit
391 3859 463 3930 quod
491 3858 589 3915 dictum
618 3871 668 3927 est,
699 3862 732 3918 do
760 3863 891 3934 sapientia
946 3865 1087 3933 Dominae,
1107 3879 1170 3921 cum
1197 3862 1261 3918 dicit
1283 3881 1288 3918 :
1309 3862 1391 3926 Filio,
1409 3861 1478 3931 fides
1508 3867 1558 3917 inu
1580 3867 1608 3919 ic
1632 3863 1739 3918 saluom

91 3947 209 4003 consilia
230 3961 350 4014 manare,
367 3946 440 4020 legat
462 3947 545 4005 libros
572 3947 617 4020 qui
640 3947 823 4009 inscribuntur
840 3953 887 4009 Sa-
945 3959 1025 4030 iecit,
1040 3956 1109 4011 uode
1136 3956 1168 4010 in
1183 3968 1251 4027 pace
1265 3952 1343 4025 (Luc.
1359 3966 1419 4019 vm,
1435 3953 1489 4022 it).
1502 3949 1582 4020 Quod
1604 3963 1694 4007 eutem
1709 3952 1743 4008 de

92 4036 211 4110 pientiae,
227 4034 274 4090 ubi
298 4041 371 4092 totns
393 4034 523 4093 orationis
544 4045 684 4094 cantemus
711 4040 826 4096 consilia
845 4059 892 4113 pa·
945 4047 997 4101 hoe
1020 4043 1081 4114 ipso
1103 4043 1177 4099 fonte
1205 4040 1311 4096 virtutis
1338 4041 1494 4096 hauriantur
1518 4055 1594 4110 aquae
1623 4039 1742 4110 presidii

91 4140 151 4181 rare
168 4125 288 4182 videtur.
305 4122 331 4182 Si
359 4139 423 4182 vero
456 4125 606 4184 consultius
633 4134 659 4183 et
686 4128 778 4186 uti¹ius
801 4129 892 4188 studet
945 4135 972 4188 in
985 4131 1137 4200 tormentis,
1154 4130 1302 4188 ostendunt
1316 4139 1342 4184 et
1365 4128 1402 4184 illi
1419 4136 1473 4184 tres
1494 4128 1570 4200 pueri
1586 4127 1613 4186 in
1628 4125 1745 4184 fornacis

89 4217 173 4273 vitam
190 4213 252 4270 inde
266 4213 377 4288 eligere,
393 4215 484 4272 audiet
508 4215 595 4288 ipsam
617 4216 763 4275 salubriter
777 4218 891 4278 invitan-
945 4222 1070 4280 incendio
1097 4218 1235 4278 aestuantis
1260 4217 1351 4292 positi,
1366 4218 1465 4289 quibus
1488 4217 1547 4287 ipsa
1570 4215 1680 4272 flamma
1702 4235 1744 4274 re-

89 4315 141 4360 tem
169 4303 334 4376 Sapientiam
351 4321 358 4363 :
375 4305 406 4362 si
429 4307 480 4376 uis,
498 4304 593 4377 inquit,
609 4306 645 4362 ud
668 4308 759 4366 uitem
783 4312 890 4378 venire,
946 4311 1037 4384 friguit
1052 4311 1135 4384 (Dan.
1153 4308 1209 4382 tu);
1226 4315 1252 4366 et
1277 4308 1413 4380 praecipue
1436 4305 1551 4378 inclytus
1574 4303 1620 4360 ille
1644 4315 1745 4380 martyr

89 4411 173 4452 serva
197 4393 333 4451 monimo
356 4393 467 4465 (Mutila
494 4409 556 4467 xix,
582 4398 637 4467 ll).
662 4397 767 4466 Quaeris
788 4401 891 4470 cuins?
907 4434 931 4511 Β
946 4401 1101 4460 Vincentius
1135 4400 1191 4472 qui,
1220 4414 1282 4456 cum
1325 4397 1442 4472 graviter
1479 4404 1661 4469 torqueretur,
1690 4413 1745 4454 uon

87 4487 193 4548 Deum,
204 4481 300 4554 inquit,
315 4483 432 4554 timaei
446 4484 583 4542 mandato
598 4489 658 4559 ejus
668 4489 890 4562 obseroaOEccli.
945 4491 1035 4549 solum
1050 4491 1189 4556 tolerasse,
1201 4489 1249 4546 sed
1265 4487 1348 4544 etiam
1360 4494 1489 4543 tortorem
1497 4501 1576 4542 suum
1591 4495 1745 4544 constanter

86 4589 141 4640 111,
161 4570 319 4642 t3).dudiat
343 4589 404 4629 eam
430 4572 519 4646 ipsam
542 4583 662 4631 materno
688 4576 785 4634 affectu
806 4579 895 4660 inde-¹
944 4595 1106 4656 provocasse
1129 4577 1215 4634 fertur
1239 4575 1281 4632 his
1304 4576 1418 4635 verbis:
1437 4595 1449 4627 n
1475 4574 1597 4649 losinga,
1614 4595 1627 4626 n
1646 4575 1743 4648 inquit,

86 4671 211 4721 mantem
227 4681 233 4722 :
249 4665 292 4720 Do
312 4664 385 4720 milti
406 4679 455 4724 cor
472 4669 554 4722 tuum
577 4665 669 4738 (Pron.
686 4682 769 4740 xxttt,
786 4668 890 4742 26).0
947 4692 959 4724 r
984 4677 1011 4727 et
1034 4675 1090 4727 toto
1113 4664 1287 4738 malignitatis
1317 4664 1412 4738 spiritu
1441 4663 1620 4734 debacchare;
1642 4663 1745 4721 videbis

85 4761 221 4824 quantum
244 4751 350 4817 vellem,
373 4764 401 4810 et
422 4769 474 4829 ego
493 4769 646 4812 cormeum
660 4754 688 4811 in
703 4757 764 4827 ejus
777 4759 890 4814 verbum
944 4777 988 4817 me
997 4758 1048 4818 Dei
1060 4758 1157 4817 virtute
1172 4755 1236 4828 plus
1245 4770 1326 4828 posse
1335 4754 1398 4810 dnm
1410 4760 1549 4826 torqueor,
1561 4769 1641 4826 quam
1655 4756 1744 4826 possis

83 4839 271 4912 suspendere,
290 4842 325 4898 de
348 4843 427 4912 cuius
450 4858 498 4899 ore
516 4844 628 4902 mirilico
650 4854 703 4902 tam
726 4846 890 4905 dulciavitae
945 4852 1004 4922 ipse
1030 4848 1077 4922 qui
1101 4855 1218 4918 torques.
1247 4867 1258 4896 t
1286 4845 1400 4901 Possent
1427 4845 1508 4918 plura
1536 4845 1569 4900 de
1597 4845 1649 4900 hoc
1668 4844 1741 4902 fonte

82 4931 206 4988 consilia
232 4929 313 4990 audio
346 4931 509 5002 personare!
539 4932 645 4991 Utinam
675 4943 765 4992 eutem
788 4945 814 4993 et
838 4937 890 4992 lin·
945 4936 1053 4996 virtutis
1073 4934 1210 5008 copiosius
1229 4933 1294 5004 diei,
1314 4935 1360 4990 sed
1376 4950 1435 4990 eum
1451 4933 1739 5006 sttct'nctepraetereo,

80 5037 151 5094 gnae
171 5034 241 5076 meae
255 5018 385 5077 calanum
408 5019 436 5076 in
454 5021 514 5092 ejus
532 5021 606 5080 fonte
620 5038 730 5095 possem
744 5024 889 5101 intingere,
945 5027 1053 5102 quiade
1068 5021 1489 5096 fontevirtutis[clinaclttritat.
1531 5022 1626 5079 bibere
1641 5021 1740 5095 pentius,

80 5125 142 5183 qno
168 5108 286 5166 idoneus
306 5123 395 5167 essem
414 5126 445 5166 ee
459 5113 567 5184 qubque
580 5129 641 5186 quae
657 5122 759 5170 restant
772 5115 805 5170 de
817 5116 888 5171 duo·
947 5133 1028 5190 qnam
1044 5114 1162 5172 scribere
1181 5112 1316 5171 desidero.

79 5202 138 5256 bus
157 5197 292 5266 fontibus,
315 5198 341 5255 id
369 5205 411 5256 εει
438 5199 544 5256 virtutis
566 5211 593 5258 ει
624 5202 768 5269 charitatis,
789 5203 891 5261 utiliter
980 5209 1008 5264 ι.
1024 5205 1067 5262 to
1084 5207 1156 5261 hune
1171 5202 1273 5260 fontem
1286 5202 1429 5259 invitamur
1453 5201 1642 5274 aeuemptorts
1656 5203 1742 5260 nostri

78 5288 221 5345 exarare!
946 5312 1012 5354 voce
1027 5294 1141 5352 dicentis
1157 5296 1208 5352 :Si
1227 5293 1289 5367 quis
1307 5293 1379 5358 sitit,
1397 5293 1503 5360 vertici,
1520 5296 1549 5350 et
1568 5292 1652 5360 bibet,
1668 5299 1695 5352 et
1710 5293 1743 5351 de

120 5381 151 5436 t.
174 5378 209 5434 tu
228 5377 355 5450 quoniam
371 5387 487 5452 quatuor
502 5379 545 5435 isti
561 5378 649 5437 fontes
662 5380 697 5438 ita
711 5381 762 5438 sibi
777 5383 889 5441 invicem
945 5389 1044 5446 rientrc
1054 5385 1115 5458 ejus
1126 5385 1307 5458 fluentaque
1318 5385 1397 5442 oium.
1408 5382 1439 5438 Et
1451 5382 1742 5457 secutusEvengclistn

77 5481 217 5539 saporem
233 5467 434 5534 transfundunt,
450 5480 479 5526 nt
501 5467 546 5544 qui
570 5470 604 5526 de
625 5486 681 5527 uno
697 5472 804 5541 biberit,
819 5490 889 5548 qua·
947 5475 1073 5548 exposuit
1094 5476 1128 5531 ad
1152 5491 1232 5549 quom
1255 5474 1358 5531 fontem
1383 5489 1432 5529 nos
1458 5471 1593 5540 invitaret,
1617 5471 1711 5530 dicens
1733 5491 1739 5530 :

77 5558 151 5612 dam
184 5555 317 5613 ineffabili
344 5557 494 5616 dilectionis
526 5559 670 5617 dulcedine
696 5561 824 5620 invitetur
855 5565 889 5620 ad
947 5569 1107 5625 lloeuutem
1123 5566 1246 5623 dimitite
1263 5565 1383 5635 Spiritu,
1399 5581 1480 5637 quern
1499 5565 1741 5636 accepturierunt

77 5647 184 5718 aliurn,
199 5646 268 5702 libet
284 5650 341 5719 jam
360 5651 395 5706 de
414 5651 545 5722 sapientia
568 5653 599 5707 ad
625 5652 749 5710 virtutem
765 5654 888 5720 transire,
948 5657 1090 5713 credcrttet
1114 5673 1146 5712 tn
1164 5673 1229 5714 erent
1252 5655 1345 5724 (lettre.
1369 5668 1418 5719 vu,
1444 5655 1550 5726 37-39).
1570 5651 1666 5722 Quem,
1690 5656 1740 5711 uisi

76 5747 108 5793 et
143 5739 266 5810 qualiter
299 5739 370 5797 illinc
397 5741 552 5798 lacrimantur
579 5759 655 5814 aquae
688 5743 889 5816 praesidiorum,
947 5745 1075 5818 Spiritum
1105 5745 1252 5812 charitatis,
1285 5761 1365 5816 epitom
1409 5743 1524 5800 numdus
1567 5760 1621 5798 rron
1656 5753 1742 5812 poteo
