3996 6350
209 319 246 380 99
682 312 710 372 S.
730 307 901 374 studebit
922 307 1060 376 tuellis
1075 309 1392 378 dtlnffistttnslffls
1818 311 1883 374 loo

211 452 239 502 ει
256 445 307 501 hoc
328 457 410 499 unum
433 440 493 508 tria,
516 453 572 496 non
591 438 751 496 comissione
775 439 944 506 substantioe,
960 440 1009 496 scd
1026 460 1050 538 Α
1067 441 1110 498 hee
1124 440 1185 497 duae
1198 440 1305 513 specics
1319 441 1347 496 iu
1366 447 1444 498 utero
1460 439 1591 514 Virginis,
1606 439 1778 512 tanquamnn
1788 449 1880 494 mor-

211 533 314 590 unitate
330 543 465 604 personae.
488 529 553 585 lleec
566 536 610 584 est
631 528 719 599 prima
741 538 770 584 ει
789 529 1009 601 superexcellens
1066 529 1184 589 teriolo:
1201 536 1294 587 sancto
1315 529 1426 604 Spiritu,
1442 537 1571 603 tauquam
1590 527 1701 601 pistillo,
1718 527 1778 584 illas
1799 541 1877 604 sus-

210 621 338 692 misturs;
361 625 389 675 et
412 621 471 675 haec
490 617 578 690 prime
600 619 673 673 inter
695 622 761 673 tres.
786 618 904 675 Adverte
928 619 1008 676 homo
1065 619 1135 676 viter
1155 620 1358 678 commiscente.
1382 619 1436 675 Sed
1450 619 1513 691 quis
1535 618 1664 690 indiguus
1677 633 1739 674 eras
1752 617 1798 674 cui
1814 616 1874 672 do-

209 711 272 783 quia
285 709 366 766 fimus
387 723 426 776 εε,
444 716 471 762 ει
492 723 547 763 non
566 707 604 762 sis
622 707 768 776 superbus;
783 707 846 780 qnia
865 709 923 764 Deo
940 723 1008 764 con·
1064 717 1186 781 nasetur,
1207 709 1298 765 datum
1322 715 1364 765 εει
1382 707 1483 776 narie,
1503 715 1534 764 ut
1557 723 1606 779 per
1629 705 1702 762 illam
1722 705 1874 777 acciperes

207 802 318 870 junctus
331 813 373 868 es,
390 804 418 853 et
433 811 488 852 non
504 795 541 851 sis
554 796 688 868 ingratus.
958 865 961 870 Ι
1065 797 1195 870 quidquid
1218 798 1357 854 haberes:
1373 813 1434 869 qutae
1457 812 1507 868 per
1528 797 1580 853 hoc
1601 795 1676 868 quod
1698 805 1788 851 meter
1812 801 1872 860 εει,
1970 819 1971 864 3

245 892 272 943 9.
299 886 426 944 Secunda
450 885 563 941 mistura
584 892 636 952 est,
653 884 735 958 Virgo
758 890 786 940 et
806 891 902 952 mater,
918 884 1008 941 admi·
1065 886 1159 961 genuit
1172 885 1254 944 165
1271 886 1319 942 tibi
1339 887 1425 942 Deum
1443 904 1449 944 :
1465 899 1515 957 per
1538 887 1591 941 hoc
1612 884 1684 957 quod
1709 885 1786 956 virgo
1813 890 1871 949 εει,
1970 891 1971 932 1

210 976 304 1032 rabilis
319 977 400 1050 plane
415 981 444 1032 et
457 974 612 1046 singularis.
623 975 645 1029 Α
656 973 754 1028 saeculo
766 989 820 1030 non
835 981 877 1030 cst
890 974 1010 1030 anditum
1065 975 1192 1031 exaudita
1206 983 1247 1032 εει
1265 991 1314 1046 pro
1328 974 1483 1032 reverentia
1501 989 1549 1030 sua
1572 974 1600 1029 in
1622 987 1704 1029 censs
1718 981 1763 1030 tnu
1778 981 1807 1028 et
1825 979 1873 1028 to·
1970 995 1971 998 ¹

210 1066 285 1139 quod
299 1066 377 1138 virgo
389 1073 462 1120 esset
475 1079 535 1137 quoe
546 1063 664 1135 peperit,
675 1065 749 1135 quod
763 1069 851 1119 meter
864 1072 937 1119 esset
950 1079 1011 1135 qnae
1066 1065 1119 1119 tius
1132 1063 1243 1136 generis
1257 1065 1379 1120 hnmani.
1395 1063 1423 1120 Si
1437 1063 1495 1118 sola
1517 1071 1604 1119 mater
1627 1068 1710 1128 essct,
1727 1059 1873 1118 sufficeret
1970 1067 1971 1100 ὲ

209 1155 288 1228 virgo
315 1154 476 1226 permansit.
499 1154 643 1224 Nunquam
668 1153 745 1222 juxta
773 1167 864 1207 rerum
887 1152 1010 1208 ordinem
1066 1153 1091 1207 ei
1106 1158 1135 1208 ut
1149 1153 1301 1208 salvaretur
1315 1168 1366 1224 per
1385 1152 1502 1208 liliorum
1522 1150 1729 1223 generationem
1745 1169 1753 1207 ι
1769 1151 1791 1207 si
1806 1149 1871 1207 sole

211 1243 355 1321 virginitas
370 1251 424 1308 εει,
438 1243 486 1298 ubi
505 1241 658 1297 iucunditas
676 1241 848 1312 praedicatur‚
863 1256 898 1296 ne
912 1241 1010 1297 fecun—
1065 1242 1153 1314 virgo,
1166 1240 1303 1296 sufficeret
1317 1240 1386 1308 sibi;
1402 1256 1454 1297 neo
1467 1240 1629 1298 benedictus
1642 1240 1746 1297 fructus
1759 1239 1871 1297 ventris

211 1333 294 1403 ditas,
314 1333 360 1388 ubi
380 1331 518 1404 virginitas
536 1330 643 1402 integra
661 1337 848 1386 conservatur.
871 1329 934 1386 Sola
953 1331 1011 1386 lraec
1066 1332 1135 1402 ejus,
1151 1329 1244 1386 mundi
1263 1329 1382 1402 pretium
1405 1337 1489 1387 esset.
1512 1331 1580 1385 Cum
1604 1344 1671 1404 ergo
1685 1329 1714 1384 iu
1728 1329 1819 1402 prima
1835 1327 1871 1384 sit

212 1430 265 1492 est,
281 1422 309 1477 iu
324 1437 377 1493 que
392 1420 534 1494 virginitas
548 1425 576 1475 ει
590 1417 742 1474 fecunditas
755 1418 932 1475 obviaverunt
947 1418 1010 1474 sibi.
1065 1417 1226 1486 remedium,
1248 1419 1276 1473 in
1299 1419 1419 1475 secunda
1440 1418 1604 1488 adjutorium
1627 1425 1683 1487 εει;
1709 1418 1772 1490 quia
1796 1415 1870 1472 nibil

211 1511 254 1568 lbi
266 1509 351 1566 semel
376 1508 475 1565 lactum
500 1516 543 1563 εει
557 1507 631 1580 quod
654 1507 754 1564 sactum
775 1523 830 1563 uon
844 1507 943 1576 luerat,
960 1523 1011 1564 nec
1066 1523 1117 1565 nos
1131 1510 1205 1564 Deus
1219 1507 1321 1564 bebere
1333 1507 1429 1577 uoluit,
1440 1506 1513 1578 quod
1527 1523 1577 1578 per
1592 1507 1683 1563 Mariae
1696 1522 1794 1562 manue
1807 1521 1870 1562 non

211 1599 259 1655 liet
271 1599 300 1655 in
314 1603 457 1664 aeternnm,
473 1597 536 1669 quie
557 1612 610 1653 nec
623 1595 739 1667 primam
757 1595 871 1652 similem
885 1597 943 1655 risa
958 1603 1010 1664 est,
1066 1597 1203 1653 transiret.
1227 1597 1257 1651 ln
1282 1595 1360 1652 tertia
1382 1603 1472 1651 autem
1495 1595 1620 1652 meritum
1644 1603 1696 1668 eet,
1712 1595 1776 1668 uuis
1801 1610 1870 1652 oum

211 1704 264 1744 uec
277 1688 381 1743 hebere
398 1695 571 1759 sequentem.
595 1685 687 1742 Tertia
707 1693 749 1743 cst
767 1684 836 1741 fides
850 1692 878 1741 et
892 1701 939 1742 cor
958 1688 1011 1742 hu·
1066 1686 1125 1742 haec
1140 1683 1252 1741 firmiter
1273 1683 1419 1750 credimus,
1435 1684 1491 1755 jam
1514 1685 1641 1740 meritum
1664 1684 1818 1740 babemus:
1837 1691 1869 1740 et

211 1791 341 1843 mnnum3
358 1784 386 1831 et
400 1777 457 1831 baec
477 1775 588 1847 quidem
607 1775 694 1846 prima
711 1782 740 1830 et
754 1774 870 1830 fecunda
889 1775 1011 1848 inferior,
1067 1773 1094 1830 in
1110 1772 1162 1830 lide
1183 1773 1284 1830 sanitas
1306 1781 1356 1845 est,
1372 1773 1437 1846 quis
1458 1773 1506 1844 qui
1528 1773 1686 1840 crediderit,
1703 1774 1792 1830 salvtis
1809 1773 1870 1830 erit

211 1866 260 1921 sed
275 1879 330 1921 nou
345 1864 436 1920 minus
450 1864 562 1920 forsitan
577 1862 664 1918 fortis.
679 1863 776 1919 ldirum
791 1865 864 1920 enim
878 1871 930 1932 εει,
942 1880 1011 1937 quo·
1029 1858 1051 1935 Β
1069 1864 1163 1936 (ldurc.
1178 1877 1237 1930 xvi,
1255 1864 1312 1934 ιθ).

212 1955 295 2010 modo
305 1969 354 2011 cor
364 1955 510 2010 humanum
520 1953 562 2008 bis
577 1952 682 2008 duobus
696 1951 778 2008 fidem
787 1955 1011 2024 accommodavit,
1367 1951 1485 2008 SEllllO
1514 1949 1559 2006 IV.

212 2043 350 2115 quomodo
364 2042 440 2099 credi
454 2042 541 2114 potuit
554 2041 627 2114 quod
645 2042 720 2097 Deus
734 2042 816 2097 bomo
837 2050 924 2112 esset3
939 2042 1013 2113 quod
1104 2043 1140 2100 lle
1153 2040 1294 2097 medicina
1305 2040 1392 2106 leuce,
1403 2043 1432 2096 ct
1445 2041 1554 2097 deliciis
1567 2040 1695 2098 dextere
1707 2039 1827 2098 Εεεειει.

212 2132 291 2205 virgo
319 2131 535 2203 manseritque
561 2130 726 2203 peperisset.
757 2131 834 2187 Sicut
861 2130 962 2188 ferrum
986 2138 1014 2187 ει
1104 2133 1130 2184 l.
1150 2129 1317 2186 llodiernum
1332 2129 1441 2202 quidem
1463 2143 1620 2186 sermonem
1645 2128 1757 2184 Ordinis
1778 2127 1867 2186 nostri
1970 2167 1971 2198 ,

213 2229 282 2276 tosta
294 2221 373 2292 jungi
396 2235 451 2276 non
476 2226 602 2292 possunt,
619 2219 659 2276 sic
673 2227 700 2276 et
714 2220 772 2275 haec
796 2220 850 2276 duo
873 2229 1014 2292 nequeunt
1068 2218 1236 2275 consuetudo
1248 2233 1302 2273 non
1317 2217 1416 2290 exigit3
1432 2218 1481 2274 scd
1495 2218 1613 2274 crastiua
1626 2232 1695 2289 opus
1717 2218 1769 2275 erit
1791 2219 1866 2274 circa

213 2308 395 2376 commisceri,
411 2310 434 2365 si
455 2324 510 2365 non
529 2307 643 2366 misceat
661 2307 795 2382 glutinum
820 2308 935 2380 Spiritus
951 2309 1012 2366 Dei.
1067 2307 1209 2362 missarum
1223 2307 1354 2363 solemnia
1372 2307 1473 2366 diutius
1496 2306 1634 2379 occupari,
1649 2313 1677 2363 et
1691 2307 1758 2364 hore
1774 2308 1865 2364 brevis

212 2398 323 2469 Ergone
348 2396 516 2454 credendum
532 2406 575 2455 est
601 2398 674 2470 quod
699 2398 750 2456 iste
763 2399 838 2455 Deus
852 2398 887 2454 sit
901 2397 946 2470 qui
960 2411 1012 2471 po·
1067 2396 1201 2453 sennonie
1214 2395 1412 2480 longitudinem
1427 2411 1482 2452 non
1497 2395 1631 2452 admittet.
1647 2397 1794 2468 Propterea
1809 2411 1864 2453 nou

212 2487 286 2542 nitur
300 2487 327 2542 iu
349 2487 495 2560 praesepio,
511 2488 557 2560 qni
581 2487 656 2563 ragit
678 2489 706 2543 in
720 2487 809 2559 cunis,
824 2487 870 2560 qui
891 2487 1013 2544 omnium
1068 2487 1117 2540 abs
1140 2501 1170 2541 re
1192 2495 1258 2556 puto
1283 2501 1438 2556 praeparare
1463 2485 1542 2541 hodie
1565 2485 1648 2542 corda
1670 2493 1761 2542 vestre
1783 2493 1863 2541 tanta

210 2575 374 2632 infantilium
397 2577 592 2634 necessitatum
617 2577 734 2648 injurius
753 2576 870 2648 petitur,
895 2577 940 2648 qui
962 2576 1014 2630 lla·
1069 2573 1242 2642 solemnitati,
1264 2575 1416 2648 praesertim
1441 2589 1503 2629 cum
1525 2573 1560 2630 sit
1587 2572 1796 2646 profundissima
1819 2591 1863 2630 sa·

211 2664 338 2737 gellatur,
353 2664 399 2738 qni
422 2665 593 2738 conspuitur,
610 2666 656 2738 qui
679 2665 857 2737 crucifigitur,
873 2665 921 2737 qui
935 2666 1013 2731 poni·
1068 2663 1201 2719 crementi
1228 2663 1309 2732 huius
1330 2669 1359 2718 ει
1380 2663 1661 2735 incomprehensibilis
1689 2663 1812 2730 altitudo,
1836 2674 1864 2722 et

212 2761 256 2811 tur
276 2754 305 2809 iu
320 2753 456 2824 sepulcro,
472 2763 500 2810 ει
518 2754 590 2811 ἰιιιει·
614 2755 683 2810 duos
706 2753 811 2826 lapides
834 2753 1013 2826 concluditur,
1069 2759 1198 2825 tauquam
1223 2751 1284 2808 lons
1305 2752 1368 2808 ritae
1381 2766 1435 2823 quo
1460 2753 1546 2827 tnagis
1568 2753 1714 2824 hauriatur,
1731 2767 1764 2809 eo
1778 2753 1861 2825 magis

211 2843 338 2900 excelsus
353 2848 382 2898 et
395 2842 573 2898 immensus?
589 2843 674 2899 lllaue
688 2843 766 2916 virgo
781 2843 843 2913 erit,
860 2859 920 2916 quse
934 2843 1015 2899 lactat
1069 2841 1223 2896 exuberans
1236 2855 1374 2913 nunquam
1389 2841 1478 2898 valeat
1499 2841 1644 2896 exhauriri.
1669 2841 1794 2912 Denique
1807 2841 1861 2898 scio

212 2947 338 3004 puerum,
354 2931 399 2988 cni
419 2931 532 2988 maritus
556 2931 701 2988 continuus
725 2947 817 2989 comes
836 2942 888 3002 est,
902 2932 930 2987 iu
944 2947 1012 2988 con·
1068 2927 1294 3000 quemadmodum
1303 2929 1425 2986 abundet
1435 2931 1599 3001 prochristo
1608 2930 1747 2986 tribulatio
1756 2939 1861 2987 restra:

211 3020 296 3089 virio,
321 3020 349 3076 in
375 3020 514 3090 thalam03
540 3021 588 3093 qui
610 3022 685 3078 ducit
712 3021 784 3078 illem
808 3021 836 3077 in
855 3023 1011 3096 AEgyptum,
1068 3021 1096 3074 et
1110 3018 1214 3074 utinam
1227 3017 1348 3074 abundet
1365 3025 1392 3074 et
1410 3018 1558 3075 consolatio
1578 3025 1668 3075 vestre
1686 3035 1736 3092 per
1753 3018 1863 3090 ipsum?

213 3108 319 3166 reducit
329 3109 363 3165 ab
373 3110 500 3184 AEgypto,
511 3111 619 3167 etsolns
628 3109 1010 3183 cumsolatamlouginquem,
1066 3107 1135 3164 Nam
1150 3107 1317 3163 mundialem
1331 3106 1443 3178 quidem
1457 3107 1861 3165 consolationemrobisofferre

213 3207 268 3254 tum
291 3205 425 3256 secretam
443 3198 552 3257 coniicit
573 3199 664 3258 viam?
685 3201 826 3270 Quomodo
851 3200 939 3274 potuit
961 3201 1012 3257 boc
1067 3213 1119 3255 uec
1141 3197 1219 3269 libet,
1243 3213 1295 3254 uec
1314 3198 1389 3254 licet.
1409 3196 1477 3254 Vilis
1494 3205 1546 3268 εει,
1564 3199 1640 3255 etad
1655 3196 1768 3255 nihilum
1792 3199 1862 3255 utilis

212 3286 374 3360 persuaderi
387 3289 484 3364 generi
498 3290 629 3358 humano,
642 3289 772 3347 universo
785 3290 844 3347 orbi
859 3289 1012 3346 terrarum?
1068 3287 1224 3359 hujusmodi
1242 3287 1414 3344 consolatio:
1432 3296 1469 3360 ct,
1485 3289 1558 3361 quod
1577 3290 1663 3361 magis
1686 3295 1729 3346 εει
1742 3297 1864 3346 metuen-

213 3378 248 3434 lit
263 3384 353 3434 tamen
370 3385 425 3434 tam
448 3377 537 3448 facile,
554 3387 608 3434 tam
632 3385 759 3451 potenter
781 3393 943 3452 persuasum
958 3385 1011 3447 est,
1067 3377 1143 3444 dum,
1160 3377 1240 3434 etiarn
1264 3391 1336 3434 rerae
1358 3391 1391 3434 ac
1414 3377 1529 3434 salubris
1551 3377 1745 3435 consolationis
1759 3384 1802 3436 cst
1816 3379 1864 3433 im·

214 3473 244 3522 ut
262 3467 328 3522 mihi
351 3467 382 3523 id
403 3467 535 3525 credibile
560 3468 642 3526 iaciat
664 3469 834 3526 credentium
856 3467 1010 3526 multitudo.
1067 3467 1264 3539 pedimeutum.
1280 3467 1428 3539 Propterea
1442 3466 1489 3540 qui
1510 3468 1655 3525 delectatio
1678 3476 1720 3525 εει
1734 3477 1762 3526 ει
1776 3468 1864 3542 gloria

209 3557 334 3614 iuvenes
348 3556 514 3630 etrirgines,
532 3573 614 3615 senes
628 3573 689 3615 cnm
702 3558 855 3630 iunioribus
870 3559 1013 3631 elegerunt
1067 3555 1237 3628 angelorum,
1252 3555 1312 3628 ipse
1329 3555 1415 3613 iactus
1425 3561 1468 3613 εει
1481 3557 1554 3614 salus
1567 3564 1595 3614 ει
1616 3557 1767 3616 consolatio
1786 3558 1865 3616 mise-

214 3643 290 3702 mille
312 3645 446 3703 mortibus
468 3646 549 3718 mori,
565 3663 646 3721 quam
668 3648 712 3706 vel
733 3649 767 3705 ad
790 3653 958 3706 momentum
978 3647 1012 3703 ab
1067 3660 1179 3715 rorum;
1202 3645 1249 3720 qui
1276 3646 1305 3702 in
1332 3646 1440 3705 ciuitate
1468 3663 1516 3706 ena
1543 3663 1659 3722 magnus
1686 3653 1714 3705 ει
1741 3647 1865 3706 sublimis

208 3733 266 3791 ista
280 3733 335 3792 fide
350 3735 480 3796 delicere.
1067 3734 1146 3792 valde
1167 3733 1303 3792 beatificat
1323 3736 1407 3805 cives,
1432 3737 1491 3810 ipse
1514 3737 1543 3793 iu
1566 3737 1660 3794 exsilio
1687 3735 1814 3809 parvulus
1836 3745 1868 3794 et

251 3825 296 3881 tt.
310 3825 345 3881 Et
359 3825 417 3882 haec
431 3825 542 3898 quidem
560 3825 673 3883 mistura
693 3827 840 3898 excellens,
855 3823 906 3884 sed
921 3825 1013 3884 excel·
1068 3823 1176 3880 humilis
1190 3824 1271 3880 velde
1296 3823 1412 3882 laetificst
1434 3825 1557 3896 exsulee3
1572 3826 1660 3898 etqui
1675 3825 1704 3882 in
1728 3825 1866 3883 altissimis

214 3911 314 3970 lentior
328 3921 370 3971 cst
383 3915 512 3981 secunde,
528 3916 606 3973 tertie
625 3931 692 3976 vero
711 3915 939 3974 excellentissima
960 3922 1011 3971 εει.
1068 3919 1111 3968 εει
1126 3912 1212 3984 glorie
1225 3913 1322 3981 Petris,
1338 3913 1426 3970 lactus
1439 3921 1482 3972 εει
1496 3915 1524 3970 in
1538 3923 1611 3972 terra
1634 3931 1687 3987 pax
1711 3913 1867 3974 homiuibus

215 4003 331 4058 Primam
353 4001 426 4060 auris
447 4004 559 4071 audivit,
575 4005 625 4062 sed
640 4001 741 4063 ¹ottrtlus
765 4021 821 4060 nou
843 4003 911 4060 ridit
927 4019 934 4059 :
950 4000 1015 4074 quia
1068 4000 1147 4057 boues
1161 4001 1317 4059 volontatis.
1340 4003 1470 4061 Parvulas
1492 4005 1565 4061 enim
1585 4005 1664 4062 datus
1677 4010 1720 4062 est
1733 4005 1866 4080 parvulis,

213 4092 333 4148 andium
348 4100 390 4149 est
403 4093 569 4150 etcreditum
578 4109 665 4166 usque
675 4093 703 4149 in
715 4093 785 4150 fines
794 4100 876 4149 terrae
885 4105 1014 4163 magnum
1068 4096 1098 4144 ut
1112 4104 1226 4164 magnus
1240 4090 1320 4148 detur
1333 4091 1449 4166 megale,
1462 4101 1490 4150 et
1504 4108 1573 4166 quos
1585 4093 1713 4165 justillcst
1727 4092 1866 4166 paruulus,

211 4181 280 4237 illud
311 4181 420 4254 pietatis
452 4190 669 4252 sacramentum
704 4181 754 4239 sed
784 4187 875 4237 tamen
908 4179 1014 4248 oculus,
1068 4177 1865 4256 magnificetpostmodumetglorilioetmagnusetglorio·

213 4272 299 4338 Deus,
315 4286 370 4328 nou
389 4270 455 4328 vidit
478 4272 582 4348 absque
605 4279 643 4344 ιε,
659 4271 840 4346 quomodote
861 4269 933 4325 intra
953 4269 1013 4326 vir·
1068 4281 1127 4323 eus.
1142 4267 1210 4323 llinc
1224 4268 1284 4325 siue
1296 4269 1378 4327 dubio
1393 4271 1448 4329 llus
1469 4271 1610 4330 electionis
1632 4271 1706 4346 quod
1721 4273 1757 4329 de
1771 4273 1865 4345 pleni-

213 4358 287 4431 giuei
300 4361 404 4417 ventris
416 4363 557 4435 angrrstias
575 4365 695 4420 humano
714 4359 823 4433 corpori
837 4357 1012 4430 conjunxisti.
1068 4355 1161 4412 tudine
1175 4356 1280 4427 parvuli
1295 4358 1376 4429 hujus
1390 4367 1535 4433 acceperat
1549 4361 1622 4430 (licet
1636 4360 1708 4417 enim
1724 4361 1863 4434 parvulus,

215 4448 366 4505 Secundam
384 4453 478 4508 oculus
497 4452 573 4521 vidit,
589 4453 653 4524 quia
668 4467 698 4508 se
717 4449 863 4506 secundam
883 4455 910 4504 et
929 4447 1013 4520 uirgi-
1068 4444 1118 4500 sed
1132 4444 1238 4516 plenus,
1253 4445 1351 4518 plenus
1370 4448 1458 4520 gratie
1477 4456 1504 4504 ει
1517 4450 1641 4514 veritate,
1658 4458 1685 4506 ει
1697 4451 1725 4506 ιιι
1741 4466 1796 4522 quo
1811 4453 1864 4508 lra-

214 4552 277 4592 nem
290 4538 334 4594 illa
347 4539 493 4612 singularis
517 4541 624 4613 neuim
647 4539 880 4611 conspersitque
902 4552 1012 4594 censer·
1067 4533 1135 4590 bitet
1153 4535 1242 4591 omnis
1260 4536 1399 4608 plenitudo
1422 4536 1569 4596 divinitatis
1590 4539 1780 4613 corporaliter)
1799 4541 1866 4612 (Co-

210 4626 294 4682 rsbat
314 4630 405 4684 omnia
426 4629 511 4686 verba
536 4633 604 4696 haec,
620 4627 768 4686 conferens
791 4627 820 4683 in
833 4627 916 4684 corde
936 4641 986 4684 suo
1002 4641 1010 4684 :
1026 4597 1051 4674 n
1069 4625 1131 4682 tosa.
1147 4637 1175 4693 n,
1191 4625 1240 4698 9),
1256 4626 1319 4684 hinc
1332 4627 1426 4700 ntique
1441 4627 1539 4684 Paulus
1552 4637 1656 4686 eructat
1669 4630 1785 4688 verbum
1799 4630 1866 4686 illud

212 4717 337 4788 unguent
350 4725 378 4773 et
391 4719 491 4788 toseph
516 4734 572 4773 non
595 4721 685 4773 minus
709 4717 799 4788 testis,
814 4731 897 4790 quera
920 4724 1011 4774 custos
1058 4714 1177 4784 bonum,
1193 4715 1267 4788 prod
1282 4718 1324 4772 his
1346 4717 1443 4773 dicbus
1457 4716 1617 4790 frequenter
1636 4717 1750 4775 audistis
1766 4739 1774 4774 t
1792 4719 1867 4778 Gou-

211 4809 293 4861 tentae
315 4805 489 4879 virginitatis.
510 4805 607 4862 Tertia
620 4807 649 4861 in
663 4819 712 4861 cor
734 4806 851 4862 hominis
874 4807 1010 4876 escendit,
1065 4806 1867 4883 deicietDominoscmpcr;itcrumdico,puudctc(Philipp.

209 4909 271 4950 cum
295 4895 369 4968 quod
394 4895 570 4964 factumest,
595 4895 664 4951 sicut
687 4894 789 4951 lactum
814 4903 856 4952 est
877 4897 1010 4954 creditum
1065 4909 1106 4959 ιι,
1134 4894 1172 4965 l).
1202 4892 1340 4964 Gaudete,
1369 4893 1468 4966 inquit,
1496 4894 1531 4951 de
1559 4896 1735 4962 exhibitione,
1764 4893 1867 4953 iterum

212 4993 252 5039 εει
268 5002 275 5041 :
291 5001 352 5041 cum
369 4986 455 5059 magis
469 4983 580 5040 oraculo
594 5000 676 5055 quem
693 4985 772 5042 oculo
786 4984 932 5056 credimus,
949 5003 1010 5044 cnm
1065 4983 1185 5057 gaudete
1199 4982 1235 5040 de
1248 4981 1440 5056 promissione,
1456 4983 1582 5056 quoniam
1597 4991 1625 5040 ει
1639 5001 1683 5042 res
1697 4985 1778 5057 plena
1792 5001 1865 5059 gau-

211 5089 272 5147 quae
286 5074 360 5131 dicta
378 5073 423 5131 vel
444 5073 607 5140 factasunt,
626 5058 1009 5144 tenemusfirmissime,nul-
1065 5071 1121 5139 dio,
1140 5079 1168 5127 et
1190 5088 1255 5145 spes
1275 5073 1358 5142 plens
1381 5072 1481 5145 gaudio
1504 5083 1552 5130 εει.
1575 5073 1710 5140 Gaudete,
1726 5075 1790 5149 quia
1807 5075 1866 5146 jam

208 5163 317 5220 letenus
341 5161 507 5219 dubitantes.
525 5161 556 5217 ln
570 5162 657 5235 primu
678 5165 740 5222 vide
756 5165 832 5237 quid,
847 5166 875 5221 in
890 5165 1010 5222 secunda
1065 5161 1227 5233 percepistis
1242 5161 1314 5216 dona
1328 5161 1462 5231 sinistree;
1479 5160 1606 5237 gaudete,
1621 5165 1685 5238 quia
1700 5167 1868 5237 exspectatis

209 5252 356 5325 per-qnid,
371 5251 400 5307 iu
415 5251 492 5307 tertie
507 5259 621 5323 propter
645 5253 709 5327 quid
730 5256 805 5312 Deus
824 5255 932 5312 dederit
953 5254 1010 5312 tibi.
1064 5250 1178 5324 praemis
1192 5249 1320 5306 dextere.
1336 5253 1424 5314 Luca.
1434 5250 1531 5324 inquit,
1543 5255 1604 5325 ejus
1618 5255 1668 5312 snb
1682 5255 1778 5330 cupite
1791 5271 1865 5326 mco,

208 5341 289 5398 Dedit
305 5340 353 5397 tibi
368 5339 505 5397 Christum
520 5357 571 5414 per
588 5343 699 5401 Mariam
720 5351 836 5417 propter
853 5345 1009 5401 sanitatem.
1066 5342 1585 5416 etdeetcroilliusamplexabiturme
1595 5345 1690 5419 (Cotti.
1700 5347 1867 5420 rt,6).Laeva

207 5431 240 5488 lu
262 5429 352 5504 prime
375 5430 525 5487 remedium
548 5439 599 5501 εει,
628 5434 692 5507 quis
712 5449 745 5492 ex
768 5436 827 5492 Deo
851 5443 878 5491 et
901 5433 1011 5491 homine
1066 5433 1177 5506 quidem
1197 5432 1280 5499 leret,
1304 5433 1416 5489 dextere
1444 5434 1573 5506 suscipit;
1595 5435 1662 5493 laeva
1687 5437 1816 5493 medetur
1838 5449 1869 5496 et

208 5519 375 5592 ceuplcsma
402 5518 553 5578 coniectum
581 5529 636 5591 εει,
665 5525 740 5597 quod
769 5533 882 5581 sanaret
915 5536 1011 5580 omnes
1065 5521 1204 5593 justificat,
1221 5521 1334 5578 dextera
1350 5521 1521 5595 amplectitur
1535 5531 1563 5580 et
1583 5523 1728 5583 beatificat.
1744 5527 1775 5583 ln
1796 5526 1868 5585 laeve

208 5609 381 5667 infirmitates
397 5615 466 5668 tuas.
485 5609 612 5671 contusae
629 5621 694 5672 sunt
711 5619 847 5673 autemst
860 5611 1011 5670 ccmmbte
1066 5610 1128 5681 ejus
1151 5608 1302 5679 merita,·m
1315 5609 1428 5668 dextera
1450 5627 1516 5671 vero
1539 5614 1651 5685 premio
1669 5615 1868 5690 continentur;
