4150 6348
192 381 251 448 50⁹
676 386 711 450 lit
729 385 830 449 lusto
849 388 876 448 S.
896 385 1039 448 mulsa
1057 383 1215 448 apostoli
1227 385 1338 450 sendo
1351 389 1385 450 ll.
1788 391 1842 454 51⁰

192 513 493 588 memoriaoelebrttur,
500 521 531 571 ut
544 514 629 586 ipsius
642 523 668 570 et
681 514 838 572 invocemus
847 513 987 584 euntium,
1005 528 1028 608 Α
1042 528 1096 588 pus
1114 529 1209 572 meunt
1222 517 1265 571 ite
1278 519 1313 572 ct
1335 515 1460 584 ardeam,
1476 517 1648 578 stratorem
1666 522 1763 576 auton
1781 532 1841 576 nort

192 615 220 663 st
235 619 418 675 provocemur
431 604 567 676 exemplo.
578 604 642 660 Plus
655 601 726 672 dieo,
747 610 774 660 et
787 621 820 661 ex
834 603 913 660 nobis
923 619 991 660 non·
1046 605 1176 672 habitere,
1191 605 1267 662 rtt'ltt't
1288 605 1361 662 milti
1387 605 1499 678 prodest
1517 608 1544 678 (l
1557 609 1616 665 dor.
1633 623 1695 674 xm,
1710 607 1750 681 t).

191 693 388 753 nnttcsridsre
402 693 468 750 mibi
490 693 582 750 videor
608 692 636 750 in
664 693 715 750 boo
741 694 837 766 gradu.
864 691 894 749 Si
923 692 991 748 diois
1081 697 1108 751 3.
1123 693 1210 751 Vultis
1224 701 1255 750 ιιι
1268 696 1302 750 ds
1324 695 1383 766 ipsa
1403 710 1511 769 quoque
1533 696 1605 752 beati
1627 695 1710 767 buius
1723 697 1839 771 apostoli

191 783 302 840 beatum
321 783 457 840 Andream
471 780 627 852 apostolum
640 797 712 853 esse,
736 798 785 851 nac
799 797 878 854 posse
891 788 928 851 te,
945 781 990 853 qui
1045 783 1278 854 permansuram
1296 783 1423 840 nimirum
1445 783 1524 842 bodie
1547 783 1727 856 celebramus,
1743 787 1841 860 loqua-

190 869 307 943 pnsillns
321 887 361 937 es,
373 871 433 940 ejus
446 869 522 942 sequi
532 869 646 943 vestigia
661 887 669 936 ς
686 871 784 942 pudeat
797 880 870 928 certe
883 869 926 926 rel
943 883 991 926 eos
1045 888 1107 928 rnur
1120 872 1221 945 aliquid
1235 872 1270 929 ad
1284 874 1390 930 leudem
1405 872 1514 938 Christi,
1532 881 1560 929 et
1579 874 1613 929 ad
1635 872 1841 933 aedificationem

189 959 238 1032 qui
257 969 347 1019 mcum
364 964 437 1028 sunt,
453 973 507 1014 non
522 958 621 1014 imitari
639 960 725 1016 Nemo
738 969 851 1030 repente
869 958 900 1015 dt
914 975 990 1016 sum-
1045 961 1187 1018 testrami
1202 961 1323 1018 Audistis
1352 970 1442 1031 corte,
1465 977 1526 1018 eum
1552 960 1723 1031 pervenisset
1744 962 1842 1020 beatus

190 1067 254 1108 mus
270 1067 277 1117 ;
293 1047 473 1118 ascendendo,
492 1063 547 1103 non
561 1047 676 1105 rolando
691 1049 902 1122 apprehenditur
915 1065 991 1105 sum·
1043 1053 1166 1108 Andreas
1187 1053 1221 1107 ad
1236 1051 1324 1108 locum
1347 1053 1393 1108 ubi
1414 1067 1480 1109 crux
1503 1061 1598 1123 parata
1620 1057 1687 1118 erat,
1704 1052 1842 1123 mornado

191 1139 271 1194 ntitas
294 1139 383 1196 scale.
401 1135 592 1194 Ascendornus
604 1137 699 1211 igitur,
714 1139 790 1196 velut
807 1139 914 1195 duobus
928 1139 990 1212 qui·
1044 1140 1212 1198 confortatus
1226 1140 1261 1194 sit
1280 1140 1308 1197 in
1331 1141 1464 1209 Domino,
1481 1147 1508 1206 et
1527 1155 1576 1212 per
1598 1138 1736 1210 Spiritum,
1760 1153 1843 1212 quem

190 1228 306 1286 busdam
320 1227 444 1299 pedibus,
459 1226 632 1285 meditatione
652 1236 679 1285 et
697 1229 826 1285 oratione.
857 1227 990 1285 lleditatio
1044 1243 1097 1284 uua
1110 1244 1171 1285 cum
1181 1229 1285 1286 caeteris
1296 1229 1428 1300 apostolis
1439 1226 1467 1284 in
1479 1227 1567 1304 igneis
1574 1225 1675 1302 linguis
1690 1235 1841 1299 acceperat,

191 1317 323 1388 siqnidem
339 1316 418 1372 docet
444 1313 510 1386 quid
530 1315 603 1372 desit
619 1332 628 1382 ;
643 1316 729 1373 oratio
744 1331 778 1374 ne
792 1316 863 1373 desit
876 1317 987 1376 obtinet.
1044 1317 1127 1374 rerba
1141 1333 1204 1376 rere
1217 1317 1295 1391 ignea
1316 1318 1487 1390 loqueretur.
1504 1314 1605 1373 Videas
1628 1314 1703 1371 enim
1723 1323 1841 1384 paratam

190 1405 239 1463 llla
252 1405 322 1460 riam
337 1404 466 1473 ostendit,
480 1403 533 1460 ists
546 1403 667 1462 deducit.
684 1404 858 1462 lleditatione
871 1405 988 1478 denique
1046 1407 1151 1464 eminus
1174 1422 1299 1474 crucem,
1329 1420 1517 1480 nequaquam,
1541 1412 1572 1462 ut
1598 1405 1707 1479 exigere
1737 1404 1843 1461 ridetur

190 1493 365 1569 agnoscimus
396 1491 566 1550 imminentia
598 1493 676 1552 nobis
698 1493 835 1565 pericula;
864 1492 989 1550 oratione
1044 1495 1167 1553 mortalis
1180 1495 1334 1566 infirmitas,
1350 1495 1503 1566 iacimejus
1518 1495 1656 1567 expalluit,
1673 1509 1844 1568 nequaquam

191 1582 345 1660 evadimus,
361 1587 506 1653 prestante
524 1581 640 1637 Domino
655 1593 749 1638 nostro
775 1581 841 1638 iesu
871 1581 988 1650 cbristo,
1044 1585 1229 1658 sanguisejus
1243 1585 1350 1659 gelatus
1368 1596 1409 1642 est
1423 1600 1495 1654 ,non
1513 1591 1718 1656 steterecomae,
1734 1591 1843 1642 autrcx

188 1671 312 1746 quicum
326 1671 405 1727 Patre
429 1672 456 1727 ct
469 1669 574 1742 Spiritu
598 1675 692 1728 sancto
711 1669 776 1727 vivit
790 1678 816 1727 et
846 1677 941 1744 regnat
961 1671 989 1727 in
1043 1673 1167 1732 faucibus
1186 1674 1264 1730 hesit
1275 1685 1288 1742 3·
1308 1688 1363 1730 non
1388 1674 1552 1732 contremuit
1574 1687 1686 1746 cerpus,
1705 1687 1843 1730 nonmens

189 1760 289 1818 saecula
303 1760 479 1818 saeculcmm.
494 1760 593 1815 Amen.
1043 1767 1105 1833 ejus
1119 1764 1228 1819 turbata
1242 1770 1298 1828 est;
1314 1777 1369 1818 non
1379 1761 1500 1828 recessit,
1516 1771 1546 1818 ut
1556 1763 1669 1828 assolet,
1680 1762 1841 1821 intellectus.

507 1846 624 1905 stulto
638 1848 672 1904 Η.
1043 1853 1082 1910 Ex
1096 1851 1260 1908 abundantia
1287 1850 1377 1907 cordis
1397 1866 1429 1906 os
1456 1852 1574 1908 locutum
1596 1858 1647 1916 est,
1668 1859 1696 1907 et
1724 1849 1842 1908 charitas

368 1941 406 1996 lte
420 1941 541 2013 mutuor
562 1937 693 1996 cornum
707 1952 811 1995 erecta.
1043 1955 1105 2012 quae
1121 1939 1246 1996 fervebat
1260 1939 1287 1995 in
1301 1941 1394 2007 corde,
1410 1939 1489 2010 quasi
1505 1936 1632 1994 scintillas
1647 1938 1777 2011 quasdam
1791 1953 1839 1994 ar·

229 2029 253 2084 l.
269 2025 342 2084 Beati
361 2026 458 2082 Andrte
490 2025 606 2098 apostoli
624 2023 780 2082 solemnitas
807 2023 889 2081 bodie
916 2024 990 2081 cele·
1043 2027 1216 2085 dentissimas
1239 2027 1378 2084 emittebat
1401 2026 1429 2082 ic
1451 2042 1531 2084 voce.
1557 2025 1628 2096 Quid
1647 2026 1721 2082 enim
1744 2026 1841 2082 beatus

189 2117 286 2173 bratur
310 2134 317 2171 ε
345 2131 426 2186 quam
449 2115 472 2170 si
499 2114 544 2187 pie
566 2112 746 2171 sollicitudine
775 2121 988 2185 perscrutemur,
1043 2118 1174 2184 Andreas,
1190 2133 1252 2173 cunt
1267 2116 1320 2172 sibi
1338 2125 1467 2191 paratam,
1483 2123 1512 2172 ut
1527 2114 1596 2182 dixi,
1610 2129 1721 2172 crucem
1735 2115 1841 2172 eminus

189 2206 274 2260 multa
287 2204 477 2262 invenimusia
491 2219 523 2260 ea
534 2219 594 2274 que
606 2202 741 2260 edificent
753 2202 858 2259 animes
872 2211 989 2260 nostras.
1044 2214 1175 2268 cerneret,
1191 2203 1371 2276 loquebatur?
1387 2225 1400 2257 t
1416 2205 1439 2262 0
1454 2221 1530 2270 crux,
1548 2223 1559 2257 ι
1574 2203 1670 2276 inquit,
1687 2202 1754 2258 rdiu
1766 2201 1842 2259 desi-

189 2293 221 2349 iu
235 2293 294 2365 ipsc
307 2291 441 2365 siquidem
463 2291 648 2349 conversionis
671 2306 729 2348 sue
755 2290 832 2348 initio
861 2305 991 2363 magnum
1046 2291 1148 2360 derata,
1165 2291 1259 2362 etjam
1283 2291 1483 2366 concupiscenti
1504 2291 1594 2348 aninto
1608 2289 1779 2364 prepararet
1796 2305 1843 2346 se-

188 2383 269 2438 nobis
281 2381 406 2455 perlectae
420 2381 580 2439 obedientie
608 2386 719 2452 praestnt
732 2379 895 2451 exemplum.
911 2378 991 2449 Quod
1046 2395 1129 2437 curus
1144 2388 1172 2436 et
1185 2381 1308 2453 gaudena
1323 2381 1403 2438 tenio
1418 2380 1452 2438 ad
1466 2390 1512 2452 te,
1528 2380 1565 2437 ite
1579 2389 1610 2437 ut
1624 2387 1652 2437 et
1661 2387 1690 2435 tu
1704 2379 1844 2436 exsuitans

189 2469 302 2542 quidem
317 2469 478 2527 Christianis
500 2467 627 2525 omnibus
641 2467 838 2540 necessarium,
852 2469 932 2524 uobis
948 2477 991 2524 ta-
1045 2469 1180 2540 suscipias
1192 2484 1247 2536 me,
1267 2469 1428 2543 discipulum
1443 2471 1514 2540 eius,
1538 2469 1586 2542 qui
1605 2469 1736 2542 pependit
1754 2468 1782 2524 in
1796 2475 1842 2540 te,

187 2574 253 2614 men
267 2565 308 2616 est
330 2557 439 2615 charius
452 2556 678 2630 amplectendum,
701 2555 747 2628 qui
775 2556 901 2613 nimirum
926 2571 991 2628 spe-
1046 2558 1109 2630 quia
1124 2568 1230 2614 amator
1243 2564 1306 2615 tuus
1318 2573 1425 2632 semper
1437 2557 1487 2626 sui,
1503 2567 1531 2616 et
1545 2557 1700 2616 desideravi
1714 2557 1841 2628 amplecti

186 2646 296 2705 cialiter
308 2663 341 2704 ex
355 2647 414 2716 ipsa
428 2644 598 2716 professione
612 2651 704 2702 nestm
716 2655 839 2703 tenemur
858 2645 990 2703 obedien-
1046 2653 1082 2702 te.
1103 2665 1117 2700 ι
1133 2647 1260 2713 Obsecro,
1277 2646 1385 2713 iratres,
1401 2646 1484 2702 borno
1506 2657 1549 2704 est
1565 2645 1613 2719 qui
1627 2645 1745 2718 loquitur
1759 2644 1842 2702 haeot

186 2735 233 2792 tie
247 2736 396 2792 debitores.
411 2733 525 2807 Sapiens
543 2733 740 2790 nummularius
764 2733 858 2807 [aliun
883 2749 990 2790 merce·
1046 2750 1081 2791 an
1099 2751 1153 2790 non
1168 2743 1210 2790 est
1225 2735 1316 2803 bomo,
1333 2737 1380 2790 sed
1397 2734 1522 2808 angelus,
1538 2743 1659 2790 autnova
1670 2734 1759 2806 aliqua
1771 2748 1844 2790 crea-

188 2822 243 2898 tor]
257 2830 309 2889 est,
325 2824 461 2892 imoipsa,
478 2822 624 2893 Sapientia,
654 2823 698 2879 cni
728 2837 840 2880 necesse
865 2823 993 2880 babemus
1046 2827 1129 2882 tura‘?
1157 2823 1245 2879 Homo
1268 2822 1348 2894 plane
1370 2821 1467 2878 similis
1493 2823 1582 2893 nobis,
1613 2821 1758 2894 passibilis.
1774 2821 1841 2876 Nam

187 2911 305 2968 reddere
328 2912 399 2966 bunc
422 2910 579 2966 obedientiae
601 2925 762 2982 nummum,
789 2926 840 2968 nec
863 2911 993 2985 suscipiet
1046 2913 1205 2986 passibilem
1214 2927 1278 2969 eum
1297 2911 1387 2982 passio
1400 2911 1459 2984 ipsa
1479 2919 1599 2980 testatur,
1614 2927 1668 2985 qua
1693 2912 1842 2982 appropin-

187 3015 262 3069 ettm,
278 2997 330 3054 nisi
344 3005 371 3053 et
389 2998 494 3070 integer
512 2997 671 3068 inveniatur,
683 3005 711 3054 et
725 2998 784 3055 sine
797 2999 889 3071 aliqua
913 2999 990 3056 salsi·
1045 3013 1145 3076 quante
1177 3008 1231 3058 tam
1264 3001 1431 3058 letabundus
1459 3001 1582 3058 exsultat.
1616 3000 1694 3058 Unde
1724 3014 1791 3075 ergo
1814 2999 1842 3054 in

188 3095 255 3144 tate.
270 3087 339 3142 Nam
363 3085 572 3154 sidiscutimus,
589 3085 613 3141 si
627 3085 821 3157 dijudicamus,
837 3095 865 3144 et
888 3087 916 3144 in
940 3091 993 3148 boc
1046 3092 1156 3148 homine
1182 3103 1253 3146 nova
1281 3089 1339 3145 htec
1356 3089 1516 3156 exsultatio,
1541 3097 1567 3145 et
1599 3087 1692 3144 laetitia
1711 3088 1843 3145 hactenns

188 3177 300 3250 quidem
315 3182 451 3247 praecepto
467 3174 620 3246 obedimus,
641 3176 686 3231 sed
698 3191 752 3231 non
762 3176 796 3256 'in
811 3175 876 3243 illo;
892 3176 993 3234 iraetus
1007 3174 1030 3254 c
1045 3180 1165 3236 inaudita
1175 3180 1189 3236 i
1198 3178 1278 3236 Unde
1290 3179 1320 3234 in
1334 3185 1406 3235 tanta
1421 3178 1565 3252 fragilitate
1578 3185 1655 3237 tauta
1667 3176 1843 3234 constantia?

189 3275 233 3322 est
251 3280 394 3331 nummum
423 3278 478 3320 non
501 3263 631 3335 suscipiet
649 3279 711 3320 eum
739 3265 873 3336 Christus,
893 3281 910 3322 a
939 3282 992 3340 qno
1045 3269 1121 3326 Unde
1139 3269 1168 3325 in
1184 3269 1294 3326 humine
1318 3275 1371 3323 tam
1389 3267 1538 3342 spiritualis
1557 3282 1643 3338 meus,
1663 3274 1717 3322 tam
1736 3265 1844 3323 terrens

190 3353 318 3410 nimirum
340 3359 463 3411 tenentur
486 3352 598 3420 nummi,
628 3369 683 3410 non
701 3352 790 3421 iracti,
820 3356 866 3411 sed
895 3355 992 3429 integri
1045 3358 1170 3428 charitas,
1185 3357 1292 3414 enimus
1318 3364 1373 3414 tant
1391 3357 1545 3413 robustus?
1560 3356 1639 3411 Absit
1662 3359 1723 3410 uta
1739 3353 1842 3425 seipso

190 3443 336 3500 debitores.
350 3441 454 3500 Omnes
477 3441 549 3500 euim
574 3441 757 3498 obedientiam
781 3442 949 3514 simpliciter,
964 3449 1010 3502 et'
1044 3452 1144 3502 tantam
1169 3445 1194 3501 ei
1216 3445 1359 3502 credamus
1376 3445 1468 3502 inesse
1489 3443 1630 3500 virtutem!
1658 3441 1766 3498 Donum
1780 3457 1843 3512 per·

190 3532 252 3590 aine
269 3531 323 3589 ttlla
336 3531 491 3604 exceptione
509 3530 693 3603 promisimus.
708 3531 787 3602 Quod
803 3533 826 3588 si
841 3533 902 3605 quis
927 3533 991 3591 oba·
1044 3532 1144 3590 lectum
1163 3541 1214 3600 est,
1243 3532 1442 3590 descendensa
1466 3532 1545 3589 Patre
1572 3531 1716 3599 luminum,
1746 3528 1780 3584 ab
1808 3543 1842 3586 eo

188 3621 246 3678 diat
260 3621 376 3696 quidem,
393 3621 441 3677 sed
455 3619 620 3676 simulatorie
634 3629 663 3677 et
685 3619 719 3676 ad
732 3621 852 3691 oculum,
869 3639 991 3679 murmu-
1044 3623 1138 3695 utique
1150 3624 1197 3695 qui
1213 3621 1275 3680 iacit
1284 3620 1417 3678 mirabilia
1431 3637 1529 3695 magna
1543 3622 1626 3678 sulus.

191 3716 233 3768 ret
246 3715 337 3766 autem
350 3708 378 3766 iu
393 3708 552 3767 abscondito
567 3726 574 3766 :
588 3707 671 3765 ialsus
686 3716 728 3765 est
755 3725 882 3766 nummus
906 3711 966 3782 eius
981 3730 989 3780 ;
1079 3714 1107 3768 l.
1122 3711 1207 3768 Plane
1221 3709 1330 3782 spiritus
1352 3720 1421 3778 erat,
1447 3710 1622 3778 dilectissimi,
1637 3709 1684 3785 qui
1698 3707 1843 3781 adiuuabat

190 3799 333 3871 plumbum
347 3799 435 3864 babet,
460 3811 515 3854 non
544 3805 697 3870 argeutum,
713 3805 740 3854 et
763 3797 890 3874 iniquitas
915 3803 991 3859 sedet
1044 3799 1226 3857 infirmitatem
1241 3801 1312 3870 ejus,
1332 3815 1381 3872 per
1398 3816 1479 3873 quem
1501 3799 1704 3857 diiiutidebatur
1717 3799 1745 3855 in
1760 3798 1843 3856 eorde

189 3905 276 3960 super
290 3889 419 3945 talentum
433 3886 548 3961 plumbi.
559 3887 660 3944 Dolosa
673 3888 741 3962 agit,
753 3888 798 3944 sed
819 3889 991 3964 inconspectu
1043 3889 1127 3962 ipsius
1141 3889 1257 3946 ebaritas
1282 3889 1362 3945 tortis
1376 3897 1405 3945 ut
1418 3904 1501 3957 mors,
1517 3889 1573 3945 inc
1595 3896 1622 3945 et
1636 3886 1731 3945 iorticr
1745 3895 1841 3946 morte.

171 3999 174 4004 2
193 3977 257 4047 Dei,
271 3978 399 4050 quoniam
415 3977 490 4032 Deus
504 3991 559 4032 non
570 3975 706 4034 irridetur.
1044 3979 1139 4050 cujus,
1154 3993 1171 4036 c
1186 3978 1208 4034 si
1219 3987 1246 4035 et
1263 3991 1314 4034 nos
1328 3977 1473 4049 participes
1483 3974 1667 4034 inveniamur!
1683 3977 1756 4032 Ecce
1771 3977 1842 4034 enirn

226 4069 254 4122 Ξ.
274 4065 423 4125 Viaeudira
436 4064 561 4139 perieetae
575 4065 737 4122 obedientiae
760 4065 899 4124 formam?
919 4069 992 4126 Vidit
1044 4069 1175 4125 molestus
1188 4073 1230 4124 est
1244 4065 1324 4122 nobis
1348 4063 1513 4137 poenitentiae
1534 4065 1621 4133 labor,
1635 4063 1757 4136 corporis
1771 4063 1842 4120 aidi·

189 4157 336 4228 Dominae,
351 4155 388 4212 ait
402 4153 580 4231 evangelista,
596 4157 716 4213 Petrum
731 4161 759 4213 et
773 4157 916 4214 Andrecnt
926 4159 992 4215 mit·
1045 4157 1097 4214 otio
1110 4155 1212 4229 gravis,
1229 4155 1390 4212 abstinentia
1403 4169 1527 4212 onerosa.
1548 4153 1580 4208 ln
1593 4151 1692 4226 vigiliis
1716 4152 1843 4210 dormitat

190 4249 284 4303 tentes
298 4251 358 4304 rste
377 4247 508 4311 domaret
519 4247 596 4304 ctcit
606 4244 681 4302 illis:
700 4245 795 4304 Venite
806 4251 929 4320 perime,
941 4249 990 4317 fo·
1045 4244 1132 4301 anima
1147 4252 1240 4300 nosue
1254 4258 1312 4316 pre
1334 4243 1428 4312 tae'dio,
1442 4258 1496 4299 nou
1511 4243 1546 4300 ob
1570 4240 1643 4299 aliud
1666 4255 1741 4310 sane,
1760 4255 1842 4313 quarn

190 4335 269 4392 ciam
283 4335 400 4406 cosfieri
411 4335 565 4408 piscatores
579 4335 741 4393 bominum.
758 4335 875 4408 Faciam,
892 4335 990 4409 iuquit,
1045 4340 1156 4407 propter
1185 4333 1303 4405 inopiam
1332 4332 1457 4406 spiritus.
1476 4331 1537 4403 lpse
1565 4329 1638 4386 enim
1662 4328 1685 4386 si
1711 4329 1817 4387 adesset
1833 4371 1840 4400 ,

189 4425 225 4479 de
241 4423 420 4495 piscatoribus
434 4423 594 4494 piscatores,
614 4423 668 4479 imo
684 4423 931 4492 praedicatoreslt
945 4425 992 4482 itti
1045 4421 1185 4495 adjuraret
1216 4422 1276 4477 sinc
1309 4421 1392 4479 dubio
1418 4421 1597 4478 infirmitatem
1630 4427 1749 4476 nostrum
1774 4435 1782 4474 r
1815 4425 1843 4476 et

188 4517 336 4583 eontanas,
351 4512 416 4567 nibil
431 4511 616 4582 dijudicantes
626 4520 674 4568 aut
686 4510 851 4584 hesitantes,
867 4527 921 4569 non
935 4514 990 4570 sol·
1046 4513 1115 4568 sicut
1133 4513 1212 4569 beato
1237 4511 1351 4567 Andreae
1369 4526 1477 4568 crucem
1508 4520 1535 4565 et
1559 4516 1672 4564 mortem
1691 4507 1788 4578 ipsam,
1805 4508 1843 4566 sic

189 4599 259 4658 liciti
274 4600 345 4658 unde
353 4600 544 4667 maerentum
556 4600 761 4657 considerantes
771 4601 898 4674 quoniam
909 4601 990 4659 modo
1045 4601 1125 4657 nobis
1138 4615 1247 4674 quoquc
1262 4601 1395 4670 laborem,
1410 4607 1437 4656 et
1460 4597 1645 4671 poenitentiam
1667 4602 1788 4652 nostram
1802 4595 1842 4652 ia-

189 4691 272 4747 rudes
300 4688 422 4772 homines
447 4698 476 4746 et
499 4689 557 4746 siue
586 4688 682 4747 litteris
711 4689 904 4760 predicatores
931 4689 990 4748 deri
1045 4698 1127 4755 cerat,
1141 4705 1197 4746 non
1212 4689 1301 4746 solum
1316 4705 1369 4746 non
1385 4689 1547 4754 modestam,
1567 4687 1614 4742 sed
1637 4685 1717 4742 etiam
1736 4684 1843 4743 deside·

187 4787 326 4852 posaeut3
355 4777 422 4835 nibil
450 4777 567 4852 denique
596 4777 805 4851 interrogantes,
833 4779 891 4835 sine
917 4779 991 4837 otnni
1045 4777 1167 4842 rabilem,
1181 4787 1264 4848 atque
1285 4777 1396 4834 omnino
1416 4775 1604 4833 delectabilem
1628 4789 1697 4832 esse.
1717 4775 1842 4848 Spiritus

188 4883 267 4925 mora
278 4869 388 4926 relictis
398 4867 541 4925 reliberet
551 4868 714 4924 novitccutt'
724 4867 989 4942 tunicumfflottb.
1046 4868 1122 4925 enim
1136 4882 1225 4933 mnu,
1245 4866 1282 4922 ait
1296 4866 1437 4932 Dominus,
1456 4881 1541 4939 super
1554 4865 1611 4923 mel
1634 4863 1726 4921 dubis
1741 4863 1840 4936 (Ereti.

188 4973 228 5025 rr,
244 4960 354 5027 ιιι-ιθ).
370 4957 528 5028 ignoscite,
545 4955 652 5020 iratres,
669 4957 800 5028 quoniam
816 4965 927 5031 propter
941 4974 990 5016 vos
1044 4971 1100 5023 xtv,
1115 4955 1177 5029 27);
1189 4955 1227 5010 ita
1240 4963 1270 5012 ut
1284 4970 1318 5011 ne
1340 4954 1400 5024 ipsa
1413 4954 1520 5027 quidem
1538 4953 1677 5010 dulcedini
1690 4953 1750 5024 ejus
1769 4968 1841 5024 prae·

188 5045 305 5122 singulis
319 5047 395 5102 annis
419 5045 445 5101 in
473 5044 596 5102 Ecclesia
629 5042 742 5102 11164
768 5045 932 5112 ιιοίιιιιιιιη
960 5055 991 5102 ut
1044 5046 1134 5103 valere
1152 5051 1249 5116 queat,
1266 5043 1435 5100 amarissima
1454 5043 1534 5109 licet,
1555 5041 1651 5098 mortis
1679 5041 1840 5097 amaritudo.

187 5135 326 5193 discentes
345 5151 416 5193 terae
430 5134 591 5192 obedientiae
606 5133 731 5203 formam,
751 5135 887 5209 castigetis
906 5137 990 5193 corda
1044 5133 1115 5204 Quid
1131 5147 1184 5189 non
1196 5131 1357 5202 temperabit
1370 5130 1550 5200 illadulcedo,
1566 5145 1628 5202 qnae
1643 5139 1760 5185 mortem
1772 5141 1842 5199 quo-

189 5233 281 5282 vestra
299 5223 329 5281 in
354 5223 508 5282 obedientia
534 5223 685 5281 charitatis.
701 5223 764 5282 litteo
797 5224 925 5280 nimirum
949 5234 990 5284 est
1045 5238 1098 5296 que
1122 5223 1184 5279 iacit
1209 5235 1273 5278 esse
1299 5218 1509 5277 dulcissimam?
1523 5234 1584 5292 qum
1605 5217 1733 5275 resistere
1756 5215 1843 5287 possit

185 5329 251 5387 qua
266 5313 325 5371 sola
338 5312 511 5370 commendat
524 5311 844 5380 obedieutiaeuumutum,
859 5313 990 5372 bocillius
1043 5311 1173 5383 asperitas
1206 5309 1326 5366 unctioni
1355 5308 1412 5374 illi,
1433 5323 1494 5380 quae
1513 5316 1628 5364 mortem
1649 5321 1758 5376 quoque
1780 5303 1843 5362 iacit

188 5413 334 5479 argentum
348 5409 390 5460 est
404 5404 548 5474 probatum
570 5412 651 5476 atque
666 5414 821 5476 purgatum.
838 5403 899 5460 Sola
918 5405 989 5460 enirn
1044 5399 1332 5457 suavissimamidcm
1342 5395 1620 5468 censentientem
1628 5395 1689 5452 suit
1699 5408 1840 5462 somnum,

188 5494 454 5565 asserentesque
478 5491 657 5550 obedientiam
674 5499 777 5568 gratam
797 5492 859 5548 iacit
873 5502 900 5549 et
913 5508 991 5552 acce·
1044 5505 1106 5549 cecc
1129 5488 1279 5546 baereditas
1296 5488 1410 5546 Domini
1427 5485 1515 5559 (Pedi.
1536 5499 1628 5553 exart,
1653 5485 1680 5553 2,
1694 5484 1731 5550 3).
1755 5481 1842 5553 Quam

186 5581 318 5655 ptabilem
332 5582 400 5639 Deo.
418 5583 543 5640 Hilarem
556 5583 658 5656 quippe
669 5582 798 5640 dotorem
810 5581 906 5655 diligit
915 5584 990 5640 Deus
1044 5577 1195 5636 molestiam
1217 5591 1272 5634 non
1292 5576 1407 5647 expellet
1427 5573 1557 5651 gandium
1571 5571 1649 5640 illud,
1665 5570 1741 5644 quod
1762 5585 1841 5628 mor·

188 5671 230 5746 (ll
242 5672 305 5731 cor.
321 5688 360 5743 tr,
374 5671 414 5744 t).
429 5671 463 5728 lit
475 5671 562 5731 item:
581 5673 611 5732 si
634 5671 788 5744 tradidero,
809 5671 906 5746 inquit,
922 5687 987 5732 cor·
1042 5676 1098 5727 tem
1125 5681 1236 5742 quoque
1264 5665 1351 5738 ipsam
1373 5661 1437 5722 iacit
1461 5661 1653 5720 laetissimam?
1677 5661 1837 5737 Quaeramus
