4118 6346
285 428 338 486 ³l3
627 421 633 430 ’
745 429 775 486 S.
794 428 968 489 annuatur
982 429 1125 489 annuus
1142 427 1470 488 GLARAE-VALLENSIS
1879 419 1934 479 384

283 549 393 608 excusat
414 547 484 620 eam,
514 547 595 606 etiam
618 559 647 607 et
667 551 760 608 laudat
781 561 927 612 meantem.
955 556 1079 629 Denique
1097 569 1122 650 Α
1137 553 1297 627 impugnant
1306 561 1333 610 et
1342 559 1542 628 persequuntur
1552 564 1613 606 nos.
1622 547 1700 605 Etad
1711 549 1770 604 baec
1779 545 1935 616 toleranda,

280 638 345 695 illud
364 645 475 712 uuantae
496 640 694 711 prerogativae,
714 649 822 714 quantae
836 644 1003 700 excellentiae
1021 643 1080 714 luit,
1137 659 1172 701 ne
1200 642 1459 716 dicamsuperanda,
1474 635 1934 716 quisidoneuslssredojamuobis

281 727 355 801 quod
369 729 1007 806 resurgentemamortuisprimavidere,prima
1025 741 1083 789 tan-
1137 733 1306 805 aliquatenus
1336 730 1481 788 innotescit
1514 727 1689 787 continentiae
1720 724 1875 794 difficultas,
1903 733 1934 782 ut

282 830 350 892 gere
363 817 463 874 meruit
477 817 554 891 (tau
1136 823 1212 893 Juxta
1226 822 1386 894 Apostolum
1400 817 1491 876 sciatis
1509 835 1570 892 quae
1592 833 1608 873 a
1623 817 1681 874 Deo
1695 816 1794 871 donata
1807 823 1932 878 suntvo-

318 908 346 961 5.
372 905 428 962 Sed
450 907 505 977 jarn
520 914 691 964 transeamus
705 907 739 964 ad
759 908 821 966 alia.
846 910 949 967 Bonum
974 910 1083 984 quidem
1138 909 1397 981 bis(lCor.n,12).
1415 907 1532 964 Omnino
1550 905 1623 964 enim
1645 904 1672 960 io
1686 901 1803 960 Domino
1821 901 1935 960 lecimus

282 1002 326 1052 eat
337 1011 388 1053 uos
402 995 445 1052 bie
460 1011 531 1062 esse,
547 995 593 1053 ubi
607 995 686 1053 datur
701 996 800 1054 fiducia
814 999 1018 1072 peecatoribus;
1034 998 1084 1056 sed
1139 1000 1208 1055 bane
1222 999 1358 1068 virtutem,
1374 1005 1402 1055 et
1415 996 1473 1070 ipse
1488 997 1522 1052 ad
1532 995 1644 1052 nihilum
1655 992 1764 1050 deducit
1774 991 1934 1048 tribulantes

282 1091 391 1158 oportet
405 1085 487 1142 etiam
501 1092 600 1142 caetera
620 1101 675 1143 non
694 1095 794 1145 tacere.
817 1090 912 1162 ltaque
932 1097 959 1147 et
972 1091 1001 1147 iu
1015 1105 1083 1147 con·
1138 1102 1198 1144 uos.
1214 1087 1274 1160 lpse
1290 1086 1392 1160 estqui
1416 1103 1469 1144 non
1494 1085 1574 1142 modo
1596 1099 1706 1142 carnem
1726 1089 1846 1140 nostram
1869 1097 1933 1137 cum

284 1173 396 1231 tinentia
411 1174 481 1246 ipsa,
497 1191 558 1246 qna
573 1182 615 1231 est
637 1176 715 1247 panis
733 1175 853 1249 quintus,
875 1179 923 1234 tria
947 1178 1084 1235 nihilomi·
1138 1177 1365 1250 concupiscentiis
1378 1177 1445 1248 sois,
1466 1176 1516 1233 sed
1541 1184 1568 1232 et
1588 1189 1709 1247 praesens
1732 1170 1860 1230 saeeulum
1885 1185 1933 1226 ue-

283 1273 335 1314 nus
343 1258 462 1324 invenio,
473 1257 546 1314 unde
556 1258 652 1315 merito
667 1260 783 1317 clamare
792 1263 892 1332 possim
909 1277 915 1317 :
935 1263 1085 1335 Quiolecit
1139 1282 1220 1340 qnam
1239 1283 1299 1323 eum
1318 1266 1517 1324 curiositatibus
1536 1271 1564 1322 et
1582 1261 1743 1320 vanitatibus
1765 1261 1831 1327 suis,
1851 1259 1934 1316 etiam

283 1348 357 1405 milti
365 1362 471 1420 macco
480 1349 633 1420 unipotens
644 1349 767 1420 estana.
780 1367 799 1418 r,
811 1354 865 1422 to).
883 1353 962 1408 Forte
972 1368 1084 1424 parvum
1139 1362 1167 1412 et
1182 1355 1272 1428 ipsum
1290 1371 1352 1412 oum
1373 1353 1567 1413 tentationibus
1590 1352 1646 1409 suis
1669 1351 1785 1408 conterit
1806 1350 1935 1406 Salonam

283 1435 385 1508 aliquid
399 1436 530 1508 reputatis
545 1435 737 1492 continentiam
758 1447 891 1509 vestram;
908 1441 1018 1514 sedego
1029 1457 1083 1497 non
1138 1446 1188 1501 sub
1202 1445 1317 1517 pedibus
1335 1445 1444 1501 nostris.
1468 1441 1596 1514 Nunquid
1618 1456 1673 1498 uon
1696 1439 1793 1499 merito
1812 1437 1933 1494 dixeram

283 1523 331 1580 ita.
347 1523 409 1580 seio
424 1524 497 1581 enim
512 1540 580 1596 quos
595 1526 918 1601 habeatoppuguatorcs,
934 1537 962 1584 et
975 1537 1084 1601 quantae
1138 1532 1331 1590 inveniendum
1345 1530 1565 1598 incontinentia,
1589 1529 1662 1585 unde
1685 1528 1843 1586 clamarem:
1863 1527 1935 1595 Quin

283 1611 356 1668 illam
372 1628 487 1669 necasse
508 1612 543 1668 sit
566 1629 629 1670 esse
651 1613 767 1682 virtutis,
792 1622 822 1672 ut
844 1617 930 1687 possit
956 1617 1083 1674 resistere
1137 1624 1208 1693 [ecit
1223 1623 1296 1678 mibi
1309 1638 1412 1694 mopso
1425 1622 1588 1694 unipotens
1602 1617 1664 1676 est?

285 1699 393 1756 talibus.
408 1701 514 1757 anus
531 1699 664 1772 siquidem
686 1703 860 1760 continentiae
879 1712 978 1763 uostrae
999 1705 1084 1762 hostis
1174 1713 1200 1765 6.
1215 1711 1274 1765 Jam
1289 1726 1354 1766 vero
1374 1709 1442 1766 sexti
1466 1706 1545 1782 panis
1566 1706 1717 1782 fragmenta
1739 1702 1862 1775 accipite.
1888 1703 1935 1757 Est

285 1804 348 1846 earo
375 1797 426 1855 est,
451 1790 583 1846 aduersus
611 1790 733 1863 spiritum
765 1793 971 1864 concupiscens.
997 1792 1083 1863 Quam
1138 1807 1227 1856 autem
1242 1799 1319 1872 panis
1343 1799 1394 1855 iste
1417 1797 1506 1871 gratia
1529 1793 1714 1867 promerendi,
1736 1793 1809 1850 bona
1832 1791 1935 1848 scilicet

285 1879 449 1936 domesticus
470 1878 569 1935 hostisl
596 1896 677 1952 quam
707 1881 859 1951 periculosa
890 1883 977 1939 lucta!
1001 1899 1083 1956 quam
1101 1876 1122 1952 Β
1137 1887 1332 1946 aetemaevim.
1349 1885 1436 1956 Quam
1451 1885 1565 1958 gratiam
1585 1883 1613 1938 in
1633 1882 1717 1939 tribus
1734 1879 1852 1937 maxime
1867 1896 1933 1936 oon·

284 1967 442 2025 intestinum
455 1967 569 2024 belloml
588 1968 701 2025 Hostem
716 1971 788 2026 hune
802 1971 1017 2028 crudelissimum
1033 1989 1085 2028 nec
1138 1985 1209 2034 stare
1233 1975 1364 2032 arbitror:
1389 1975 1416 2030 in
1437 1973 1501 2031 odio
1524 1971 1723 2045 praeteritorum
1749 1967 1892 2036 malorum,
1908 1976 1936 2024 et

285 2054 382 2129 lugere
397 2071 552 2126 possumus,
563 2055 678 2113 oanima
693 2073 831 2123 meapnec
845 2059 954 2132 bigare;
967 2060 1083 2116 circum·
1137 2071 1292 2138 contemptu
1308 2063 1482 2136 praesentium
1496 2064 1641 2130 launoium,
1656 2069 1685 2116 et
1702 2057 1838 2114 desiderio
1857 2057 1934 2112 lutu-

285 2143 356 2202 lerre
370 2144 445 2202 illum
460 2151 635 2213 necesscest,
652 2146 779 2218 quoniam
799 2147 923 2220 alligatus
934 2155 977 2205 est
985 2148 1082 2205 nobis:
1139 2170 1239 2211 rorum.
1259 2153 1397 2225 Septimus
1415 2167 1523 2225 quoque
1543 2149 1620 2222 panis
1639 2156 1681 2206 est
1699 2164 1762 2220 spes
1780 2145 1933 2216 obtinendi,

285 2249 359 2301 narn,
374 2233 447 2306 quod
468 2232 648 2306 periculosius
667 2241 707 2291 est
723 2241 751 2292 et
771 2235 962 2304 miserabilius,
977 2239 1084 2294 hostem
1137 2245 1216 2315 cujus
1233 2242 1407 2301 nibilominus
1430 2250 1510 2298 teneo
1531 2240 1685 2313 fragmenta
1707 2237 1773 2307 tria,
1787 2243 1814 2294 et
1839 2250 1935 2292 eorum

285 2328 408 2379 nostmm
421 2321 473 2393 ipsi
485 2322 608 2395 cogimur
621 2329 786 2394 sustentare,
802 2325 938 2396 perimere
953 2343 1015 2384 oum
1029 2343 1084 2384 uon
1138 2348 1219 2404 sapor
1236 2331 1322 2388 dulcis
1344 2330 1491 2388 admodum
1505 2327 1606 2406 gutturi
1629 2342 1700 2383 meo.
1715 2325 1787 2396 Tria,
1810 2323 1933 2395 inquam,

285 2407 358 2467 lieet.
374 2410 442 2468 Vide
456 2426 524 2483 ergo
538 2426 620 2482 quam
634 2409 748 2469 sollicite
768 2419 795 2468 te
818 2413 955 2471 custodire
969 2430 1084 2472 necesse
1137 2428 1200 2478 sunt
1213 2437 1274 2494 qua
1290 2420 1330 2478 sie
1347 2421 1477 2478 roborant
1497 2426 1525 2476 et
1544 2416 1705 2476 confirmant
1722 2430 1769 2472 cor
1789 2429 1890 2480 meum,
1906 2419 1935 2468 ut

284 2498 319 2553 sit
333 2498 367 2554 ab
381 2513 423 2566 ea,
439 2513 501 2572 qua
519 2499 618 2555 dormit
637 2499 737 2557 insiuo
752 2507 807 2558 tuo.
827 2501 1085 2562 Verumtamennon
1138 2510 1211 2567 nulla
1237 2525 1280 2566 me
1308 2509 1421 2582 penuria
1452 2508 1620 2577 meritorum,
1648 2505 1722 2562 nulla
1753 2501 1934 2561 consideratio

285 2594 328 2644 est
341 2587 385 2644 bie
398 2587 471 2644 solus
490 2587 661 2644 aduersarius
680 2589 759 2660 mibi;
780 2590 862 2648 abun
882 2592 970 2650 adbuc
984 2593 1082 2662 habeo,
1138 2599 1255 2672 propriae
1265 2599 1384 2666 vilitatis,
1408 2598 1480 2654 nulla
1496 2595 1638 2654 aestimatio
1651 2592 1769 2652 coelestis
1788 2590 1934 2648 beatitudi-

284 2675 332 2748 qui
345 2675 530 2733 circumcinxit
544 2684 573 2733 et
585 2675 693 2734 obsedit
706 2694 750 2734 nte
766 2678 885 2752 undique
904 2697 909 2736 :
927 2689 955 2738 et
968 2681 991 2736 si
1005 2682 1085 2755 iguo·
1139 2690 1190 2758 uis,
1207 2691 1242 2746 ab
1250 2689 1390 2745 altitudine
1411 2688 1470 2762 spei
1490 2687 1608 2758 dejicere
1623 2683 1708 2757 possit
1725 2682 1754 2739 in
1772 2697 1806 2738 ea
1820 2679 1936 2736 firmiter

284 2762 361 2830 ratis,
378 2762 521 2818 bostisillc
536 2768 578 2818 est
591 2780 715 2834 praesens
729 2769 860 2823 saeculum
875 2773 1085 2842 nequam-Con-
1139 2777 1297 2834 radicatum.
1333 2776 1498 2833 Desideratis
1537 2791 1579 2841 ea,
1609 2789 1642 2829 an
1673 2769 1839 2829 reservanda
1872 2777 1936 2825 sunt

286 2849 503 2908 clucit'inimieus
520 2851 578 2908 uias
605 2853 691 2920 meaa,
717 2862 746 2911 et
766 2871 817 2927 per
837 2857 957 2930 qunque
980 2868 1084 2934 portas,
1138 2873 1249 2940 propter
1263 2881 1324 2922 eum
1339 2865 1385 2936 qui
1399 2863 1479 2920 dixit:
1502 2865 1552 2920 llel
1572 2859 1847 2921 tnvmotttcomedc
1862 2859 1934 2932 quod

284 2938 406 3013 quinque
419 2938 546 2996 uidelicet
559 2941 681 3012 corporis
691 2945 799 3010 sensus,
810 2946 908 3015 jaculis
922 2947 977 3003 suis
991 2948 1086 3006 vidue·
1137 2957 1247 3029 sufficet
1261 2956 1312 3013 tibi
1326 2955 1416 3027 (Pron.
1429 2970 1498 3023 xxv,
1511 2954 1564 3025 te).
1581 2952 1627 3009 Sic
1648 2950 1799 3023 completur
1812 2947 1935 3020 quotidie

284 3035 328 3084 rat
342 3026 610 3100 mc[olios,-appetit
623 3029 688 3102 mel,
704 3037 732 3086 et
754 3047 828 3089 mors
851 3034 934 3090 intrat
949 3053 998 3107 per
1012 3037 1085 3096 lene
1138 3046 1209 3120 quod
1229 3045 1263 3100 de
1287 3061 1316 3100 se
1341 3042 1401 3117 ipsa
1429 3041 1568 3115 Sapientia
1595 3037 1780 3113 prophetavit:
1811 3046 1839 3092 et
1861 3051 1935 3092 nunc

287 3121 357 3172 atras
374 3131 460 3174 meas.
477 3114 608 3174 Sufficere
627 3117 711 3176 nimis
724 3129 849 3192 poterant
868 3123 913 3179 isti
932 3125 1000 3182 duo:
1023 3128 1083 3195 sed,
1138 3134 1256 3205 idipsum
1269 3131 1358 3201 video,
1374 3130 1501 3204 quoniam
1515 3131 1566 3203 qai
1584 3129 1671 3188 edam
1693 3143 1747 3198 me,
1763 3125 1822 3194 ait,
1842 3124 1934 3182 cubuc

286 3206 341 3262 ben
353 3203 413 3260 mel
429 3220 493 3262 ecee
506 3205 587 3262 video
605 3213 716 3263 uentum
735 3209 853 3268 validum
878 3213 1035 3271 venientem
1050 3219 1085 3274 ab
1139 3221 1371 3294 esurientfflecti.
1382 3236 1460 3289 xxiv,
1473 3213 1935 3288 29).Proindenonvosprotrabam

287 3293 423 3367 milwe,
439 3310 455 3349 ἃ
469 3309 523 3367 ([ῦο
533 3295 660 3366 panditur
676 3312 757 3355 ⁰m1¹0
771 3299 881 3356 malum·
893 3302 929 3357 El
939 3319 1011 3360 nunc
1020 3305 1085 3377 quid
1138 3313 1218 3378 ultra,
1234 3312 1283 3368 sed
1301 3326 1352 3367 uec
1370 3317 1488 3368 vestram
1503 3308 1633 3365 fraudabo
1657 3305 1790 3372 esuriem:
1806 3303 1936 3376 quoniam

286 3390 413 3454 superest
423 3381 515 3439 aliud?
524 3385 652 3452 Domine,
669 3387 747 3446 solvo
761 3405 822 3456 nos,
833 3393 958 3463 perimus
971 3393 1083 3462 (natta.
1139 3401 1249 3475 quidem
1263 3401 1303 3457 sie
1316 3409 1424 3472 paratos
1438 3414 1487 3456 vos
1499 3397 1588 3464 video,
1603 3413 1635 3454 ac
1644 3396 1667 3452 si
1688 3395 1802 3452 necdum
1811 3407 1938 3464 sumpse·

285 3471 503 3543 n11,at).1tcce
523 3470 597 3528 euim
615 3473 729 3531 malleus
747 3476 996 3546 universatem:
1021 3499 1085 3541 ecce
1140 3491 1198 3547 ritis
1211 3491 1368 3563 quidquam.
1384 3488 1446 3545 Tria
1462 3487 1615 3555 considero,
1636 3485 1663 3541 in
1683 3484 1781 3558 quibus
1801 3488 1857 3539 tota
1873 3497 1939 3554 spes

286 3574 412 3631 serpens,
427 3557 549 3616 callidior
558 3560 663 3617 cunctis
673 3561 869 3634 animantibus:
882 3583 945 3624 eece
960 3567 1085 3628 inimicus
1140 3594 1201 3635 mea
1232 3577 1366 3634 consistit:
1401 3575 1558 3634 charitatem
1586 3571 1752 3646 adoptionis,
1792 3569 1936 3628 veritatem

287 3645 343 3713 ille,
359 3663 439 3719 quem
453 3663 505 3703 nec
519 3647 749 3720 viderepossum:
771 3662 874 3726 quanto
892 3656 982 3713 minus
1000 3673 1083 3718 eate-
1139 3665 1336 3740 promissionis,
1382 3670 1542 3738 potestatem
1581 3660 1748 3719 redditionis.
1784 3659 1937 3715 llurmnret

287 3735 442 3806 relNeque
458 3735 532 3792 enim
552 3743 594 3792 est
616 3738 769 3798 colluctatio
793 3757 904 3800 servare
928 3745 1085 3807 volentibus
1138 3761 1204 3830 jam,
1228 3762 1358 3828 quantum
1371 3753 1495 3820 voluerit,
1516 3751 1647 3825 instiens
1665 3747 1792 3823 cogitatio
1807 3763 1880 3817 mea,
1897 3746 1938 3802 di·

288 3821 497 3881 cuntinentinm:
519 3825 712 3884 continentiam
732 3837 822 3888 autem
841 3832 902 3890 dico
921 3849 976 3891 non
993 3850 1009 3890 a
1027 3838 1085 3894 sola
1140 3862 1218 3903 cens:
1235 3843 1301 3914 Quis
1314 3841 1385 3900 enirn
1404 3857 1434 3900 es
1459 3851 1497 3908 tu,
1513 3848 1559 3898 aut
1581 3847 1681 3914 quanta
1705 3847 1748 3896 est
1769 3837 1815 3893 illa
1837 3836 1937 3910 gloria,

286 3911 404 3980 luxuria,
430 3912 507 3968 seda
530 3914 638 3971 caeteris
660 3931 777 3990 quoque,
802 3919 870 3976 sient
892 3938 1006 3980 neeesse
1033 3935 1084 3996 est,
1139 3933 1270 4007 quibusve
1301 3932 1404 3987 meritis
1432 3933 1501 3986 banc
1534 3929 1657 3987 obtinere
1686 3927 1799 4001 speras?
1822 3927 1856 3982 Et
1883 3939 1938 3997 ego

286 4000 359 4059 vitiis
381 4007 409 4056 et
423 4001 554 4074 pcccatis:
571 4019 626 4060 non
650 4013 692 4061 est
713 4004 765 4061 illis
780 4009 932 4066 colluctatio
956 4011 1086 4072 adversus
1141 4023 1300 4080 fiducialiter
1315 4020 1500 4092 respondebo:
1517 4018 1579 4075 Seio
1602 4019 1644 4074 eui
1669 4015 1938 4084 credidissemus

288 4103 400 4145 carnem
410 4096 439 4145 et
452 4090 612 4162 sanguinem
625 4095 801 4160 tantum,sed
811 4096 940 4155 adversus
950 4101 1086 4175 principes
1139 4131 1197 4172 sum
1226 4111 1289 4188 quia
1316 4111 1344 4167 in
1358 4110 1487 4167 alteritate
1515 4108 1597 4164 nimia
1625 4106 1762 4179 adoptavit
1791 4119 1846 4171 me,
1873 4103 1938 4175 quia

289 4187 317 4234 et
340 4185 498 4250 potestates,
518 4179 648 4238 adversus
662 4183 756 4237 mundi
771 4191 890 4244 rectores
911 4191 1085 4250 tenebrarum
1139 4219 1220 4261 verax
1234 4201 1264 4259 in
1285 4200 1475 4275 promissione,
1500 4199 1563 4271 quia
1583 4204 1682 4270 potens
1705 4195 1733 4251 in
1754 4193 1936 4252 exhibitione:

290 4267 397 4334 barum,
422 4271 516 4322 contra
544 4266 692 4339 spiritualia
719 4271 850 4344 nequitiae
874 4275 900 4330 in
928 4277 1085 4336 coelestibus
1138 4291 1202 4348 ticet
1224 4290 1296 4346 enirn
1319 4290 1345 4346 ei
1368 4290 1458 4347 lacere
1481 4287 1553 4362 quod
1575 4286 1700 4345 uoluerit.
1725 4283 1775 4340 llic
1797 4290 1840 4339 est
1867 4282 1937 4338 lirni-

289 4353 400 4427 OEW·
415 4369 454 4422 Vb
472 4355 526 4427 ¹⁹l·
542 4356 576 4412 Εῑ
595 4358 654 4428 quis
669 4360 771 4432 estqui
788 4363 877 4432 jacula
894 4363 1085 4427 vassorum
1139 4379 1216 4436 culus
1238 4377 1334 4452 triplex
1358 4377 1404 4452 qui
1427 4375 1536 4434 difficile
1560 4373 1701 4447 rumpitur,
1727 4388 1807 4446 quern
1827 4370 1937 4428 nobisa

289 4441 371 4515 mnes
390 4441 474 4514 possit
496 4444 689 4519 exstinguere?
711 4451 889 4510 Porovetatat
907 4457 981 4511 enim
996 4463 1083 4532 sopit·
1140 4463 1226 4537 patria
1250 4472 1342 4521 nostra
1366 4464 1393 4519 in
1420 4465 1491 4520 huuc
1514 4477 1652 4520 carcerem
1676 4474 1762 4532 usque
1786 4457 1937 4514 demissum

290 4533 334 4588 tos
348 4547 414 4589 suos
427 4533 459 4588 in
470 4533 619 4605 pharetro,
630 4541 665 4593 ut
677 4541 812 4610 sopittent
824 4544 855 4598 ia
870 4546 981 4604 obscuro
994 4555 1084 4607 rectos
1140 4553 1261 4623 tirmiter,
1287 4554 1412 4620 obsecro,
1437 4560 1591 4609 teneamus:
1608 4558 1637 4606 nt
1656 4550 1713 4622 ipsc
1729 4563 1779 4604 uos
1798 4548 1936 4612 subleuat,

289 4617 1085 4696 cerdc(t³sat.x,at;sedctnorraverentetotscoetarent
1140 4639 1198 4711 ipse
1212 4655 1263 4695 nos
1286 4641 1372 4696 trabat
1390 4645 1418 4696 et
1439 4638 1578 4710 pertrahat
1601 4635 1736 4708 usquead
1756 4639 1934 4706 conspectum

288 4709 409 4781 loqueos,
422 4710 608 4768 etdt‘eeront:
624 4715 1083 4796 Quisoidebt'teos?(Psoltxtnn.
1139 4727 1232 4802 gloria
1258 4728 1348 4802 magni
1372 4727 1431 4797 Dei,
1457 4727 1502 4800 qui
1527 4734 1568 4784 est
1592 4724 1751 4784 benedictus
1780 4723 1808 4779 1¹¹
1823 4723 1935 4780 Sffissula·

288 4797 366 4853 Nunc
379 4797 489 4870 quidem
507 4807 600 4871 aperte
624 4809 652 4858 et
676 4803 817 4876 violenter,
843 4825 916 4868 nune
938 4815 1043 4871 occulte
1058 4826 1085 4872 et
1139 4821 1242 4875 amen.

286 4883 484 4955 fraudulenter,
502 4895 612 4960 semper
633 4898 724 4952 autem
743 4894 875 4956 malitiose
891 4908 918 4956 et
936 4903 1083 4962 crudeliter

828 5145 904 5210 PRO
925 5149 1108 5219 DOMINICA
1130 5154 1389 5221 {novationis

605 5272 723 5331 SERMO
739 5276 759 5330 Ι·
1135 5291 1353 5359 etetcoolom,et
1361 5287 1933 5362 plancarotomoisterromojestotaejas.

285 5357 1010 5443 beverbislaot'oe,vt,l,rVidillomittumtcdentetn,u
1026 5381 1081 5433 etc.
1136 5377 1264 5434 Sublimis
1289 5377 1412 5450 quaedam
1436 5377 1502 5434 visio
1526 5376 1685 5449 prophetico
1705 5375 1784 5432 nobis
1806 5391 1935 5433 sermone

302 5450 342 5542 ⁸t.
354 5447 723 5510 Vidillomt'nomscdentem
734 5459 1083 5529 supersoliameecetsem
1137 5467 1308 5526 describitur.
1327 5469 1395 5535 Vidi,
1412 5467 1509 5540 inquit,
1525 5469 1672 5526 Dominum
1696 5467 1849 5526 sedentem.
1876 5467 1934 5522 lla·

317 5628 376 5756 533)
390 5627 439 5686 llio
453 5624 610 5700 magdalena
625 5627 798 5716 confunditur
818 5649 877 5691 cum
893 5639 975 5696 llario
995 5655 1088 5700 sorore
1103 5641 1207 5711 bazan,
1228 5652 1255 5701 et
1274 5644 1438 5714 Peccatriee,
1459 5655 1488 5702 ut
1499 5650 1656 5705 sermonct
1678 5646 1706 5703 io
1722 5643 1929 5718 assumptione.

280 5699 322 5758 llo
341 5713 384 5757 ius
397 5701 552 5756 Bernartius
567 5713 694 5758 sermone
709 5706 742 5760 la
756 5721 784 5761 m
803 5705 924 5766 Cantica.
