4118 6346
323 430 376 485 299

786 421 814 477 S.
831 412 1007 477 satutant
1020 416 1163 475 taetris
1176 415 1515 475 ctuhAE-vxttertsls
1934 423 1974 474 3ῦὲ

322 553 355 606 ad
370 566 414 606 me
429 548 503 605 venit
516 544 629 602 amicus.
647 545 729 600 Venit
739 544 773 598 de
783 544 896 618 regione
906 543 1061 614 longinqua,
1073 542 1119 597 ubi
1136 559 1158 637 q
1176 548 1232 597 tres
1257 557 1350 612 panea,
1380 540 1512 612 veritatis¹
1535 541 1687 609 charitatis,
1721 541 1911 598 fortitudinis.
1938 544 1973 598 lis

323 653 433 708 pascere
462 651 569 708 porcos,
599 641 628 688 et
649 632 772 704 ipsorum
795 633 905 704 siliquas
933 630 1120 687 insatiabiliter

320 726 425 782 esurire
454 725 570 780 solebat.
588 725 670 778 Venit
702 721 773 778 lame
809 721 945 786 laborans,
980 719 1120 775 coniectus

320 815 420 881 inedia,
447 820 602 870 attenuatus
629 811 745 881 jejunio.
773 811 849 865 veuit
880 823 993 864 necesse
1016 807 1120 862 habens

321 903 445 958 invenire
471 902 599 970 amicum3
623 900 683 964 sed,
708 900 759 954 heu
779 898 839 953 mel
862 910 1008 969 pauperem
1038 895 1121 967 elegit

324 991 469 1061 hospitem,
495 997 523 1044 et
536 1003 650 1044 vacnum
669 987 821 1059 ingreditur
843 984 1033 1040 habitaculum.
1050 983 1121 1053 Quid

326 1077 423 1134 faciam
449 1079 512 1134 huic
538 1079 624 1132 amico
639 1077 738 1132 misero
760 1081 788 1130 el
815 1072 980 1130 miserabili?
1004 1071 1121 1127 Omnino

326 1166 398 1221 euim
413 1181 468 1221 nou
487 1167 574 1221 habeo
595 1164 667 1237 quod
682 1179 782 1234 ponam
810 1170 874 1217 ante
899 1160 983 1216 illum.
1013 1160 1120 1226 Fateor,

327 1255 430 1310 amicus
441 1261 491 1320 est,
511 1253 560 1309 sed
576 1269 627 1325 ego
647 1252 796 1308 mendicus.
812 1249 883 1318 Quid
898 1250 993 1305 venisti
1016 1249 1050 1304 ad
1069 1261 1123 1312 me,

327 1341 423 1409 amice,
444 1342 470 1396 in
489 1341 650 1397 necessitate
671 1340 770 1395 tanta‘l
785 1341 843 1410 Ego
858 1352 917 1392 sum
932 1337 1083 1405 mendicus,
1095 1343 1123 1391 et

327 1445 383 1485 non
399 1437 440 1484 est
467 1431 494 1486 in
521 1429 602 1486 domo
616 1443 677 1484 mee
691 1427 779 1499 panis.
796 1427 911 1492 Festina,
941 1426 1039 1497 inquit,
1065 1425 1122 1478 dis-

327 1533 416 1585 curre,
446 1518 546 1574 suscita
578 1517 694 1573 amicum
717 1525 793 1572 tuum
807 1514 881 1571 illum
905 1529 1042 1584 magnum,
1067 1527 1122 1584 quo

327 1610 459 1679 majorem
474 1605 646 1662 dilectionem
666 1621 747 1660 nemo
771 1603 863 1670 habet,
888 1603 935 1658 sed
957 1618 1047 1673 neque
1061 1600 1125 1655 sub-

327 1696 453 1752 stantiam
467 1693 636 1766 ampliorem.
651 1691 762 1760 Quaere,
776 1698 849 1762 pete,
859 1690 951 1760 pulsa;
962 1689 1025 1760 quia
1034 1691 1125 1744 omnis

329 1783 376 1854 qui
386 1785 490 1856 qaaerit
504 1785 624 1850 invenit,
635 1785 663 1837 et
681 1783 729 1852 qui
746 1781 816 1851 petit
833 1778 946 1848 occtpit,
957 1781 986 1832 el
998 1776 1127 1846 pulsanti

1176 630 1261 686 tribus
1275 645 1358 704 egere
1373 645 1416 684 me
1431 630 1527 700 fateor,
1538 630 1664 686 veniente
1673 629 1707 684 ad
1718 647 1762 686 me
1772 630 1866 685 amico
1878 630 1918 684 da
1929 635 1963 684 sis

1174 719 1301 774 veniente
1321 725 1422 785 autem,
1446 725 1476 772 ut
1494 717 1570 782 dixit,
1597 734 1657 773 cum
1673 734 1756 774 uxore
1777 729 1805 774 et
1827 721 1969 790 mancipi.

1174 807 1271 862 Deficit
1294 807 1394 878 quippe
1419 806 1486 860 ratio
1509 823 1569 862 mea
1583 807 1652 878 (ipse
1676 816 1718 863 est
1733 809 1807 863 enim
1837 807 1896 874 vir)
1930 827 1970 877 pra

1174 893 1326 964 ignorantia
1340 893 1475 963 veritatis;
1492 894 1604 968 languet
1618 902 1645 952 et
1659 897 1783 952 voluntas
1806 913 1872 968 prae
1895 898 1969 950 intel.¹
1993 953 1994 968 ,

1175 981 1342 1046 allectionis;
1367 981 1517 1039 infirmatur
1536 999 1599 1040 caro
1613 1001 1670 1056 prae
1685 985 1775 1057 inopia
1798 984 1969 1042 tortitudinis

1175 1071 1242 1124 Nam
1266 1079 1294 1126 et
1314 1071 1381 1126 ratio
1395 1073 1487 1128 minus
1500 1072 1624 1146 intelligit
1639 1090 1699 1145 quae
1715 1073 1827 1145 agenda
1855 1083 1933 1142 sunt,
1953 1093 1969 1128 a.

1175 1158 1299 1214 voluntas
1322 1158 1411 1214 minus
1426 1161 1512 1236 diligit
1533 1161 1680 1227 intellecta,
1705 1169 1734 1218 et
1755 1163 1792 1218 ad
1810 1163 1879 1218 baec
1906 1165 1967 1218 etizu

1175 1261 1273 1316 corpus
1287 1247 1358 1317 qnod
1373 1248 1564 1320 corrumpitur,
1578 1241 1709 1322 aggravat
1722 1251 1861 1318 animam,
1879 1257 1909 1304 ut
1927 1268 1966 1305 not
1993 1299 1994 1302 ,

1178 1350 1346 1408 quaecunque
1360 1336 1494 1404 volumus,
1515 1336 1707 1393 illalaciamus.
1720 1338 1963 1402 Aruitcormeun,
1994 1356 1995 1374 t

1178 1423 1258 1478 etiam
1272 1431 1299 1479 et
1314 1439 1413 1496 corpus
1427 1441 1528 1493 meum,
1544 1427 1607 1498 quia
1629 1425 1729 1482 oblitus
1744 1443 1808 1482 sum
1836 1427 1965 1481 comedes

1178 1525 1276 1580 panem
1291 1527 1391 1568 meum.
1407 1513 1503 1584 Neque
1525 1513 1599 1568 enim
1618 1522 1729 1585 paterer
1740 1515 1817 1570 hunc
1833 1515 1964 1570 delectur.
1992 1525 1993 1580 l

1179 1599 1201 1653 si
1214 1600 1315 1672 jugiter
1329 1601 1475 1656 exercitata
1489 1609 1563 1657 esset
1577 1602 1645 1659 ratio
1659 1603 1687 1658 in
1708 1603 1895 1675 inquisitione
1916 1607 1965 1658 rea-

1180 1688 1252 1750 tatis,
1268 1688 1392 1744 voluntas
1406 1689 1433 1744 in
1448 1688 1585 1746 desiderio
1598 1691 1745 1759 eharitatis,
1765 1707 1835 1748 caro
1868 1691 1898 1745 iu
1920 1707 1966 1762 ope

1180 1775 1283 1830 ratione
1306 1776 1423 1832 virtutis.
1440 1778 1588 1834 Commoda
1612 1794 1678 1854 ergo
1700 1780 1777 1846 mihi,
1805 1781 1910 1844 amice,
1930 1791 1965 1837 trs

329 1873 486 1945 aperietur.
497 1871 598 1936 Clama,
613 1877 640 1925 et
650 1869 708 1923 dic:
720 1870 824 1937 Amice,
836 1865 1060 1922 commodcmilti
1070 1869 1125 1921 tres
1143 1869 1165 1944 Β
1181 1877 1277 1933 panes,
1292 1870 1321 1918 ut
1336 1863 1493 1936 intelligam,
1510 1873 1540 1921 ut
1553 1866 1674 1942 diligam,
1691 1876 1720 1922 ut
1740 1869 1842 1925 faciam
1860 1869 1963 1925 volume
1989 1847 1995 1903 3

351 1975 430 2016 ones.

331 1977 395 2101 pb.
410 2047 461 2117 Qui
485 2055 548 2100 sunt
572 2045 615 2099 isti
638 2058 733 2114 panes,
748 2041 868 2096 iratres?
893 2042 996 2097 Utinam
1021 2055 1126 2095 merea·

331 2151 392 2191 mur
406 2135 530 2205 accipere
549 2134 614 2190 eost
634 2133 713 2188 Forte
732 2131 803 2186 enim
823 2137 850 2184 et
869 2132 942 2202 ipsos
964 2144 1044 2185 nemo
1067 2129 1126 2194 scit,

332 2223 384 2278 nisi
399 2222 445 2295 qui
460 2222 565 2292 accipit.
587 2220 674 2276 Credo
689 2225 779 2274 tamen
805 2218 937 2288 petendos
964 2218 1042 2272 nobis
1066 2231 1127 2272 esse

1182 1961 1236 2006 tem
1250 1959 1332 2006 tuam.
1351 1953 1396 2008 Sic
1411 1954 1482 2009 enim
1495 1955 1602 2024 vivitm,
1620 1956 1688 2010 etin
1704 1955 1806 2012 talibus
1826 1958 1887 2014 vita
1910 1961 1965 2028 spu-L-
1994 1981 1995 1984 ¹

1183 2046 1224 2095 tus
1239 2041 1301 2108 mei,
1318 2041 1426 2098 dicente
1440 2042 1589 2114 Scriptura.
1608 2047 1744 2114 Qatoniom
1755 2048 1820 2101 nita
1838 2049 1872 2102 in
1889 2049 1965 2104 volsa

1183 2131 1241 2183 tole
1256 2130 1315 2198 ejas
1329 2129 1417 2199 (Psoi.
1437 2145 1517 2196 xxix,
1534 2133 1573 2200 d).

928 2493 966 2558 IN
989 2491 1222 2558 aschstotte
1247 2493 1388 2557 boutott.

651 2656 768 2713 SERth
787 2655 807 2710 l.

408 2748 443 2805 be
458 2748 613 2818 evangelico
626 2747 751 2803 lectione.
763 2745 857 2812 (llaec.
874 2757 933 2806 xvi,
951 2743 1056 2810 tta-eo.)

370 2839 397 2888 t.
413 2835 643 2891 temptantibus
653 2833 782 2890 undecim
793 2831 939 2901 discipulis
950 2830 1086 2900 apparuit
1097 2829 1130 2882 il-

336 2927 371 2982 lis
380 2926 459 2981 lesos
469 2923 565 2994 (llere.
577 2937 636 2992 xvi,
648 2921 839 2993 ll).hpparuit
852 2935 916 2974 vere
927 2917 1088 2988 benegnitas
1102 2925 1130 2972 et

335 3010 487 3067 humanitas
502 3010 656 3066 Salvatoris.
668 3007 749 3064 911
779 3009 888 3064 blultam
912 3007 984 3062 enim
1003 3005 1129 3061 fiduciam

334 3107 454 3171 praestat,
469 3099 541 3170 qnod
552 3097 676 3154 libentius
689 3096 759 3153 adsit
774 3095 886 3153 orationi
903 3095 1127 3160 incumbentibus,

335 3188 500 3261 quandouec
505 3186 725 3243 recumbentibus
736 3185 1127 3259 quidemdedignaturadessa.

335 3276 476 3349 Apparuit,
497 3276 617 3348 inquam,
634 3274 789 3346 benignitas
804 3275 873 3343 ejus,
890 3273 935 3344 qui
949 3272 1076 3344 cognovit
1098 3270 1130 3326 ii-

334 3372 475 3438 gmentum
490 3373 624 3435 nostmm,
639 3379 691 3419 nec
706 3361 869 3438 dedignatur
883 3362 1061 3420 necessitates
1075 3376 1129 3416 no-

333 3463 412 3516 stras,
429 3453 478 3509 sed
503 3452 661 3516 miseretur,
686 3449 709 3506 si
735 3458 825 3506 temen
849 3467 939 3506 curam
963 3450 1053 3504 carnis
1076 3461 1131 3504 uon

334 3541 360 3597 in
376 3541 512 3597 desiderio
527 3539 650 3607 iacimus,
668 3538 758 3594 sedin
774 3528 944 3596 necessitate.
960 3537 1039 3606 Quod
1067 3551 1131 3591 eou-

334 3630 460 3685 siderans
473 3628 545 3682 idem
555 3627 719 3698 Apostolus:
735 3631 798 3687 Sive
807 3631 1022 3694 manducantes,
1034 3624 1129 3696 inquit,

334 3720 392 3772 siue
410 3717 537 3780 himmas,
553 3717 609 3773 sinc
627 3717 736 3788 aliquid
749 3719 830 3773 aliud
843 3720 974 3787 sacimas,
987 3719 1083 3770 omniu
1098 3717 1128 3769 in

334 3807 455 3878 plotium
475 3804 586 3862 Domini
597 3806 738 3876 sommas
751 3807 778 3876 (l
795 3809 855 3864 Cor.
869 3819 899 3872 x,
909 3809 966 3872 et).
986 3805 1078 3858 Potest
1091 3809 1131 3856 ta·

335 3909 398 3950 men
425 3892 496 3965 quod
525 3895 747 3949 recumbentibus
764 3893 898 3966 apparuit,
923 3892 958 3947 ad
981 3892 1007 3946 id
1022 3905 1131 3962 quoque

336 3983 442 4048 referri,
462 3980 536 4052 quod
550 3981 622 4036 alibi'
639 3980 863 4038 calumniantibus
885 3979 984 4035 ludaeis
1002 3965 1170 4041 adversusss

333 4073 479 4144 discipulos
493 4089 549 4129 non
562 4073 739 4141 jejunantes:
757 4071 816 4126 Non
825 4075 952 4142 possent,
968 4069 1066 4140 inquit,
1078 4069 1133 4138 filii

331 4157 1129 4232 sponsiluqere,quandincumeiscstsponsostllottb.tx,

334 4249 391 4316 lb).
404 4247 545 4317 Sequitur:
568 4249 603 4302 ht
621 4245 800 4318 exprobrauit
820 4245 1048 4302 iucredttlitolcm
1067 4246 1132 4302 illo-

334 4349 400 4391 rem
414 4339 442 4392 et
457 4334 598 4393 duritiam
617 4335 716 4404 cordis,
737 4337 800 4408 quic
817 4334 859 4390 liis
869 4338 919 4405 qui
928 4335 1131 4392 niderooieum

334 4427 535 4490 recorrexisse,
547 4441 602 4480 non
610 4423 801 4480 crediderunt.
811 4421 896 4477 Audis
905 4422 1040 4477 Christum
1049 4421 1131 4477 disci-

334 4512 412 4585 pulos
420 4512 618 4584 increpantem,
627 4512 679 4566 imo
691 4511 773 4583 (quod
784 4511 971 4582 duriussonat)
987 4511 1068 4566 ctiam
1084 4527 1131 4566 ex·

334 4602 519 4674 probrautem,
542 4617 593 4657 nec
619 4601 844 4672 quandocunque,
871 4601 919 4655 sed
935 4617 968 4656 ea
983 4601 1060 4672 hora,
1076 4618 1130 4673 qua

335 4692 375 4747 eis
383 4691 552 4764 corporalem
567 4689 741 4762 praesentiam
757 4691 942 4745 subtracturus
959 4691 1028 4761 qli),
1043 4690 1129 4746 videri

333 4789 442 4850 poterat
465 4780 551 4852 magis
574 4779 609 4834 ab
630 4779 816 4853 increpatione
840 4794 953 4849 parcere
990 4781 1126 4835 debuisse.

332 4867 393 4922 Noli
416 4883 484 4941 ergo
504 4867 639 4939 indignari
663 4869 822 4934 decaetero,
849 4868 871 4920 si
895 4874 922 4921 le
949 4882 1059 4938 quoque
1082 4867 1130 4922 ali-

334 4955 442 5025 qnando
457 4955 556 5012 Christi
570 4955 685 5010 vicarius
700 4955 890 5028 increpaverit.
921 4957 949 5010 ld
970 4956 1043 5010 enim
1057 4957 1130 5012 exlri-

334 5044 479 5116 bet„quod
494 5061 657 5100 ascensurus
672 5046 706 5099 ab
721 5046 801 5100 eisin
819 5046 927 5109 coelum,
939 5046 994 5098 suis
1008 5045 1130 5100 Christus

333 5131 433 5206 tegitur
447 5133 600 5189 exhibuisse
615 5131 764 5206 discipulis.
782 5134 836 5189 Sed
851 5133 915 5205 quid
940 5140 990 5200 est,
1020 5134 1126 5198 fratrae,

331 5222 404 5295 quod
420 5222 502 5278 dicit:
517 5224 565 5280 llis
577 5224 625 5296 qni
640 5223 771 5281 videraut
786 5239 851 5278 eom
863 5224 1061 5288 resurrexisse,
1072 5239 1129 5280 nort

333 5321 513 5378 crediderent
525 5320 539 5375 l’
548 5323 601 5376 hut
616 5321 662 5393 qui
677 5319 763 5382 latere,
774 5319 888 5376 duorum
900 5320 971 5375 beati
986 5319 1055 5376 oculi
1070 5320 1129 5392 glo-

333 5409 432 5466 riosum
453 5410 662 5466 resurrectionis
680 5409 829 5466 linuriuicae
852 5417 1008 5466 mememut
1036 5410 1128 5466 videre

371 5590 428 5661 (ll)
439 5590 512 5647 ldem
527 5592 609 5648 sentit
623 5591 773 5672 Gregorius
787 5591 900 5672 lllagnus
918 5589 1025 5671 homilia
1040 5591 1074 5643 29
1100 5590 1128 5644 in

333 5657 502 5735 Evangelia:
519 5663 627 5718 tametsi
642 5665 793 5735 increpatio
807 5662 909 5732 aliquot
921 5661 1018 5718 diebus
1030 5675 1127 5717 asceu-

1144 2651 1370 2743 cmiraculum‘?
1388 2653 1483 2724 Neque
1502 2655 1577 2710 enim
1601 2665 1792 2732 resurgentem
1810 2657 1892 2712 illum
1913 2663 1965 2730 qne

1183 2756 1264 2812 quarn
1279 2740 1387 2811 legitur,
1405 2751 1449 2797 aut
1472 2743 1592 2799 creditur
1615 2743 1713 2801 vidisse
1733 2745 1907 2802 mortalium.
1931 2747 1966 2802 lle

1183 2831 1236 2880 stat
1268 2839 1334 2896 ergo
1360 2825 1395 2880 de
1419 2827 1524 2898 angelis
1546 2828 1742 2899 accipiendum,
1772 2831 1881 2904 quibus
1897 2833 1966 2903 ntiqar

1183 2915 1395 2970 resurrectionis
1420 2917 1603 2972 testimonium
1631 2919 1856 2990 perhibentibus,
1881 2929 1965 2992 apostr-

1183 3001 1270 3058 lorum
1284 3005 1495 3076 pusillanimitas
1509 3008 1651 3064 haesitavit.

1220 3097 1246 3147 2.
1262 3093 1320 3148 lam
1347 3110 1411 3151 vero
1434 3105 1464 3151 ut
1489 3095 1568 3152 iaciat
1581 3095 1654 3170 quod
1668 3097 1799 3170 seriptum
1823 3109 1889 3155 est:
1908 3103 1967 3155 llam

1186 3184 1273 3236 tatem
1289 3187 1316 3239 et
1329 3183 1554 3256 disciplinonc'ci
1577 3188 1729 3242 scientiam
1743 3188 1813 3247 doce
1833 3203 1883 3244 me
1902 3191 1966 3256 (Pisi.

1183 3284 1281 3336 cxvtu,
1314 3274 1376 3342 lid);
1406 3273 1567 3328 visitationis
1599 3275 1723 3348 gratiam,
1765 3277 1968 3347 exprobrationis

1184 3375 1341 3426 censuram,
1358 3362 1559 3432 predicationis
1573 3379 1682 3435 quoque
1695 3363 1823 3420 doctrina
1846 3373 1967 3436 sequatu.

1185 3457 1212 3504 et
1226 3449 1318 3506 dicat:
1338 3452 1390 3519 θοοὶ
1400 3451 1561 3519 crediderit,
1572 3457 1600 3508 et
1610 3455 1774 3527 baptizatos
1788 3455 1967 3524 fumiculus

1186 3538 1251 3593 crit.
1264 3537 1319 3591 Sed
1332 3537 1398 3608 quid
1411 3538 1445 3592 ad
1457 3540 1514 3594 haec
1523 3538 1780 3611 dicemusl'ratres?
1795 3541 1900 3615 Magna
1912 3542 1968 3596 nitas

1185 3624 1291 3680 videtur
1317 3625 1492 3681 saecularibus
1519 3627 1673 3684 hominibus
1687 3630 1715 3684 in
1737 3631 1790 3686 hoc
1813 3631 1905 3686 verbo
1927 3632 1968 3684 dm

1186 3712 1292 3780 fiducia,
1316 3730 1469 3788 vereorque
1491 3733 1526 3772 ne
1540 3717 1607 3774 dare
1622 3733 1681 3774 eam
1704 3717 1843 3790 incipiant
1859 3720 1887 3774 in
1910 3735 1967 3773 ocra·

1185 3798 1291 3856 sionem
1315 3804 1413 3872 carnis,
1430 3805 1601 3862 blandientes
1615 3806 1665 3863 sibi
1679 3808 1740 3880 plus
1754 3823 1843 3879 quam
1869 3817 1968 3880 oporam

1186 3888 1246 3944 sinc
1262 3893 1392 3962 operibus
1417 3893 1450 3948 de
1467 3891 1602 3966 baptismo
1627 3903 1654 3951 et
1674 3897 1851 3954 credulitate.
1877 3898 1968 3954 terne

1188 3985 1270 4034 tatem
1293 3980 1497 4038 consideremus
1519 3984 1592 4054 quod
1614 3985 1753 4056 sequitur:
1781 3987 1876 4060 Signa
1897 3993 1969 4043 natae

1187 4083 1231 4125 cos
1245 4074 1294 4144 qai
1307 4070 1488 4139 crediderint,
1500 4074 1558 4130 ltoec
1575 4078 1737 4146 sequentur.
1754 4075 1814 4131 Νοο
1828 4075 1921 4134 minor
1932 4077 1970 4130 lu·

1186 4167 1256 4213 tasse
1271 4159 1407 4216 videbitur
1421 4161 1484 4232 ipsis
1498 4177 1606 4234 quoque
1627 4163 1761 4237 religiosis
1775 4178 1812 4221 ex
1827 4165 1885 4222 hoc
1906 4167 1968 4222 reris

1185 4250 1333 4319 provenire
1346 4251 1511 4322 desperatio,
1529 4267 1610 4324 quam
1629 4269 1662 4309 ex
1686 4253 1770 4309 verbo
1796 4254 1896 4326 priore
1917 4271 1971 4309 rans·

1186 4337 1248 4406 spei
1269 4337 1332 4394 data
1347 4339 1520 4395 saecularibus
1533 4342 1640 4396 occasio
1661 4341 1812 4400 videretur.
1833 4341 1908 4411 Quis
1920 4343 1969 4397 anis

1188 4439 1230 4490 ea,
1246 4441 1309 4495 quae
1326 4426 1352 4481 in
1367 4428 1495 4497 praesenti
1514 4428 1574 4484 loeo
1589 4428 1689 4498 scripta
1704 4437 1775 4500 sunt,
1786 4431 1876 4504 sigua
1889 4432 1970 4488 riter

1186 4513 1286 4569 habore
1310 4515 1484 4585 credulitatis,
1500 4516 1560 4572 sine
1582 4533 1636 4587 qua
1651 4532 1730 4572 nemo
1754 4519 1865 4589 poterit
1886 4519 1963 4575 salven

1185 4603 1858 4678 quonianrquinoncrcdtderat,condemnamur,-
1870 4619 1914 4665 et:
1922 4611 1970 4664 Sir:-

1184 4691 1241 4760 fide
1253 4694 1422 4766 impossibile
1433 4699 1475 4751 ssi
1484 4695 1596 4766 placere
1608 4695 1682 4752 Dee?
1694 4695 1786 4766 (Hebe.
1801 4712 1845 4764 xt,
1858 4701 1905 4766 6.)
1918 4697 1970 4766 Qua
1996 4737 1997 4740 ,

1184 4781 1304 4851 inquam,
1333 4783 1465 4838 daemonia
1489 4783 1573 4852 ejicit,
1607 4783 1707 4855 linguis
1737 4785 1819 4842 novis
1858 4787 1965 4859 loquitu

1185 4877 1327 4942 serpentes
1348 4872 1440 4928 tollit?
1460 4871 1529 4940 Quid
1544 4874 1632 4946 ergo?
1655 4874 1685 4930 Si
1705 4889 1785 4930 namo
1814 4876 1882 4932 haec
1903 4879 1971 4932 halet.

1184 4967 1231 5015 aul
1245 4961 1374 5032 perpauci
1398 4961 1497 5016 nostris
1519 4961 1645 5018 videntur
1667 4963 1768 5018 habere
1800 4967 1971 5036 temporibus:

1184 5057 1228 5103 aut
1243 5065 1323 5104 nanno
1339 5049 1495 5118 salvabitur,
1519 5060 1564 5106 aut
1580 5051 1606 5106 hi
1625 5051 1676 5108 soli
1690 5052 1736 5123 qui
1751 5051 1793 5106 his
1824 5054 1972 5108 muneribe

1183 5136 1344 5208 gloriantur,
1359 5153 1419 5208 quae
1434 5153 1488 5193 non
1504 5145 1558 5193 tam
1573 5139 1669 5196 merita
1692 5146 1755 5194 sunt
1776 5155 1869 5211 quam
1894 5141 1972 5197 iudici

1184 5225 1358 5280 meritorum:
1375 5225 1445 5281 adeo
1459 5233 1489 5280 ut
1508 5227 1585 5282 multi
1607 5227 1747 5283 dicentes:
1765 5227 1875 5288 Nonne
1896 5235 1925 5287 ia
1938 5247 1972 5282 a*

1184 5319 1261 5372 ateiris
1271 5321 1320 5372 luo
1330 5315 1470 5373 duunont'o
1476 5319 1618 5390 ejecimus,
1631 5322 1659 5375 et
1667 5318 1824 5374 innomine
1834 5323 1894 5378 luo
1906 5321 1973 5378 cirta·

1184 5409 1225 5462 les
1236 5409 1342 5464 uirilius
1350 5406 1490 5478 secianus?
1499 5405 1716 5463 audirehabeanl
1726 5405 1868 5478 injudicio
1878 5429 1885 5466 :
1897 5411 1970 5466 hes-1.

1182 5587 1287 5644 sionem
1305 5589 1444 5659 precessit
1468 5605 1501 5644 ea
1521 5587 1600 5645 Lucae
1610 5605 1670 5660 cap.
1681 5605 1761 5646 xxtv.
1770 5591 1901 5648 Consule
1911 5592 1976 5644 inter·

1180 5668 1283 5732 pretes.
