3950 6350
250 359 304 416 2⁰⁸1
712 346 742 402 S.
758 341 936 404 BERNARDI
951 341 1091 402 menits
1106 343 1441 402 etune-vatteusts
1871 346 1922 400 2⁰!

250 487 387 540 testatun:
403 473 586 534 Providebom
606 472 758 528 Dominum
771 471 803 525 in
822 473 971 543 conspecto
985 484 1046 526 meo
1063 482 1088 562 Ι
1104 479 1213 542 captare
1236 469 1393 542 praesentia,
1417 477 1471 526 tarn
1491 465 1657 526 saeculariter
1671 467 1851 524 transitoriis
1866 472 1922 523 uti-

249 586 367 644 semper,
379 568 510 642 quoniam
524 581 542 619 c
556 561 666 618 destris
685 564 728 617 est
740 561 813 617 mibi
825 575 862 617 rte
875 571 1048 616 commovear·
1104 559 1396 633 litatibusadgaudere,
1416 557 1450 614 ad
1465 565 1635 614 terrenarum
1650 556 1749 612 damna
1769 557 1824 614 vel
1840 556 1923 612 mini-

251 660 338 732 (Pscl.
348 672 397 724 xv,
411 655 450 727 8).
461 650 588 724 Nunquid
599 664 653 705 non
663 657 691 706 et
699 649 769 705 illius
778 663 887 704 manum
896 646 1048 712 dexteram,
1103 665 1147 704 ma
1166 650 1322 706 facultatum
1333 657 1388 704 tam
1403 647 1611 720 pusillanimiter
1628 647 1742 715 turbari,
1759 654 1825 701 tam
1867 663 1923 702 ear-

250 757 278 807 et
299 747 384 805 solam
402 759 462 802 earn
476 751 556 816 putas
571 742 710 796 dexteram
728 738 859 805 tenuisse,
870 738 949 808 cujus
967 742 1049 792 tonm
1104 737 1201 794 naliter
1214 755 1297 810 super
1317 739 1359 794 his
1373 739 1524 806 decertare,
1557 735 1712 792 discurrere
1737 743 1800 792 tam
1830 735 1920 809 impa-

250 838 279 894 in
294 837 452 893 facultatem
467 831 568 902 pariter
583 838 611 886 et
624 829 652 884 in
667 827 869 885 carnemlicere
885 841 981 898 passus
996 831 1049 895 est,
1105 828 1211 895 denter,
1227 834 1282 883 tarn
1295 827 1454 898 irreligiose,
1477 823 1651 882 sacularibus
1678 840 1742 882 sese
1767 825 1920 896 implicare

251 923 385 1000 quidquid
408 921 494 977 libere
519 919 605 976 visum
616 923 658 974 est
683 915 825 972 inimico?
853 917 1051 972 Verumtamen
1106 915 1232 987 negotiis,
1257 932 1288 972 ac
1307 917 1329 972 si
1350 917 1401 972 boc
1419 922 1493 971 esset
1516 918 1574 970 tota
1599 927 1693 970 eorum
1716 914 1833 986 portio,
1863 915 1918 972 her

251 1017 390 1078 animam,
405 1009 503 1082 inquit,
514 1010 575 1081 ejus
588 1023 668 1065 seruo
682 1006 742 1078 (lob
753 1021 784 1071 u,
800 1007 840 1075 6).
856 1003 968 1059 Utinam
984 999 1051 1057 mibi
1107 1005 1232 1060 universa
1250 1003 1412 1060 substantia.
1426 1003 1563 1059 Attentius
1580 1017 1647 1058 sane
1662 1003 1787 1076 agricola
1811 1018 1915 1073 paupe

253 1119 364 1176 semper
383 1097 511 1157 adextris
533 1098 580 1163 sis,
613 1098 677 1154 lesu
701 1095 789 1152 bonel
816 1093 919 1151 uunam
941 1106 1053 1163 semper
1108 1109 1166 1149 rem
1189 1092 1288 1150 excolit
1310 1091 1508 1159 tandemsed
1531 1091 1575 1148 cui
1607 1090 1678 1148 iorte
1705 1090 1785 1148 nulla
1795 1091 1918 1163 amplior

256 1199 353 1250 teneas
371 1204 481 1245 manum
496 1188 619 1243 dextram
633 1185 741 1241 meanti
761 1182 823 1240 Scio
838 1183 911 1239 enim
926 1187 1053 1238 etcertus
1107 1181 1287 1256 pretiosiorve
1309 1181 1343 1238 sit
1362 1181 1510 1254 possessio.
1525 1178 1676 1236 buccellam
1699 1181 1784 1252 panis
1806 1180 1844 1235 in
1864 1180 1916 1235 sinn

256 1297 317 1338 sum
331 1278 459 1354 quoniam
479 1275 553 1332 nulla
567 1271 677 1330 nocebit
691 1272 852 1342 adversitas,
867 1270 890 1328 si
903 1269 976 1326 nulla
1000 1271 1054 1325 do·
1109 1287 1158 1328 suo
1172 1270 1314 1327 mendicus
1327 1270 1480 1337 abscondit,
1497 1268 1605 1341 quodin
1620 1267 1743 1326 saccellis
1759 1268 1821 1325 suis
1832 1270 1916 1324 solun
1948 1268 1949 1342 l

255 1369 376 1426 minetur
389 1364 528 1438 iniquitas.
559 1363 715 1418 Tondeatur
738 1359 846 1417 interim
871 1367 899 1416 et
927 1358 1057 1415 tundatur
1110 1362 1161 1417 boc
1175 1359 1276 1416 metalli
1290 1376 1378 1434 genus
1405 1358 1548 1431 aerugiuet.
1573 1357 1612 1414 Tu
1637 1357 1702 1431 quid
1725 1359 1765 1414 ita
1782 1365 1914 1415 extrema

259 1458 398 1516 sinistrum
412 1455 482 1511 latus
500 1468 509 1521 ;
530 1452 652 1525 pulsetur
672 1449 791 1520 injuriis,
806 1447 947 1508 vellicetur
960 1461 1059 1520 oppro·
1110 1448 1173 1504 buic
1191 1449 1354 1521 paupertati,
1375 1447 1532 1521 etquidem
1555 1449 1659 1520 proprii
1682 1447 1754 1503 male
1782 1447 1915 1519 prodigus

259 1547 325 1606 briis
350 1563 359 1603 t
384 1543 472 1600 libens
494 1539 561 1598 illud
580 1554 697 1613 expono,
726 1538 791 1593 dum
816 1553 832 1595 a
853 1545 880 1594 te
908 1535 1056 1604 custodiar,
1110 1537 1223 1605 laboris,
1252 1537 1407 1594 incumbis?
1433 1539 1482 1592 llst
1505 1544 1534 1592 et
1555 1535 1607 1592 alia
1626 1535 1676 1592 tibi
1694 1536 1856 1608 possessio,
1873 1537 1914 1592 ets'

260 1633 407 1693 dnmmodo
421 1631 459 1688 sis
471 1629 532 1702 ipse
545 1628 680 1702 protectio
692 1643 755 1684 mea
768 1641 851 1699 snper
863 1641 973 1682 manum
989 1625 1057 1680 dex·
1112 1625 1182 1684 sorte
1193 1635 1308 1683 remota.
1324 1627 1415 1682 Erras.
1430 1625 1475 1681 Nil
1491 1635 1545 1682 tam
1559 1641 1645 1698 prope
1659 1640 1721 1692 nos,
1738 1642 1828 1698 quam
1846 1625 1914 1698 quod

259 1733 346 1783 teram
361 1735 459 1779 meam.
1112 1715 1184 1771 intra
1197 1731 1248 1771 nos
1262 1720 1313 1772 cst.
1327 1715 1365 1769 At
1378 1714 1448 1772 forte
1464 1729 1517 1770 non
1532 1715 1641 1787 quidem
1661 1713 1770 1787 longius
1780 1713 1910 1786 positam,
1950 1741 1951 1786 t

297 1817 343 1870 te.
358 1811 438 1868 Forte
453 1807 536 1865 etiam
551 1805 626 1862 mille
640 1803 716 1877 quia
735 1802 856 1860 sinistris
878 1801 968 1860 casuri
982 1809 1057 1872 sunt,
1075 1795 1097 1872 Β
1114 1804 1163 1860 sed
1181 1803 1302 1860 inutilem
1316 1817 1376 1862 esse
1400 1803 1529 1871 causaris,
1544 1811 1574 1860 ut
1602 1803 1645 1860 hic
1666 1803 1713 1858 tibi
1733 1803 1912 1875 quaerendam

260 1901 386 1958 homines
399 1897 486 1974 magis
499 1893 668 1970 intelligendi
678 1899 750 1959 sunt,
763 1907 843 1964 quarn
852 1890 1001 1947 daemones.
1012 1888 1061 1945 llic
1116 1893 1204 1965 magis
1229 1892 1420 1948 sufficientiam
1444 1900 1536 1963 putes.
1561 1892 1690 1948 Falleris:
1711 1893 1749 1947 ibi
1773 1892 1869 1968 magis
1883 1891 1915 1947 in·

263 1987 391 2046 nimirum
403 1985 482 2044 nobis
496 1983 604 2040 nonnisi
618 1983 654 2038 ob
678 1979 839 2051 temporalia
868 1977 994 2051 quaelibet
1010 1977 1060 2032 ad·
1115 1983 1218 2049 ventes,
1233 1981 1288 2038 ime
1301 1997 1357 2038 non
1372 1981 1496 2038 invenies
1511 1981 1563 2037 nisi
1581 1981 1627 2036 ibi.
1645 1982 1689 2036 An
1708 1995 1776 2038 vero
1792 1981 1916 2036 'aestimas

259 2083 408 2136 versantur
420 2082 448 2132 et
463 2071 617 2129 transitoria
633 2071 714 2136 bona,
731 2085 791 2141 quae
805 2067 916 2140 quidem
940 2076 986 2123 aut
1010 2079 1062 2122 nos
1115 2071 1188 2144 qnod
1203 2071 1246 2127 vel
1256 2086 1366 2142 operam
1378 2078 1450 2125 tuam
1462 2085 1516 2126 non
1527 2070 1628 2142 exigat,
1638 2069 1680 2126 vel
1697 2069 1790 2125 minus
1800 2085 1915 2142 respon-

262 2168 365 2225 habere
380 2163 513 2224 invidiosa
535 2159 702 2232 malignitate
722 2156 870 2229 suspirent,
887 2163 934 2212 aut
959 2154 1062 2228 cupidi·
1115 2160 1180 2215 deat
1192 2159 1338 2232 operanti?
1348 2166 1393 2215 aut
1404 2167 1478 2216 certe
1491 2159 1519 2214 in
1530 2165 1586 2215 tuto
1602 2158 1693 2214 credis
1709 2173 1772 2214 esse
1788 2157 1914 2226 locatam,

261 2264 319 2313 tate
335 2255 512 2326 injustasese
526 2248 616 2322 potius
639 2247 751 2304 doleant
765 2261 820 2302 non
840 2245 954 2300 babere.
978 2245 1060 2300 Forte
1118 2265 1170 2305 nec
1203 2248 1258 2304 tilla
1281 2247 1410 2320 deinceps
1438 2247 1616 2304 sollicitudine
1644 2247 1765 2304 custodis
1802 2263 1890 2318 egere

263 2345 336 2402 enim
347 2341 440 2400 mundi
451 2341 530 2410 buius
539 2336 783 2396 conanturaulerre
794 2333 981 2400 substantiam,
992 2333 1060 2390 iorte
1117 2337 1265 2407 Quodlibet
1284 2337 1380 2392 horum
1406 2337 1507 2408 sapias,
1526 2337 1594 2392 scito
1608 2335 1681 2408 quod
1697 2335 1822 2406 desipias
1835 2337 1915 2392 vebe·
1952 2409 1953 2414 η

263 2435 383 2491 favorem
408 2429 556 2494 bominum,
588 2427 658 2483 lorte
686 2425 772 2498 ipsam
800 2438 944 2496 corporum
966 2422 1059 2481 vitam.
1091 2411 1231 2483 'mentem
1258 2425 1296 2480 lbi
1322 2426 1395 2482 enim
1428 2424 1625 2498 quammaxime
1649 2442 1710 2496 quae
1737 2425 1914 2482 seminaverit

262 2523 355 2595 Usque
369 2521 422 2576 huc
437 2516 533 2575 saevire
544 2515 662 2574 bumana
676 2512 830 2585 persecutio
842 2520 945 2584 potest,
963 2513 1060 2568 animae
1114 2517 1205 2581 bomo,
1235 2515 1334 2570 baecet
1361 2519 1445 2569 metet
1460 2512 1604 2586 (ld.v1,8).
1634 2512 1735 2568 Sedet
1760 2513 1814 2585 qui
1839 2528 1913 2584 parce

262 2623 393 2669 veronon
404 2602 579 2677 habentquid
594 2601 704 2659 iaciant.
721 2603 789 2657 Nam
800 2602 939 2657 daemones
949 2600 1060 2673 quidem
1113 2599 1238 2668 seminat,
1255 2613 1337 2669 parce
1347 2607 1376 2654 et
1386 2607 1470 2654 metet
1480 2617 1488 2666 ;
1500 2597 1546 2670 qui
1561 2612 1626 2654 vcro
1636 2596 1664 2652 ia
1675 2596 1913 2652 benedictionibus
1953 2645 1954 2660 ,

259 2714 378 2772 superna
391 2695 471 2753 nobis
485 2702 513 2751 et
534 2702 637 2750 aeterna
650 2690 876 2764 potiusinvidere
899 2697 1059 2758 noscuntur,
1113 2686 1301 2753 seminaverit,
1316 2687 1350 2742 de
1370 2686 1607 2743 benedictionibus
1625 2693 1652 2741 et
1675 2690 1762 2741 metet
1787 2685 1912 2757 (licor.

258 2795 420 2847 nontamen
435 2792 465 2841 ut
478 2783 531 2840 sibi
541 2781 629 2847 cedat,
646 2779 720 2853 quod
734 2776 950 2850 irreparabiliter
965 2777 1061 2834 amise
1113 2791 1154 2846 tx,
1170 2778 1209 2847 6),
1234 2783 1264 2832 ut
1278 2774 1359 2831 iaciat
1371 2790 1454 2830 unum
1478 2775 1653 2843 tricesimum,
1669 2789 1755 2830 unum
1769 2775 1910 2850 sexagesi-

259 2883 342 2943 runt;
367 2875 416 2931 scd
439 2887 474 2929 ne
498 2871 561 2929 illuc
584 2883 689 2942 pauper
708 2869 742 2924 de
770 2867 883 2941 pulvere
916 2866 1060 2922 suscitatus
1112 2881 1198 2934 mum,
1216 2863 1499 2921 unumoentesimum.
1523 2864 1613 2920 Habes
1637 2871 1727 2920 autem
1745 2863 1913 2924 thesauram.

258 2963 384 3029 accedat,
399 2961 472 3018 unde
485 2959 537 3033 ipsi
551 2958 579 3014 in
602 2957 690 3030 gloria
713 2954 815 3012 conditi
843 2953 1059 3025 irreparabiliter
1112 2952 1196 3010 istum
1212 2953 1238 3008 in
1253 2953 1325 3010 vasis
1336 2951 1474 3023 fictilibus,
1489 2952 1512 3008 si
1526 2960 1617 3008 tamen
1635 2951 1724 3008 adhue
1737 2951 1843 3009 habes.
1855 2953 1913 3009 Puto
1955 2924 1956 2998 i

259 3053 430 3110 ceciderunt.
458 3049 616 3120 lndignatur
634 3051 663 3100 et
690 3043 777 3100 livore
792 3039 907 3098 tabescit
924 3040 1059 3097 obstinata
1113 3043 1196 3113 enim,
1213 3044 1269 3114 jam
1292 3039 1417 3108 amisisti,
1440 3048 1518 3113 puto,
1541 3041 1596 3110 jam
1619 3040 1742 3097 sublatus
1758 3046 1825 3110 est;
1844 3051 1913 3114 puto,

260 3137 415 3212 malignitas
449 3137 595 3192 humanam
613 3131 789 3204 fragilitatem
815 3129 951 3200 obtinere,
984 3128 1056 3200 quod
1074 3097 1096 3178 c
1111 3131 1167 3202 jam
1183 3133 1362 3190 comederunt
1375 3129 1457 3186 aliem
1488 3129 1571 3186 robur
1594 3137 1679 3196 tuum,
1707 3136 1736 3185 et
1763 3129 1913 3204 ignorasse

259 3230 378 3286 retinere
390 3228 450 3300 ipsa
464 3240 519 3283 non
533 3225 642 3280 meruit.
654 3219 710 3277 Sed
723 3219 774 3276 etsi
788 3218 896 3291 quando
907 3217 978 3274 lorte
996 3216 1058 3273 cui-
1114 3237 1165 3278 nec
1178 3230 1257 3293 potes
1277 3221 1404 3278 thesauro
1425 3227 1471 3275 tuo
1494 3234 1543 3275 cor
1564 3233 1714 3290 apponere,
1740 3219 1850 3292 quippe
1877 3221 1914 3291 qu

257 3319 297 3376 vis
311 3315 470 3390 temporalia
506 3315 605 3369 damna
632 3316 680 3365 aut
703 3309 806 3364 inferre
839 3315 981 3373 conantur,
1012 3312 1059 3362 aut
1114 3311 1270 3366 thesaurum
1292 3309 1380 3382 ipsum
1403 3323 1458 3363 uon
1480 3305 1590 3363 babeas.
1611 3306 1751 3380 Alioquin,
1766 3323 1869 3378 quaeso
1884 3319 1913 3373 te,

257 3407 424 3484 gratulantur
446 3402 561 3468 inierri3
576 3400 744 3454 baeceorum
758 3402 815 3452 tota
839 3395 941 3452 molitio
956 3400 1008 3461 est,
1029 3400 1059 3450 ul
1113 3397 1200 3454 sitam
1214 3396 1346 3455 sollicitus
1364 3413 1405 3465 es,
1421 3396 1444 3452 si
1463 3412 1514 3452 nec
1529 3395 1639 3452 minima
1663 3395 1786 3467 spernis,
1807 3395 1832 3450 si
1863 3405 1910 3451 tarn

254 3497 361 3567 jactura
384 3491 506 3550 exterior
528 3487 572 3546 vel
587 3485 676 3542 eidem
686 3483 746 3556 ipsi,
757 3483 801 3540 vel
811 3482 888 3539 alteri
902 3483 1009 3540 occasio
1024 3482 1059 3538 sit
1114 3486 1263 3559 prudenter
1287 3501 1381 3542 servas
1394 3485 1488 3558 paleas
1502 3491 1561 3541 tuns
1576 3501 1584 3552 3
1601 3484 1682 3540 etiam
1696 3485 1834 3540 borreum
1845 3492 1913 3539 tuun

254 3585 364 3640 interna
384 3598 391 3636 :
415 3580 485 3635 sicut
509 3591 526 3632 e
540 3573 654 3646 regione
674 3572 808 3637 homiues,
823 3573 930 3645 quotics
945 3585 986 3656 ca⁴
996 3586 1058 3626 sua·
1113 3592 1223 3633 servare
1232 3581 1370 3631 memento
1382 3573 1567 3630 etcustodire.
1580 3575 1636 3630 lmo
1646 3587 1712 3630 vcro
1723 3587 1782 3629 nou
1794 3589 1912 3646 exponas

259 3673 326 3727 dere
341 3667 431 3736 nobis,
447 3674 494 3722 ant
509 3662 632 3735 quolibet
646 3660 727 3716 modo
742 3659 851 3717 eliicerc
864 3666 969 3731 curant,
984 3660 1058 3716 unde
1114 3665 1268 3721 thesaurum
1284 3671 1370 3725 tuum,
1384 3663 1431 3734 qui
1454 3661 1493 3719 sic
1514 3661 1626 3718 incubas
1655 3661 1831 3734 sterquilinio
1862 3669 1913 3717 tuo.

254 3759 379 3831 ,dextera
401 3761 495 3811 nostra
513 3751 638 3820 laedatur,
658 3765 712 3806 non
727 3749 780 3806 boc
793 3747 904 3822 quidem
924 3749 1059 3822 principa·
1119 3753 1199 3809 Forte
1219 3755 1292 3810 enim
1307 3752 1372 3808 illud
1397 3751 1445 3807 tibi
1464 3751 1588 3808 invident
1602 3750 1686 3819 mille,
1702 3750 1753 3806 sed
1773 3751 1861 3808 istum
1874 3751 1913 3807 ob

267 3848 320 3903 iter
343 3858 437 3918 agere,
452 3839 502 3898 sed
526 3838 674 3911 temporale
694 3837 802 3910 aliquod
813 3837 898 3894 cuivis
908 3845 1059 3910 proventu·
1114 3843 1204 3899 sidant
1224 3843 1320 3898 decern
1348 3839 1441 3908 millia,
1468 3856 1519 3896 nec
1545 3839 1633 3896 minus
1658 3840 1913 3912 superabundantes

257 3949 328 4000 rum,
349 3932 392 3991 vel
407 3931 459 3987 sibi
474 3928 587 3996 scilicet,
603 3930 644 3986 vol
656 3927 745 3994 nobis,
757 3926 798 3983 vel
818 3923 898 3982 alteri
913 3926 983 3982 sorte
996 3928 1057 3983 cni·
1113 3931 1210 3988 astutia
1223 3938 1253 3989 et
1266 3930 1426 3988 credulitate
1440 3945 1521 4000 quam
1535 3943 1658 3986 numero.
1674 3929 1798 3994 Cadent,
1818 3931 1912 4002 inquit.

255 4023 328 4095 piam
346 4037 354 4088 3
370 4028 417 4076 aut
445 4019 637 4075 detrimentum
654 4023 701 4072 aut
724 4015 937 4070 emolumentum
959 4014 1057 4072 exinde
1113 4022 1229 4079 clarere
1244 4027 1291 4079 too
1300 4021 1390 4086 mille,
1404 4024 1432 4076 ct
1445 4021 1539 4077 decem
1553 4020 1649 4074 millio
1671 4033 1689 4074 o
1712 4018 1831 4076 dextris
1849 4023 1915 4074 tuis.

252 4125 304 4166 scu
316 4117 437 4182 captare,
458 4123 508 4164 seu
519 4105 679 4178 propulsare
688 4101 759 4161 velle
769 4103 906 4159 videntur.
917 4103 972 4159 Nisi
988 4104 1058 4162 iorte
1113 4110 1195 4168 Verte
1208 4109 1272 4165 illuc
1285 4111 1380 4166 oculos
1394 4107 1469 4163 fidei.
1489 4107 1569 4164 Forte
1591 4107 1664 4164 euim
1681 4109 1738 4176 jam
1755 4106 1914 4178 irruperunt

255 4207 369 4256 eatenus
384 4197 444 4269 quis
458 4196 487 4250 in
502 4195 655 4250 daemonem
669 4191 807 4248 transierit
826 4207 858 4246 cx
876 4193 995 4262 bomine,
1028 4203 1058 4251 ut
1112 4197 1212 4272 aditus,
1235 4198 1306 4254 lorte
1319 4199 1375 4269 jam
1390 4196 1476 4254 libere
1491 4195 1620 4267 diripiunt
1642 4195 1744 4261 omnia,
1770 4195 1915 4266 testejam

256 4292 352 4358 optare
363 4283 416 4340 ullo
427 4281 508 4339 modo
519 4279 606 4354 possit
616 4278 768 4353 quemlibet
777 4277 829 4334 sibi
840 4278 1056 4339 inimicissimum
1112 4285 1199 4359 spolia
1209 4285 1267 4359 ipsa
1282 4285 1459 4342 distribuunt.
1474 4283 1545 4355 Quid
1562 4283 1671 4340 sinistro
1685 4283 1765 4340 lateri
1776 4291 1837 4339 tam
1848 4283 1915 4340 maie

257 4373 398 4431 bominem
412 4379 515 4427 aeternt
529 4368 703 4424 damnalitlne
718 4367 836 4423 mulleri·
1073 4376 1251 4483 nstudiosus
1273 4375 1433 4431 observator
1464 4373 1592 4440 inhaeres,
1626 4372 1676 4429 nisi
1702 4371 1778 4444 quod
1804 4389 1863 4430 non
1892 4374 1915 4428 in

296 4465 339 4520 ld.
369 4459 441 4530 Quid
470 4475 523 4515 nos
545 4457 637 4513 miseri
671 4456 848 4514 dormitamus
877 4474 893 4514 a
926 4459 1058 4531 spirituali
1112 4467 1197 4521 latere
1210 4466 1267 4535 jam
1282 4462 1330 4519 tibi
1348 4478 1420 4530 esse,
1444 4462 1537 4519 sedin
1554 4461 1622 4518 facie
1646 4460 1754 4517 simstra
1771 4460 1914 4526 videntur,

258 4551 359 4618 studio,
380 4564 450 4621 quos
474 4555 529 4604 tam
561 4543 745 4616 multipliciter
763 4545 912 4605 insectatur
937 4550 1057 4623 nequitia
1112 4553 1187 4626 quod
1202 4554 1260 4610 baeo
1290 4552 1433 4624 provideas
1457 4552 1484 4607 in
1499 4558 1648 4623 conspectu
1674 4557 1719 4606 tuo
1734 4566 1872 4623 semper;
1894 4559 1917 4607 et

254 4638 425 4712 spiritualis?
441 4637 475 4693 Et
485 4635 574 4709 pudor
581 4643 622 4690 est
633 4633 736 4700 dicere,
749 4642 777 4691 et
785 4635 867 4694 silere
876 4639 1005 4710 prohibet
1015 4639 1058 4694 vis
1113 4641 1159 4714 qui
1174 4644 1260 4714 tangit
1274 4641 1334 4707 boc,
1349 4655 1403 4698 non
1417 4639 1492 4697 latus
1502 4640 1625 4714 tetigisse
1643 4645 1766 4712 putetur,
1782 4640 1838 4697 sed
1861 4657 1915 4712 pu·

259 4729 372 4786 doloris.
389 4723 473 4782 8ss
483 4725 604 4794 Quantos
618 4721 692 4779 enim
703 4723 825 4782 invenire
835 4735 886 4793 est,
900 4726 1009 4794 iratres,
1025 4743 1059 4784 ex
1113 4729 1204 4803 pillam
1217 4730 1288 4787 oculi
1304 4729 1368 4786 tui?

260 4819 302 4874 bis
315 4830 425 4888 quoque
439 4813 485 4886 qui
512 4813 539 4867 in
554 4811 692 4886 religionis
707 4814 800 4870 babitu
815 4822 843 4870 et
855 4815 996 4887 proposito
1008 4818 1059 4872 de·
1150 4823 1193 4875 ib.
1213 4820 1347 4876 Caeterum
1372 4819 1428 4890 jam
1441 4833 1514 4874 nunc
1528 4816 1577 4874 tibi
1596 4816 1719 4889 pmvide,
1735 4816 1871 4890 quisquis
1892 4835 1917 4874 es

262 4913 331 4978 gunt
350 4901 535 4975 perfectionis,
551 4916 618 4973 quos
636 4901 763 4957 terribilis
777 4902 821 4959 illa
836 4907 978 4976 prophetie
993 4921 1059 4961 sen·
1114 4909 1203 4963 dextri
1213 4907 1368 4982 negligens,
1381 4907 1482 4962 sinistri
1497 4906 1589 4963 lateris
1598 4906 1696 4972 cultor,
1707 4921 1743 4961 ne
1753 4921 1821 4962 curn
1833 4907 1917 4964 haedis

260 4993 347 5050 tentia
362 4990 601 5062 comprehendisse
614 4989 723 5048 videtur
734 4993 779 5049 :Si
788 4992 890 5049 oblitus
900 4997 981 5065 suero
1003 4997 1058 5061 tut,
1115 4997 1203 5052 locum
1212 4995 1328 5066 accipias
1341 4997 1370 5051 in
1381 4995 1489 5050 sinistra
1502 5009 1582 5067 quam
1592 4994 1698 5068 elegisti
1712 4995 1835 5066 (dalila.
1850 5012 1916 5061 xxv,

264 5083 431 5148 tamenin,
460 5080 593 5138 oblivioni
611 5082 696 5139 detor
719 5082 835 5140 dextero
859 5083 939 5139 mccl
972 5082 1060 5155 (Ptol.
1116 5088 1171 5156 33).
1195 5087 1327 5155 Asperum
1346 5085 1460 5142 verbum
1481 5091 1533 5150 cst,
1559 5082 1681 5138 iratres:
1698 5097 1755 5138 non
1776 5083 1919 5140 immerito

263 5187 385 5239 cxxxvi,
397 5170 550 5241 b.)Nempe
568 5169 668 5225 sinistri
678 5169 810 5225 custodiae
821 5170 912 5226 lateris
928 5179 983 5228 tota
993 5171 1063 5228 solli·
1117 5173 1273 5244 expavistis.
1290 5173 1326 5228 At
1349 5188 1445 5228 cavere
1468 5187 1523 5227 non
1536 5171 1624 5227 minus
1639 5185 1754 5227 necesse
1774 5179 1819 5227 est
1839 5189 1919 5245 quam

269 5260 389 5316 citudine
398 5257 565 5329 incubantes,
585 5258 685 5314 callent
693 5258 849 5328 admodum,
868 5260 917 5316 sed
928 5261 1063 5332 sapientia
1118 5278 1227 5334 pavere.
1244 5263 1280 5317 Et
1294 5261 1402 5332 quidem
1412 5261 1542 5316 Dominus
1556 5275 1633 5316 mens
1646 5259 1726 5316 lesus
1736 5267 1803 5330 post
1816 5269 1920 5318 caeten

265 5349 347 5421 hujus
356 5346 508 5419 soeouli,cui
514 5348 721 5403 abrenuntiasse
732 5345 900 5406 debuerant:
911 5365 944 5404 ca
952 5366 1062 5422 quoque
1118 5351 1313 5410 inestimabilis
1327 5365 1383 5406 suoe
1397 5365 1463 5422 erga
1477 5365 1522 5405 me
1542 5349 1674 5404 beneiicia
1691 5348 1816 5420 pietatis,
1839 5352 1921 5408 etiam

265 5437 439 5496 nibilominus
465 5452 547 5510 quern
570 5437 675 5492 revelat
693 5451 757 5491 caro
776 5443 804 5492 et
818 5439 940 5511 sanguis,
963 5440 1063 5510 quibus
1119 5439 1307 5498 dextrumsibi
1320 5447 1432 5512 propter
1446 5453 1490 5493 me
1503 5451 1599 5510 passim
1612 5436 1832 5495 estlatuslodi:
1852 5439 1923 5515 quod

263 5527 340 5598 juxta
363 5525 524 5599 Apostolum
546 5523 665 5583 noluisse
696 5524 873 5597 acquiescere
901 5527 1064 5585 videbantur
1120 5530 1248 5588 videlicet
1265 5527 1376 5587 nonnisi
1393 5527 1429 5583 de
1443 5526 1556 5583 dextera
1574 5525 1641 5584 mibi
1650 5525 1803 5599 propinare
1828 5529 1924 5594 vellet,

263 5615 373 5690 (Galat.
388 5631 409 5688 r,
425 5615 481 5690 te).
505 5613 630 5685 Denique
653 5611 749 5670 videas
762 5629 812 5670 eos
826 5621 880 5670 tam
895 5614 973 5673 avide
992 5616 1066 5674 lucra
1122 5620 1230 5677 nonnisi
1254 5619 1282 5676 in
1296 5618 1410 5675 dextera
1425 5615 1514 5674 locum
1541 5629 1639 5688 parare
1662 5615 1773 5688 refugii.
1809 5617 1925 5676 Utinam
