3950 6350
102 393 162 449 185
641 391 678 450 [N
696 390 797 448 esti..
820 392 879 462 olli
894 391 1049 450 destris
1066 391 1184 450 SERMO
1202 395 1225 448 1.
1705 383 1756 438 ιιι)

102 515 178 578 Nam
196 511 332 572 sidioitur
345 514 442 572 uobis:
458 514 677 587 omnitempore
697 513 803 572 solliciti
818 521 907 574 estote
922 542 948 623 Α
961 515 1034 588 ragis
1053 513 1152 572 iamilia
1180 512 1286 580 militat,
1314 519 1343 569 et
1369 511 1476 569 assidua
1498 513 1543 568 est
1569 509 1598 598 in
1623 507 1756 580 bellorum

1 661 2 664 ,
99 602 219 660 omnino
233 603 269 658 ad
284 603 488 661 custodiendam
500 603 647 678 puritatem
666 611 764 662 vestrae
793 619 908 686 coquer-
960 604 1101 678 procinctu
1115 603 1200 677 [alios
1213 599 1756 672 additurlucta13semelantemetcerto

1 753 3 757 μ
102 693 235 760 sationis;
251 695 297 766 qni
312 709 366 751 non
381 693 533 766 desperet?
547 695 624 752 Nunc
637 700 729 750 autem
751 707 904 764 monemur,
960 693 1255 764 temporeuuirersum
1267 689 1411 762 imperinm
1428 687 1550 758 generali
1572 689 1757 762 congregatur

0 783 1 792 ’
101 781 187 839 brevi
213 781 319 838 dierum
342 799 456 841 numero
479 799 576 842 omnes
609 784 719 840 aliorum
753 789 906 856 temporum
961 784 1091 842 exercitu.
1106 784 1210 842 Felices
1223 797 1282 854 ros,
1298 779 1343 854 qni
1357 777 1498 836 domestici
1523 777 1661 834 meruistis
1682 791 1755 843 esse,

1 866 10 898 ⁵²
104 871 291 946 negligentias
303 872 480 941 emendare,:
497 881 528 931 ut
539 874 582 931 vel
597 873 636 932 sie
650 883 790 945 gustemus
812 874 907 932 dulce·
961 873 1057 946 quibus
1070 873 1136 930 dicit
1148 872 1316 945 Apostolus:
1333 870 1396 927 lam
1418 883 1477 924 cort
1499 869 1565 924 estis
1588 867 1706 939 hospites
1728 868 1757 922 et

2 975 5 978 ’
103 959 201 1016 dinem
214 960 343 1032 perlectae
356 961 492 1035 puritatis,
508 969 536 1018 et
551 962 624 1020 oraui
638 963 767 1035 deinceps
784 971 906 1035 tempore
960 963 1088 1031 cdoccoe,
1103 961 1229 1020 sedeatis
1243 963 1315 1019 cives
1339 961 1505 1016 sanderum
1519 957 1548 1010 et
1556 953 1700 1010 domestici
1708 955 1757 1012 bea·

102 1048 134 1104 in
148 1049 355 1106 conversatione
369 1056 470 1107 nostrae
484 1058 584 1108 sanctae
593 1052 675 1123 hujus
686 1049 907 1126 Quadragesimae
961 1050 1071 1124 (Spiret.
1085 1065 1115 1117 rr,
1141 1052 1197 1122 ιιι).
1222 1047 1292 1118 Quid
1317 1046 1400 1121 igitur
1422 1043 1518 1099 iacturi
1543 1050 1607 1098 sunt
1629 1039 1675 1112 qui
1700 1047 1757 1097 toto

0 1136 2 1149 ²
101 1136 220 1208 vestigia
233 1137 306 1194 clara
320 1138 524 1210 resplendeant.
544 1140 682 1196 Conantur
702 1155 779 1213 ergo,
797 1141 907 1208 iratres,
960 1155 1032 1198 anno
1046 1155 1169 1214 pugnare
1188 1143 1378 1209 susceperunt,
1394 1133 1502 1208 quaudo
1515 1137 1542 1188 at
1555 1129 1607 1202 ipsi
1623 1127 1715 1192 rudes,
1731 1132 1759 1184 et

101 1234 230 1282 sanctum
257 1227 309 1283 boc
333 1235 439 1300 tempus
464 1235 520 1286 tota
541 1229 687 1286 devotione
706 1229 856 1302 suscipere,
879 1237 908 1287 et
959 1239 1089 1288 vocantes
1103 1229 1177 1302 prius
1203 1225 1352 1300 spiritualia
1374 1239 1447 1283 arma
1475 1217 1631 1294 arripiunt?
1659 1216 1758 1288 Utique

103 1328 180 1368 nunc
193 1314 282 1388 magis
296 1331 370 1370 arma
397 1315 547 1388 spiritualia
569 1332 710 1390 reparare.
733 1318 811 1374 Nunc
834 1317 907 1374 enirn
961 1319 1040 1376 solito
1053 1319 1169 1390 amplius
1182 1315 1269 1375 solitae
1287 1330 1356 1388 opus
1375 1319 1415 1370 est
1438 1310 1565 1368 insistere
1589 1321 1700 1405 pugne,
1728 1313 1759 1360 ut

103 1401 231 1473 generali
248 1403 367 1474 quedam
388 1403 469 1460 totius
494 1405 568 1460 orbis
589 1405 711 1464 exercitu
734 1413 829 1462 contra
849 1405 907 1462 dia·
960 1423 1059 1480 magna
1073 1407 1196 1480 quaedam
1223 1403 1337 1463 victoria
1360 1401 1419 1476 regi
1447 1407 1540 1460 nostro
1568 1398 1604 1457 ad
1630 1395 1757 1470 gloriam.

103 1489 199 1544 bolum
214 1490 338 1548 Salvator
351 1493 546 1566 congreditur:
563 1492 637 1550 beati
652 1495 698 1566 qui
712 1494 761 1550 sub
776 1493 824 1552 tali
837 1494 907 1550 duce
960 1494 1039 1553 nobis
1053 1495 1196 1569 proveniat
1208 1493 1243 1550 ad
1259 1493 1385 1550 salutem.

1 1593 3 1615 ι
103 1581 218 1632 strenue
232 1577 415 1636 militaverint.
430 1581 498 1638 Toto
516 1579 651 1654 siquidem
666 1598 739 1638 anno
757 1581 906 1639 domestica

212 1796 249 1852 IN
266 1797 430 1855 ssntltttnt
446 1798 504 1869 XC,
528 1801 587 1870 Qtll
603 1802 759 1873 nistret,
778 1799 961 1859 SERMONES
979 1801 1055 1859 XVII
1076 1803 1150 1878 (23),
1169 1803 1205 1860 ΙΝ
1223 1799 1505 1873 anbntslsstnn
1523 1795 1650 1854 sitnm.

414 1921 595 1984 PRAEFATIO.
924 1925 1035 2018 Blatio,
1051 1927 1166 1986 mamma
1179 1927 1221 1984 his
1235 1927 1341 1995 diebus,
1356 1919 1454 1998 quibus
1473 1923 1557 1996 (sicut
1577 1918 1688 1979 omuino
1715 1918 1759 1975 di·

143 2011 170 2065 l.
199 2007 347 2066 considero
368 2009 480 2068 labores
497 2021 614 2080 vestros,
644 2011 753 2084 iratres,
769 2029 824 2070 non
848 2012 907 2070 sine
961 2033 1044 2090 gnum
1059 2019 1111 2090 est)
1130 2017 1301 2091 aliquatenus
1327 2017 1415 2086 major
1437 2021 1481 2072 est
1503 2011 1580 2070 labor
1599 2017 1707 2078 vester3
1730 2015 1761 2065 ut

18 2098 37 2121 ⁸
105 2113 207 2170 magno
227 2096 410 2156 miserationis
436 2099 547 2158 aiiectu.
572 2100 670 2171 Quaero
693 2103 907 2161 consolationem
962 2106 1079 2179 conlido,
1090 2122 1145 2162 non
1160 2106 1213 2163 erit
1226 2103 1322 2162 inutile
1335 2111 1451 2162 tractare
1465 2100 1606 2159 vobiscum
1615 2097 1717 2172 aliquid
1725 2097 1761 2154 de

104 2199 187 2255 quarn
206 2187 338 2260 exhibere
359 2187 470 2260 possim,
496 2194 524 2244 et
546 2191 694 2263 corporalis
708 2190 841 2261 occurrit3
858 2192 907 2247 sed
962 2193 1230 2267 Scripturissauetis,
1245 2192 1415 2268 quodetiam
1428 2190 1510 2263 aliqui
1531 2195 1652 2247 vestrum
1676 2200 1759 2260 roga·

105 2289 140 2328 ca
154 2289 209 2329 non
223 2274 335 2346 prodest
349 2275 507 2349 quidquam,
523 2277 610 2350 magis
618 2285 645 2335 et
659 2280 756 2336 obesse
764 2280 908 2352 plurimum
962 2290 1069 2344 verunt.
1084 2283 1163 2342 Unde
1176 2284 1256 2340 nobis
1270 2282 1413 2356 eligendus
1433 2289 1475 2338 est
1491 2279 1612 2353 psalmus
1634 2277 1702 2348 ipse,
1726 2276 1760 2334 de

104 2369 208 2434 potest.
233 2362 375 2435 Siquidem
398 2365 505 2423 modica
527 2367 659 2426 sementis
679 2369 824 2436 detractio,
853 2384 909 2427 non
964 2389 1017 2448 quo
1033 2371 1188 2430 tentationis
1202 2371 1374 2428 occasionem
1383 2368 1509 2426 inimicus
1522 2364 1669 2436 assumpsit
1695 2363 1759 2434 liii·

105 2449 242 2507 modicum
256 2453 353 2509 messis
368 2461 410 2510 est
424 2455 635 2512 detrimentum:
652 2465 680 2513 et
702 2457 725 2514 si
749 2456 909 2528 poenitentia
963 2469 993 2518 ut
1006 2461 1070 2519 inde
1084 2459 1290 2532 confringantur
1304 2471 1378 2514 arma
1393 2455 1514 2528 mubgni,
1529 2454 1602 2511 unde
1617 2452 1669 2508 sibi
1677 2467 1759 2508 usur·

106 2547 199 2594 vestra
213 2540 350 2599 minuatur
363 2541 538 2602 miseratione
553 2545 666 2614 crudeli,
682 2545 812 2617 paulatim
829 2561 909 2618 gem·
962 2565 1030 2624 pare
1042 2549 1227 2622 praesumpsit.
1243 2549 1390 2618 Propterea
1400 2544 1464 2602 nolo
1482 2559 1531 2602 ros
1553 2542 1692 2615 ignorare,
1707 2539 1760 2596 tra·

106 2628 159 2682 mis
178 2644 279 2685 corona
296 2641 386 2688 vestra
414 2633 543 2704 privatur.
571 2632 643 2704 Quid
673 2645 763 2690 tamen
782 2632 908 2708 agimus?
964 2647 1030 2705 tres,
1057 2637 1186 2710 quoniam
1211 2635 1353 2694 manifeste
1381 2634 1531 2690 imitatores
1558 2638 1621 2688 sunt
1646 2626 1759 2692 inimici,

106 2715 153 2770 ubi
169 2717 310 2789 prophetae
325 2718 461 2776 farinula?
477 2722 503 2789 (i
508 2724 527 2779 V
540 2725 603 2795 llep.
624 2738 663 2789 rv,
689 2723 746 2796 ιι.)
768 2722 909 2796 Siquidem
964 2729 1118 2802 quicunqne
1132 2727 1167 2783 de
1182 2723 1329 2796 Scripturis
1342 2721 1443 2780 sanctis
1465 2719 1566 2793 aliquid
1589 2733 1644 2776 non
1667 2723 1760 2774 sancte

105 2820 181 2859 mors
196 2806 224 2860 in
238 2804 290 2860 olla
304 2812 361 2873 est;
378 2817 405 2863 et
419 2807 620 2864 mortificamini
640 2818 696 2866 tota
715 2811 759 2867 die
788 2811 816 2867 in
838 2813 910 2882 jein·
962 2823 1104 2890 usurpant,
1120 2823 1149 2871 et
1166 2813 1290 2870 detinent
1315 2811 1458 2868 veritatem
1478 2809 1528 2866 Dei
1551 2807 1579 2864 iu
1606 2804 1760 2875 mendacio,

105 2893 159 2948 niis
173 2893 273 2960 multis,
287 2893 316 2948 in
331 2895 468 2951 laboribus
482 2894 653 2969 frequenter,
668 2897 810 2974 invigiliis
825 2915 908 2970 supra
962 2905 1031 2962 sicut
1043 2905 1133 2960 solent
1147 2901 1311 2974 quandoque
1326 2897 1458 2955 nonnulli.
1474 2898 1575 2955 Cavete
1598 2895 1660 2960 hoe,
1690 2892 1760 2948 dile-

104 2981 226 3048 modum‚
243 2987 343 3052 prater
357 2998 390 3038 ea
409 3000 468 3055 quae
494 2983 659 3041 intrinsecus
686 2993 749 3042 sunt
781 2988 905 3044 contritio
962 2992 1084 3057 ctissimi,
1099 2991 1161 3063 qnia
1175 3005 1286 3061 prorsus
1304 2986 1468 3044 diabolicum
1494 2992 1547 3050 est,
1571 2989 1600 3039 et
1628 2982 1663 3038 de
1684 2987 1760 3053 parte

104 3069 239 3137 cordium,
257 3077 285 3126 et
308 3071 450 3128 multitudo
479 3073 672 3130 tentationum.
699 3075 908 3149 llortificamini,
963 3083 1023 3153 ejus
1036 3097 1067 3136 se
1077 3095 1138 3136 esse
1152 3079 1270 3152 probant
1283 3075 1365 3150 quiid
1380 3075 1491 3140 iaciunt,
1507 3073 1535 3129 in
1550 3089 1625 3130 suam
1640 3071 1761 3144 ipsorum

106 3158 158 3213 sed
173 3167 286 3230 propter
300 3158 422 3231 eumqui
437 3169 610 3218 mortuusest
625 3178 674 3234 pro
689 3163 774 3220 robis.
790 3164 868 3234 Quod
884 3165 908 3218 si
962 3169 1109 3242 perniciem
1137 3167 1264 3224 salutaria
1290 3165 1391 3237 scripte
1418 3169 1576 3236 pervertere
1605 3159 1758 3217 molientes.

105 3247 228 3303 abundat
244 3246 378 3304 tribulatio
393 3257 483 3306 vestra
495 3265 547 3322 pro
567 3265 610 3317 eo,
639 3251 786 3308 abundabit
812 3241 909 3310 conso·
924 3244 946 3323 c
962 3258 1016 3314 Sed
1031 3273 1087 3314 non
1102 3257 1183 3314 modo
1197 3255 1257 3328 plus
1271 3255 1416 3310 immoror:
1433 3251 1543 3322 sufficit,
1557 3248 1651 3315 credo,
1666 3246 1760 3304 brevi·

104 3336 172 3394 latio
185 3344 276 3394 restra
289 3353 340 3410 per
363 3355 436 3406 aum,
463 3347 492 3395 ut
518 3338 546 3395 iu
575 3356 608 3397 eo
635 3340 788 3398 delectetur
806 3343 907 3410 anima,
963 3353 1005 3402 ter
1018 3345 1150 3420 tetigisse.
1165 3347 1224 3401 tam
1239 3345 1274 3400 de
1296 3342 1368 3416 ipso.
1385 3357 1466 3414 quem
1487 3337 1629 3410 elegimus,
1654 3336 1758 3409 Pffllffi‘l

105 3442 172 3496 quae
192 3426 221 3481 in
236 3425 304 3493 aliis,
321 3427 412 3484 renuit
426 3427 569 3485 consolari.
592 3431 674 3500 Apud
688 3429 778 3502 ipsum
792 3446 910 3504 namquo
962 3434 1051 3507 aliqua
1065 3441 1211 3506 prestante
1224 3431 1341 3488 Domino
1355 3429 1490 3487 disserere
1505 3435 1532 3486 et
1543 3426 1691 3498 explanare
1701 3431 1760 3482 ten·

103 3514 166 3594 ipsa
191 3530 300 3588 quoque
327 3517 464 3573 tribulatio
485 3533 584 3590 magna
610 3520 736 3592 quaedam
758 3519 908 3576 consolatio
964 3533 1060 3582 temus.

104 3603 205 3674 poterit
220 3602 336 3660 inveniri
349 3606 445 3662 Nonne
462 3607 533 3662 enim
548 3613 652 3663 certum
667 3614 709 3664 est
731 3623 812 3680 supra
835 3609 908 3666 vires
1280 3607 1397 3668 senno
1419 3608 1439 3664 1.

106 3693 251 3759 humanas,
267 3691 337 3748 ultra
352 3701 488 3761 naturam,
503 3703 596 3750 contra
608 3696 834 3753 consuetudinem
848 3713 908 3757 esse
964 3709 1000 3764 De
1008 3719 1090 3762 cerac
1097 3719 1201 3776 premo,
1215 3701 1289 3769 «Qui
1296 3700 1406 3758 tubitet
1416 3700 1448 3756 ic
1455 3697 1599 3771 adjutorio
1608 3694 1758 3760 ditissimi,

107 3795 171 3852 quae
190 3779 355 3837 sustinetis?
370 3781 445 3838 Alius
468 3781 551 3854 igitur
578 3791 667 3852 portat
691 3784 753 3854 ista,
779 3785 824 3842 ille
847 3786 908 3842 sinc
1043 3795 1075 3851 ic
1088 3793 1262 3864 protectione
1275 3790 1327 3848 Dei
1340 3789 1404 3846 eccli
1418 3788 1677 3846 commorabitur.»

105 3867 199 3934 dubio,
218 3869 264 3940 qui
277 3869 427 3924 secundum
441 3869 600 3940 Apostolum
614 3880 705 3944 portat
719 3874 808 3930 omnia
824 3876 908 3933 verbo
998 3887 1024 3937 l.
1039 3879 1105 3952 Quis
1119 3878 1153 3934 sit
1175 3877 1259 3934 divini
1285 3876 1450 3932 inhabitator
1472 3874 1609 3945 adiutori,
1632 3889 1682 3945 per
1705 3887 1759 3928 non

104 3955 213 4012 virtutis
227 3971 283 4012 suae
297 3958 389 4030 (licta.
403 3975 424 4024 1,
436 3957 473 4031 3).
485 3959 582 4016 Nonne
591 3976 624 4016 err
635 3960 686 4018 lroc
698 3963 755 4033 jam
765 3963 908 4036 suoipsius
962 3968 1131 4026 inhabitante
1145 3965 1210 4021 illud
1225 3963 1320 4020 melius
1338 3969 1428 4034 potest
1450 3963 1571 4034 agnosci.
1596 3961 1658 4016 Tria
1676 3959 1761 4032 siqui-

104 4045 197 4117 gladio
212 4045 336 4104 inimicus
350 4047 502 4118 perimitur,
526 4055 554 4104 et
577 4051 736 4122 magnitudo
759 4053 908 4110 tribulatio·
962 4060 1025 4116 dem
1039 4073 1132 4114 corum
1147 4055 1269 4125 reperies
1281 4068 1400 4128 genera:
1415 4068 1498 4108 unum
1512 4066 1568 4108 non
1578 4049 1758 4122 sperantium,

106 4133 161 4201 nis,
174 4133 209 4190 de
224 4149 276 4206 qun
292 4141 398 4191 tentare
417 4135 531 4202 solebat,
555 4137 613 4209 ipsa
632 4137 720 4212 magis
742 4141 908 4198 tentationes
962 4148 1034 4206 aliud
1048 4144 1259 4218 desperantium,
1273 4143 1383 4199 tertium
1398 4141 1496 4198 frustra
1511 4139 1689 4212 sperantium.
1704 4139 1759 4194 Ne·

105 4229 263 4295 exsuperat,
277 4232 404 4296 tanquam
428 4224 609 4282 certissimum
632 4225 731 4284 divinae
756 4230 908 4299 praesentias
962 4235 1101 4308 queenim
1115 4231 1260 4290 habitatin
1283 4230 1418 4300 adiutorio
1439 4229 1499 4295 Dei,
1524 4227 1571 4300 qui
1593 4243 1648 4284 nou
1670 4224 1759 4299 posuit

105 4313 316 4384 argumentum?
329 4303 399 4380 Quid
414 4313 487 4370 eninr
504 4315 651 4372 timendum
665 4317 754 4382 nobis,
778 4318 800 4374 si
827 4319 905 4376 adest
959 4326 1046 4382 Deum
1060 4323 1212 4394 adjutorem
1227 4335 1315 4390 suum,
1332 4319 1381 4376 sed
1395 4317 1507 4376 conlidit
1519 4315 1548 4372 in
1570 4317 1670 4373 virtute
1698 4330 1757 4380 sua,

106 4399 154 4471 qui
162 4408 252 4470 portat
260 4401 906 4484 omnia?Dominasproteetorvttoemeoe,aquo
960 4423 988 4471 et
1002 4413 1029 4470 in
1043 4411 1213 4468 multitudine
1232 4407 1386 4466 divitiarum
1409 4423 1528 4463 suarum.
1554 4405 1658 4462 Surdus
1682 4422 1759 4461 uam·

107 4489 276 4561 trepidabo?
290 4489 378 4563 (Ptol.
395 4508 471 4564 xxvi,
484 4497 508 4549 t.
521 4495 560 4562 l.)
569 4495 860 4554 ltcmcicmtuluvero
873 4501 905 4555 ic
959 4519 1012 4578 que
1027 4501 1118 4559 estad
1132 4501 1271 4573 prophetae
1284 4513 1379 4556 vocem
1394 4496 1526 4554 dicentis:
1538 4495 1759 4564 Qcoeritsllomi-

106 4579 198 4636 medio
207 4579 315 4638 umbros
324 4583 434 4650 mortis,
446 4597 504 4638 cort
515 4583 616 4640 timebo
625 4584 712 4651 moto,
725 4587 860 4657 quoniam
872 4591 904 4646 tta
920 4548 943 4626 n
958 4610 1039 4658 nam,
1047 4592 1115 4648 dum
1124 4590 1249 4648 inveniri
1256 4591 1362 4660 potest;
1374 4588 1502 4643 invocate
1511 4582 1661 4650 eumdum
1673 4598 1758 4656 prope

104 4683 255 4726 mecumea
269 4669 355 4739 (Paul.
372 4684 447 4739 xxrr,
462 4671 501 4741 ι).
517 4669 589 4739 Quid
603 4678 645 4728 est
660 4670 733 4744 quod
747 4679 831 4730 totam
845 4689 903 4731 mo·
959 4688 1001 4743 eet
1014 4682 1079 4754 (leo.
1097 4695 1143 4744 nv,
1159 4679 1187 4750 6)
1200 4693 1205 4732 :
1222 4683 1251 4732 et
1265 4675 1323 4732 sola
1338 4672 1496 4746 temporalia
1514 4686 1651 4743 quarens,
1674 4686 1757 4726 aemu-

104 4755 159 4812 lem
174 4765 255 4813 terrae
268 4757 408 4816 sustinet?
423 4765 450 4816 et
460 4759 603 4818 universus
615 4761 690 4818 orbis
706 4763 749 4820 cui
759 4763 902 4820 inuititur?
957 4769 1028 4827 latur
1039 4769 1068 4825 in
1083 4765 1302 4838 malignantibus,
1318 4777 1412 4833 pacem
1436 4767 1609 4831 peccatorum
1637 4757 1752 4830 videns3

105 4845 174 4900 Nam
189 4845 213 4900 si
231 4853 273 4902 est
301 4845 385 4903 828
415 4847 514 4920 aliquid
538 4851 611 4922 quod
633 4851 766 4908 sustineat
793 4859 902 4921 eaetera,
959 4864 987 4914 et
1003 4855 1146 4926 elongatur
1171 4852 1205 4906 ab
1233 4848 1368 4922 adjutorio
1389 4847 1525 4918 ditissimi,
1552 4847 1624 4920 quod
1645 4846 1696 4902 sibi
1720 4845 1757 4901 ad

105 4933 194 5004 ipsum
208 4949 225 4989 a
239 4950 293 5006 quo
309 4933 479 4992 sustinetur?
493 4937 553 4994 Non
568 4938 705 4996 invenitur
718 4940 771 4998 uisi
798 4941 904 4999 virtutis
958 4946 1016 5002 haec
1034 4941 1217 5000 necessarium
1232 4955 1293 4996 esse
1313 4953 1368 4995 non
1383 4943 1497 5009 reputat.
1512 4936 1567 4994 Sed
1588 4937 1654 5009 quid
1676 4935 1755 4992 uubis

105 5022 218 5078 verbum
241 5021 332 5077 omnia
350 5030 471 5093 portans.
496 5025 588 5083 Verbo
612 5027 684 5082 enirn
708 5029 816 5085 Domini
843 5030 903 5086 coeli
957 5030 992 5087 de
1006 5028 1048 5085 his
1062 5043 1123 5100 quae
1136 5025 1202 5083 ioris
1221 5033 1284 5082 suut
1297 5022 1444 5095 judicare?
1457 5023 1561 5088 Timet),
1585 5021 1694 5084 sitires.
1718 5035 1753 5075 ¹1⁰

106 5109 203 5165 firmati
217 5116 290 5176 sunt,
306 5117 333 5167 et
348 5111 443 5183 spiritu
457 5111 512 5168 oris
526 5115 586 5184 aius
598 5117 687 5171 omnis
700 5116 786 5173 virtus
808 5132 903 5174 eorum
956 5117 1028 5174 forte
1042 5116 1125 5172 etiam
1138 5113 1172 5169 sit
1181 5111 1210 5167 in
1225 5111 1314 5183 nobis,
1329 5109 1376 5183 qui
1390 5125 1445 5166 non
1460 5108 1563 5166 habitet
1576 5110 1605 5164 in
1619 5107 1754 5178 adjutorio

108 5198 194 5268 (Ptol.
208 5213 302 5268 xxxta,
319 5200 357 5270 6).
957 5204 1095 5272 ditissimi,
1111 5202 1160 5258 sed
1175 5201 1292 5258 conlidat
1304 5201 1331 5256 in
1345 5199 1445 5256 virtute
1460 5214 1509 5254 sua
1527 5202 1555 5254 et
1582 5197 1610 5252 in
1631 5193 1753 5250 multitu·

141 5291 169 5341 ι.
184 5287 342 5358 Propterea,
356 5295 386 5345 ut
401 5287 424 5344 si
439 5287 515 5346 vobis
530 5289 557 5346 in
572 5293 656 5348 verbo
671 5293 779 5350 Domini
800 5311 902 5352 conso-
956 5297 1020 5353 diue
1037 5293 1190 5350 divitiarum
1204 5306 1322 5346 suarum.
1348 5291 1430 5348 Forte
1445 5287 1519 5344 enim
1538 5285 1675 5343 fervorem
1700 5285 1752 5339 ha-

142 5447 196 5515 (ιι)
213 5445 243 5500 lu
270 5445 363 5502 codice
394 5447 534 5516 Vaticano,
564 5466 640 5506 num.
668 5454 730 5522 663,
751 5453 903 5526 appellatur
958 5453 1043 5509 tribus
1054 5451 1148 5525 primis
1163 5451 1191 5505 iu
1213 5467 1296 5506 unum
1324 5449 1465 5521 conjectis.
1492 5445 1580 5504 Habiti
1607 5453 1670 5502 suut
1692 5452 1753 5517 post

106 5514 189 5571 libel
203 5515 231 5571 5¹1
244 5518 376 5588 psalmum
385 5519 446 5588 Qui
459 5519 578 5591 tubitet,
595 5529 756 5595 constatque
769 5539 825 5582 nou
843 5543 902 5583 scr·
956 5541 1057 5582 annum
1072 5527 1152 5592 1138,
1169 5522 1237 5578 inira
1251 5539 1284 5579 err
1298 5537 1423 5577 sermone
1441 5525 1467 5576 6.
1649 5587 1655 5600 ·

106 5586 239 5652 monibus,
260 5589 309 5645 sed
337 5589 469 5662 capitibus
496 5596 540 5650 ts.
568 5595 599 5650 ln
621 5594 781 5666 quibusdam
804 5613 902 5654 mann·
992 5596 1048 5668 (st)
1062 5594 1171 5678 Quippe
1182 5593 1276 5651 verbis
1289 5591 1388 5676 psalmi
1402 5596 1436 5648 90
1450 5593 1551 5650 abusus
1565 5597 1608 5650 est
1629 5587 1752 5646 drabolus

107 5659 210 5730 scriptis
227 5669 404 5718 numerantur
426 5677 568 5722 sermones
593 5665 722 5730 duntaxat
737 5668 900 5740 quindecim,
959 5676 1067 5728 tentans
1081 5665 1228 5734 curetum,
1243 5663 1345 5742 seiheet
1358 5669 1502 5742 verculi.
1551 5719 1555 5727 ,
