3996 6350
299 415 348 474 ιιι
775 399 804 458 s.
823 392 990 457 ιιιιιιιιι
1008 389 1144 453 nonnus
1161 389 1465 452 enuntiaturus
1910 389 1952 448 na

298 553 378 598 eum:
391 535 543 606 detractat,
558 527 697 602 inquiens,
707 525 816 586 uentris
831 527 877 580 tot
887 537 994 594 ponam
1007 533 1091 591 saper
1109 530 1133 610 g
1149 514 1249 575 tohu:
1268 535 1280 568 ι
1303 516 1326 572 si
1345 531 1401 572 non
1417 522 1509 572 mente
1535 513 1644 584 videre,
1668 523 1711 572 est
1727 513 1773 587 pia
1788 511 1950 588 [devotione

295 626 386 685 sedem
395 619 574 690 tuomlPsot.
583 633 684 687 cunr,
695 616 752 687 ll).
761 611 840 671 Unde
854 617 882 668 et
891 609 920 665 in
933 607 1091 666 Bethlehem
1148 611 1347 677 repraesentare
1371 611 1401 661 et
1422 603 1544 660 recolere
1571 601 1626 660 lide
1649 617 1704 660 non
1729 601 1794 660 ficta
1816 616 1949 674 ιιιιςιιιιιι

292 712 370 772 Judae
397 708 528 778 nascitur,
558 708 628 765 sicut
655 705 693 762 ait
723 701 848 776 angelus,
872 696 979 755 civitate
1005 693 1092 751 Dauid
1148 693 1214 750 illud
1228 707 1336 765 magnae
1349 691 1458 765 pietatis
1471 698 1681 762 sacramentum,
1697 691 1771 764 quod
1785 689 1949 747 manifesta·

294 805 374 873 (tuo.
398 815 430 868 ιι,
454 801 482 867 i,
506 799 563 869 tt).
584 794 679 867 utique
693 797 805 864 propter
824 787 968 846 uerimtem
981 784 1042 852 Ilei,
1059 781 1094 838 ad
1152 791 1210 838 tum
1223 790 1267 838 est
1281 780 1310 837 in
1330 797 1421 850 carne,
1438 780 1617 852 justificatum
1637 779 1720 837 estin
1735 780 1850 852 spiritu,
1870 795 1948 852 appa·

295 887 498 948 confirmandas
511 882 707 958 promissiones
720 885 838 952 patrum,
857 876 914 932 Hoc
928 873 1009 931 etiam
1023 870 1095 926 mul·
1150 871 1205 927 ruit
1221 870 1337 945 angelis,
1352 869 1529 941 praedicatum
1543 877 1586 926 est
1600 869 1737 941 gentihus,
1754 869 1904 928 creditum
1917 883 1948 926 est

297 977 386 1034 tifarie
407 973 554 1046 multisque
569 969 659 1028 modis
682 966 789 1025 caeteris
812 964 961 1022 revelatmn
985 967 1028 1018 est
1047 975 1096 1031 pa·
1150 959 1262 1028 mundo,
1277 966 1447 1031 assumptum
1461 957 1541 1014 estin
1555 957 1643 1033 gloria
1659 957 1681 1024 (l
1700 959 1768 1016 Tim.
1786 973 1830 1028 ιιι,
1851 957 1923 1024 toi?
1969 973 1970 976 ¹

297 1067 384 1123 trihus
405 1060 591 1135 etprophstis
610 1058 736 1128 (lledr.1,
753 1057 792 1127 l).
817 1052 896 1110 Absit
913 1058 1004 1108 autem
1028 1057 1057 1105 ut
1080 1063 1097 1103 ι
1186 1049 1213 1104 d.
1234 1045 1350 1118 Semper
1373 1045 1455 1118 igitur
1472 1061 1592 1114 novum,
1607 1045 1680 1118 quod
1704 1061 1819 1118 semper
1844 1045 1947 1101 innova·

298 1151 474 1229 diligentibus
493 1150 581 1206 Demn
599 1143 744 1219 aliquando
758 1141 840 1199 luerit
859 1138 1032 1213 negligenter
1052 1151 1097 1194 au·
1151 1141 1275 1202 mentes;
1294 1150 1346 1192 nec
1369 1150 1488 1208 unquam
1506 1144 1594 1200 retus,
1615 1133 1688 1208 quod
1707 1133 1885 1192 fructificare
1903 1151 1946 1191 nou

298 1239 402 1301 dituml
419 1239 472 1296 nisi
495 1237 564 1295 lorte
579 1233 719 1310 negligere
733 1230 887 1298 videbatur,
903 1226 948 1300 qui
962 1225 1071 1281 dicebat
1087 1240 1094 1282 :
1153 1232 1253 1294 cessat,
1267 1223 1343 1297 quod
1360 1223 1565 1296 inperpetuum
1585 1239 1641 1280 non
1660 1222 1816 1280 marcessit.
1832 1221 1900 1280 Hoc
1918 1239 1946 1279 est

301 1328 560 1397 direct-odiendos,
570 1327 654 1384 mitte
665 1338 744 1396 quern
754 1321 898 1378 ιιιιιιινιιι
912 1314 1095 1387 es(Bsod.1v,
1154 1313 1228 1371 eninr
1244 1312 1387 1382 Sanctum,
1410 1313 1484 1386 quod
1505 1328 1561 1370 non
1575 1312 1655 1370 datur
1674 1312 1768 1370 ridere
1792 1312 1945 1385 cormptio
1970 1387 1971 1394 ἵ

300 1421 359 1490 ι3);
375 1425 424 1474 ιιι
434 1415 566 1484 fastidire,
582 1412 629 1486 qui
642 1409 800 1468 clamabat:
819 1408 932 1468 Utinam
945 1404 1095 1476 dirumpe·
1153 1418 1229 1461 nem.
1244 1401 1295 1459 liic
1317 1417 1403 1459 novus
1422 1404 1514 1470 homo,
1530 1401 1588 1474 qui,
1603 1399 1705 1458 nullius
1717 1418 1846 1476 unquam
1863 1411 1945 1460 retus
1970 1419 1971 1482 ς

298 1524 343 1566 ης
355 1507 438 1566 enlm
451 1505 510 1576 (leo
523 1517 600 1572 uxru,
613 1502 650 1573 l),
662 1504 690 1558 et
699 1497 889 1564 ascenderes,
898 1500 1052 1564 ceteraque
1063 1488 1098 1546 si·
1154 1491 1217 1547 tatis
1231 1505 1329 1562 capax,
1342 1491 1424 1547 etiam
1446 1506 1495 1548 eos
1513 1505 1629 1563 quorum
1651 1491 1886 1550 inveteraverunt
1899 1508 1944 1548 on·

298 1595 382 1652 milia.
409 1593 532 1666 idipsum
551 1590 650 1648 deinde
670 1585 786 1660 apostoli
810 1582 897 1640 sancti
919 1581 1046 1638 viderunt
1070 1584 1100 1634 et
1154 1579 1199 1636 nia
1212 1595 1285 1647 ossa,
1301 1578 1330 1635 in
1349 1596 1442 1636 veram
1462 1578 1524 1638 vitoe
1542 1579 1690 1637 transierat
1709 1581 1877 1638 novitatem.
1894 1581 1944 1637 tun

300 1683 454 1751 audierunt,
470 1689 498 1740 et
520 1696 617 1736 manus
639 1693 735 1735 eorum
749 1678 932 1732 tractaverunt
952 1670 987 1727 de
1008 1668 1098 1725 Verbo
1153 1670 1288 1742 estquod
1311 1668 1392 1726 etiam
1415 1667 1446 1724 in
1467 1669 1598 1742 praesenti
1618 1677 1673 1725 tsnr
1685 1669 1891 1740 jucundissima
1904 1687 1943 1726 ιι-

299 1773 371 1843 vitae,
395 1771 494 1844 quihus
514 1766 687 1844 singulariter
709 1764 821 1822 aiebat:
846 1761 928 1819 Beati
951 1758 1028 1818 oculi
1051 1758 1099 1830 qui
1153 1757 1332 1824 nuntiatione,
1360 1757 1383 1813 si
1409 1758 1580 1830 advertistis,
1609 1773 1728 1834 congrue
1755 1757 1828 1816 satis
1858 1759 1943 1816 dicitu

299 1856 474 1928 eidemque
492 1869 538 1911 vos
560 1851 661 1908 videtis
682 1849 758 1920 (luc.
775 1842 1137 1964 x,23).Poattot110h00B
1154 1862 1209 1904 non
1229 1854 1285 1901 tam
1307 1853 1387 1902 natus
1411 1863 1474 1903 esse
1496 1864 1579 1921 quam
1598 1848 1674 1904 nasci
1690 1865 1697 1906 :
1715 1850 1795 1904 lesus
1817 1847 1942 1913 Chr-istus
1969 1905 1970 1910 ,

300 1945 375 2000 idem
396 1943 478 2000 nohis
501 1956 608 2014 quoque
633 1945 771 1995 servatum
787 1942 829 1992 est
847 1932 984 2001 fidelihus,
1005 1930 1098 2004 utique
1146 1935 1237 1994 Filius
1261 1935 1323 2003 Dei,
1352 1936 1472 1992 nascitur
1496 1936 1525 1992 in
1548 1936 1706 1993 Bethlehem
1730 1936 1813 1993 tudae
1841 1957 1854 1988 ι
1882 1937 1943 1993 Sicut

301 2030 436 2090 thesauris
455 2029 522 2088 lidei
544 2027 775 2095 commendatum,
790 2024 851 2097 ipso
875 2037 954 2095 aeque
968 2020 1096 2076 dicente:
1153 2024 1226 2081 eninr
1241 2025 1360 2100 quodam
1374 2023 1456 2096 modo
1479 2023 1633 2082 immoletur
1647 2025 1735 2082 adhuc
1748 2024 1890 2098 quotidie,
1904 2025 1942 2082 do-

301 2111 1097 2196 Beottqcinonciderunt,eteredidercnt(loonxx,29).
1153 2130 1206 2171 nec
1230 2121 1347 2171 mortem
1376 2115 1437 2184 ejus
1464 2113 1657 2170 annuntiamus
1684 2132 1691 2172 ε
1720 2113 1758 2170 sic
1787 2115 1943 2174 rideturtt

301 2214 366 2269 Pars
380 2217 475 2268 nostra
484 2211 542 2266 haec
552 2208 672 2265 inverho
681 2206 753 2264 vitae.
763 2206 822 2261 Nec
832 2217 898 2259 sane
909 2197 1099 2272 contemptihi·
1152 2202 1238 2272 nasci,
1249 2203 1313 2258 durn
1327 2201 1443 2258 fideliter
1453 2210 1680 2276 representamus
1695 2200 1754 2276 ejus
1767 2201 1942 2260 nativitatem

302 2299 344 2370 lis,
356 2315 389 2356 ex
400 2313 454 2372 qua
468 2297 596 2354 nimirum
606 2295 713 2365 vivitur,
724 2300 752 2350 et
762 2309 816 2367 qua
825 2289 948 2347 vvincitur
961 2285 1097 2345 mundus:
1153 2289 1204 2347 Die
1232 2289 1316 2363 igitur
1343 2290 1462 2346 crastina
1495 2289 1651 2348 videbimus
1678 2292 1859 2362 majestatem
1886 2293 1942 2358 Dei,

202 2452 209 2470 ³
302 2387 431 2461 quoniam
443 2386 533 2456 Justus
547 2399 581 2455 ex¹
603 2383 658 2439 lide
676 2380 741 2450 uiuit
761 2380 875 2454 (liobae.
896 2394 927 2448 ιι,
943 2376 981 2450 l),
1002 2375 1100 2432 ethaeo
1153 2377 1203 2434 sed
1227 2391 1293 2433 sane
1320 2375 1403 2434 114
1426 2377 1454 2433 in
1481 2377 1571 2448 nohis,
1586 2394 1643 2436 non
1664 2379 1693 2434 in
1710 2379 1803 2452 seipso
1826 2397 1836 2436 ε
1863 2380 1942 2452 utique

301 2483 342 2532 est
355 2467 634 2546 uictoriaquaevincit
648 2464 1098 2540 mundum,s1desnostra(lloan.
1154 2465 1325 2536 majestatem
1349 2465 1377 2520 in
1395 2465 1556 2538 humilitate,
1576 2465 1706 2524 virtutem
1727 2466 1756 2522 in
1782 2465 1941 2532 infirmitate,

299 2581 329 2632 ιι,
344 2565 381 2638 l).
396 2563 460 2620 Haec
470 2568 512 2618 est
522 2576 593 2634 quae,
603 2558 678 2617 uelut
687 2558 824 2632 quoddam
834 2555 993 2614 eternitatis
1002 2569 1099 2611 exem·
1152 2553 1181 2609 in
1205 2554 1316 2611 homine
1338 2554 1436 2610 Deunr.
1452 2554 1514 2626 lpse
1538 2561 1580 2612 est
1596 2555 1668 2612 enim
1688 2555 1871 2627 Emmanuel,
1886 2555 1942 2630 quod

299 2653 368 2725 pler,
388 2651 526 2725 preterita
550 2647 682 2705 simulet
709 2647 847 2718 presentia
869 2662 902 2702 aa
922 2643 1011 2700 lutura
1039 2642 1100 2699 siun
1153 2642 1349 2716 interpretatur
1373 2643 1521 2702 mbiscum
1537 2647 1620 2703 Deus.
1635 2644 1671 2700 Et
1686 2644 1846 2703 evidentius
1872 2645 1942 2702 sudi:

300 2739 418 2812 quodum
431 2737 585 2796 vasanimo
603 2733 821 2808 comprehendit,
846 2739 876 2790 ut
897 2732 966 2788 nihil
984 2732 1010 2788 ei
1024 2745 1099 2803 prae·
1159 2732 1285 2802 Verium,
1308 2731 1406 2804 inquit,
1423 2747 1489 2790 coro
1510 2734 1692 2804 factumest,
1716 2739 1742 2792 el
1767 2733 1943 2790 hohitesitis

300 2835 398 2898 tersat,
412 2825 478 2882 nihil
493 2831 599 2898 pereat,
614 2829 717 2896 praeest
732 2821 807 2877 nihil.
1154 2819 1233 2876 noles
1250 2819 1343 2893 (loon,
1358 2835 1379 2890 ι,
1394 2822 1452 2890 tt).
1467 2818 1590 2893 Denique
1606 2827 1707 2878 extunc
1721 2827 1749 2878 et
1762 2821 1900 2895 deinceps
1911 2821 1942 2880 ιι·

336 2919 362 2974 5.
387 2914 481 2972 llerito
505 2911 621 2986 proinde
645 2911 673 2966 in
701 2909 889 2966 testimonium
905 2906 970 2964 idei
990 2913 1099 2977 vestre,
1154 2907 1244 2964 dimus
1268 2908 1384 2980 gloriam
1408 2909 1479 2980 ejus,
1495 2907 1546 2966 sed
1559 2908 1674 2984 gloriam
1689 2909 1766 2984 quasi
1785 2911 1943 2983 unigenitia

300 3005 346 3061 uhi
368 3004 439 3060 lecta
463 3009 506 3060 est
527 3017 581 3060 vox
603 2997 816 3056 annuntiationis
838 2997 919 3068 hujus
937 2997 965 3051 in
990 2995 1101 3052 auribus
1156 2996 1576 3070 Patre,utiqneptenumgratioe
1584 2996 1944 3058 vidimusetveritstis.lior

300 3092 408 3164 vestris,
423 3090 577 3149 exsultastis
599 3087 759 3161 ingencia,
779 3085 873 3160 egistis
895 3084 1010 3159 gratias,
1034 3099 1100 3158 pro-
1155 3084 1229 3142 enim
1242 3085 1358 3157 gloriam
1384 3085 1528 3157 potestatis
1547 3091 1593 3141 aut
1614 3084 1754 3158 claritatis,
1770 3087 1822 3144 sed
1838 3086 1944 3159 glorian

298 3181 374 3239 strati
393 3181 452 3238 solo
471 3187 550 3238 teum
567 3177 709 3248 adorastis,
725 3181 930 3246 concurrentes,
951 3173 1026 3232 reiut
1048 3173 1100 3230 sul>
1154 3180 1278 3245 paternas
1290 3172 1411 3246 pietatis,
1421 3173 1536 3248 gloriam
1547 3173 1697 3246 gratiss,de
1712 3190 1767 3248 qua
1781 3175 1945 3248 Apostolus:

296 3271 394 3330 umbre
412 3269 517 3327 alamm
536 3269 606 3340 ejus,
631 3275 660 3324 et
677 3266 728 3322 suh
743 3265 844 3338 pennis
864 3264 924 3335 ejus
944 3270 1097 3336 sperantes.
1157 3263 1187 3318 ln
1201 3263 1322 3334 modern,
1335 3261 1433 3335 inquit,
1444 3264 1541 3336 glorie
1553 3265 1656 3337 pratioe
1669 3279 1729 3320 sae
1744 3265 1859 3338 (Epicu.
1880 3265 1901 3332 r,
1915 3265 1946 3336 ι)

295 3358 426 3436 Nunquid
448 3375 504 3416 non
535 3354 637 3430 singoli
663 3353 802 3412 nativitate
821 3352 967 3410 Salvmoris
995 3351 1096 3422 audita,
1189 3351 1218 3406 'l.
1236 3351 1281 3408 Sic
1295 3367 1362 3425 ergo
1376 3351 1506 3408 nascitur.
1522 3352 1577 3409 Sed
1591 3351 1757 3424 uhiputasl
1774 3352 1831 3408 »ln
1845 3353 1947 3410 Bethle-

295 3449 431 3508 clamastis
445 3449 474 3506 in
490 3447 618 3506 cordibus
632 3444 740 3515 vestris,
756 3442 897 3501 dicentes:
916 3443 982 3500 llihi
998 3446 1098 3500 autem
1154 3439 1217 3494 hcm
1227 3437 1304 3496 Judae
1319 3439 1397 3510 (Luc.
1413 3456 1445 3510 ιι,
1459 3443 1516 3496 tt:
1535 3461 1546 3491 ι
1563 3456 1654 3514 neque
1668 3439 1742 3498 enim
1756 3439 1840 3497 deest
1852 3457 1907 3498 nos
1918 3443 1946 3497 its

296 3542 441 3598 adterere
449 3541 503 3597 Deo
512 3537 617 3596 lencm
628 3542 671 3592 est
682 3535 766 3606 (Psoi.
777 3548 869 3600 txxrr,
879 3531 940 3606 28),
952 3539 998 3588 aut
1008 3530 1098 3604 potius
1153 3527 1312 3586 Bethlehem
1321 3530 1475 3600 praeterire.
1487 3533 1671 3588 Transeamus
1680 3547 1770 3606 usque
1780 3530 1945 3594 Bethlehem,

297 3629 364 3684 illud
388 3626 462 3701 qood
485 3626 560 3681 idem
582 3625 717 3697 propheta
740 3623 778 3678 ait
792 3641 800 3682 ι
816 3625 870 3682 Dee
885 3623 1010 3694 sulpecto
1027 3625 1096 3692 esto,
1153 3617 1248 3675 dicun
1273 3621 1412 3689 pastores,
1427 3634 1502 3688 non,
1531 3618 1689 3676 Bethlehem
1715 3627 1944 3692 pertranseamus.

298 3718 397 3774 oninso
410 3718 492 3772 mea?
505 3713 592 3785 (Psoi.
607 3727 665 3782 ιιιι,
677 3714 714 3782 o).
725 3711 822 3768 lnlelix
836 3708 965 3766 nimirum
976 3708 1099 3783 quisquis
1153 3707 1225 3778 Quid
1243 3707 1315 3764 enim
1338 3707 1362 3763 si
1386 3723 1492 3780 pauper
1508 3707 1611 3764 viculus
1633 3709 1698 3765 est?
1713 3707 1779 3781 quid
1800 3708 1825 3764 si
1846 3709 1946 3766 uidetur

299 3803 361 3862 licta
373 3808 537 3878 prostratus,
552 3799 635 3858 corde
649 3800 738 3874 rigido
753 3815 852 3872 corpus
872 3797 1034 3856 humiliavit.
1049 3798 1100 3854 Est
1153 3798 1265 3854 minima
1278 3798 1305 3854 in
1314 3797 1429 3854 ludaeai
1438 3798 1479 3856 Ne
1490 3797 1518 3854 id
1533 3798 1644 3871 quidem
1656 3798 1841 3872 incongruum
1853 3799 1893 3870 ei,
1908 3799 1944 3872 qui
1973 3849 1974 3856 ,

298 3893 372 3951 euim
391 3891 437 3966 qui
457 3890 613 3947 humiliatur
627 3890 773 3964 nequiter;
788 3889 920 3946 interiora
932 3897 1025 3946 autem
1039 3888 1099 3958 ejus
1153 3904 1216 3944 cum
1230 3887 1306 3944 dives
1324 3894 1408 3955 esset,
1427 3897 1542 3961 propter
1554 3903 1605 3944 nos
1618 3887 1706 3944 lactus
1721 3895 1762 3943 est
1778 3902 1887 3960 pauper
1905 3897 1945 3944 :et

296 3983 378 4058 plena
401 3989 465 4038 sunt
488 3981 550 4038 dolo
576 3981 676 4052 (liceli.
700 3995 760 4050 xrs,
784 3979 843 4052 ιδ).
870 3977 999 4052 Quisquis
1023 3975 1098 4032 enirn
1153 3985 1301 4033 comesset
1314 3976 1572 4048 magnusllominus
1586 3985 1612 4034 et
1623 3975 1767 4033 laudabilis
1781 3977 1878 4048 nimis,
1892 3993 1945 4050 par·

296 4071 488 4129 necessitatem
509 4085 588 4126 suam
611 4069 702 4124 minus
725 4067 891 4137 considerat,
907 4067 997 4123 minus
1016 4064 1101 4122 sentit
1153 4067 1232 4123 uulus
1245 4075 1325 4122 natus
1347 4074 1389 4122 est
1410 4065 1508 4137 nobis;
1525 4073 1552 4126 et
1565 4066 1674 4124 dicebat
1690 4081 1697 4123 :
1713 4066 1793 4124 Beati
1811 4081 1945 4140 pauperes

297 4158 480 4226 incommoda,
510 4156 601 4213 minus
623 4156 743 4227 pericula
765 4163 860 4229 pavet,
886 4155 977 4211 minus
999 4153 1100 4212 devote
1153 4157 1275 4228 spiritu,
1295 4159 1429 4228 quoniam
1455 4157 1583 4230 ipsoram
1609 4161 1652 4214 ert
1673 4171 1794 4228 regnum
1815 4157 1946 4214 οωιιιιιιιι

298 4248 419 4322 confugit
434 4245 468 4302 ad
483 4244 604 4303 remedia
627 4253 695 4301 ortae
709 4243 814 4314 salutis,
836 4242 929 4299 miuus
949 4241 1100 4300 affectuose
1154 4244 1271 4317 (llottlt.
1286 4259 1316 4313 v,
1331 4245 1360 4318 3)
1378 4263 1385 4301 ι
1401 4245 1522 4319 itemque
1541 4264 1548 4301 :
1565 4247 1626 4303 Nist'
1639 4246 1764 4304 ιοιιυινιί
1776 4246 1946 4317 [aeritimi
1973 4287 1974 4318 ,

299 4353 329 4396 se
351 4335 462 4407 subjicit
489 4333 556 4404 Deo,
578 4334 670 4389 minus
695 4332 813 4390 fideliter
837 4331 950 4404 psallit:
972 4332 1097 4399 Domine,
1154 4333 1323 4405 efficiemini
1341 4335 1417 4392 sicut
1431 4351 1501 4410 puer
1523 4337 1585 4403 rste,
1600 4351 1658 4392 nen
1674 4333 1824 4392 inhabilis
1839 4335 1876 4392 in
1894 4352 1945 4409 rep·
1973 4337 1974 4362 ³

299 4426 443 4500 refugium
457 4426 555 4496 sectus
574 4438 603 4479 er
628 4422 706 4480 ιιοιιι
723 4422 809 4494 (Ριιιι.
826 4435 935 4491 ussus,
951 4423 978 4490 l)
994 4440 1002 4476 ι
1019 4421 1100 4490 hujus
1153 4439 1224 4479 ιιιιιιι
1238 4425 1372 4482 ochram
1387 4423 1499 4497 (natta.
1515 4439 1592 4495 xvur,
1609 4423 1647 4496 3).
1663 4423 1740 4480 Unde
1755 4422 1844 4479 etism
1859 4425 1945 4482 stshu·

299 4514 423 4573 adoratio
452 4514 543 4569 minus
568 4519 691 4584 accepta,
722 4513 804 4582 hujus
831 4511 977 4584 prostratio
1009 4511 1099 4568 minus
1153 4512 1210 4569 lurn
1233 4511 1316 4587 elegit
1334 4521 1362 4569 et
1385 4529 1521 4586 praesepe,
1540 4513 1635 4586 utique
1652 4513 1764 4570 domum
1787 4512 1906 4584 luteam,
1927 4521 1947 4569 et
1973 4575 1974 4586 ¹

298 4622 393 4674 seras,
409 4605 490 4672 hujus
504 4601 654 4658 humiliatio
675 4601 766 4656 minus
780 4601 894 4670 habens,
917 4601 998 4672 hujus
1017 4599 1098 4657 etiarn
1115 4575 1138 4654 ὓ
1154 4601 1333 4660 diversorium
1346 4604 1544 4674 jumentorum,
1558 4603 1670 4659 uthunc
1684 4618 1744 4659 esse
1758 4601 1844 4672 scies,
1863 4603 1910 4676 qui
1921 4603 1947 4657 de
1973 4611 1974 4616 ’

299 4695 445 4754 ιιιιοιίοιι
467 4692 569 4763 minus,
591 4691 646 4746 iuno
664 4696 692 4746 et
710 4690 800 4747 minus
822 4690 911 4749 vivida
934 4689 1012 4746 lides.
1028 4689 1100 4760 Quid
1154 4696 1275 4747 stercore
1289 4689 1369 4762 erigit
1382 4705 1542 4762 pauperem,
1559 4695 1586 4746 et
1601 4688 1690 4747 saluos
1709 4687 1771 4745 lacit
1784 4689 1948 4749 hominess

300 4781 458 4838 tamendicit
468 4796 474 4835 :
486 4782 566 4837 Beota'
576 4781 624 4852 qai
642 4794 700 4836 non
709 4779 880 4837 videruntel
894 4777 1100 4835 crediderant?
1152 4781 1284 4850 jumenta.

302 4870 379 4944 quasi
393 4885 448 4927 non
462 4869 588 4926 rideatur
597 4867 687 4939 ipsum
700 4867 814 4924 credere
828 4867 1029 4941 quodammodo
1042 4869 1100 4937 J'am
1189 4873 1216 4925 8.
1237 4868 1346 4926 Utinam
1366 4876 1457 4924 autem
1478 4867 1650 4925 inveniamur
1669 4876 1697 4928 et
1719 4885 1770 4926 nos
1793 4869 1949 4929 Bethlehem

301 4961 405 5018 videre.
420 4958 473 5016 Sed
487 4957 599 5015 adverte
613 4957 760 5027 diligenter
769 4957 817 5014 ‘cui
834 4965 861 5013 et
875 4957 983 5030 quando
998 4956 1100 5012 dictum
1153 4959 1240 5030 Judae,
1256 4967 1286 5016 ut
1299 4959 1327 5015 in
1341 4957 1421 5017 nohis
1436 4973 1545 5033 quoque
1561 4958 1690 5032 dignetur
1704 4957 1795 5028 nasci,
1811 4967 1842 5016 et
1863 4961 1949 5018 audire

302 5049 337 5106 sit
352 5067 358 5104 :
376 5047 402 5104 ei
425 5048 517 5121 utique
542 5047 588 5120 qni
615 5048 781 5120 arguebatur
803 5046 876 5120 quod
904 5047 967 5120 quia
988 5046 1101 5104 uidisset
1153 5065 1328 5107 mereamur:
1343 5051 1416 5119 oeta
1429 5050 1501 5108 vodis
1517 5050 1681 5107 timentibus
1692 5049 1780 5106 ὓιιιιιι
1790 5051 1910 5109 orietur
1919 5050 1949 5109 sol

301 5136 473 5196 credidisset.
489 5137 586 5209 Neque
601 5134 675 5192 enim
689 5135 809 5209 idipsum
819 5143 861 5192 est
875 5135 987 5206 uidisse,
1001 5143 1028 5192 et
1037 5135 1100 5192 ideo
1154 5139 1298 5211 justitie!
1311 5139 1443 5209 (Balach.
1460 5154 1499 5206 ιι,
1515 5139 1555 5212 2.)
1570 5141 1651 5196 Borte
1669 5139 1741 5195 enim
1756 5145 1799 5195 est
1814 5139 1874 5198 hoc
1887 5138 1950 5216 quod

302 5227 462 5295 credidisse,
485 5225 558 5300 quod
582 5225 720 5282 eredendo
739 5225 848 5282 vidisse.
863 5224 991 5300 Alioquin
1007 5227 1099 5282 Abra·
1154 5243 1237 5302 supra
1258 5227 1441 5298 meminimus,
1466 5228 1499 5283 ad
1521 5226 1668 5285 videndam
1690 5226 1717 5282 in
1741 5228 1822 5286 nohis
1845 5228 1951 5288 Domini

302 5320 365 5374 ham
378 5326 457 5391 peter
475 5324 576 5384 vester,
599 5331 718 5389 quonam
741 5315 824 5373 modo
842 5315 1014 5372 Dominicum
1028 5316 1101 5372 hunc
1154 5319 1326 5388 majestatem
1341 5323 1369 5372 et
1389 5313 1602 5373 sanctificatione
1627 5331 1697 5388 opus
1716 5332 1787 5387 csse,
1806 5325 1835 5374 et
1849 5334 1952 5391 praepa·

302 5407 400 5463 vidisse
429 5405 512 5474 diem,
539 5405 591 5462 nisi
617 5405 765 5476 credendo,
790 5405 943 5462 credendus
965 5405 1026 5462 esti
1045 5405 1100 5462 Sed
1156 5407 1271 5462 ratione.
1286 5405 1356 5462 Nam
1372 5414 1399 5462 ct
1411 5406 1489 5477 juxta
1503 5407 1663 5480 prophetam
1680 5409 1951 5466 :Foctoestladeo

302 5504 330 5552 et
344 5495 409 5551 illud
424 5495 560 5568 quomodo
582 5494 730 5568 accipietur
744 5495 817 5568 quod
841 5495 892 5551 hac
906 5502 986 5551 nocte
1005 5503 1100 5550 ιιιιι-
1153 5496 1343 5566 sanctificatio
1358 5497 1418 5567 ejus
1433 5495 1520 5566 (Psoi.
1532 5510 1606 5566 cxnr,
1622 5495 1660 5569 Ξ),
1677 5496 1740 5568 quia
1749 5495 1888 5554 uidelicet
1902 5513 1953 5554 om·

303 5591 359 5640 turn
374 5593 415 5640 est
428 5585 516 5655 nohis,
535 5605 547 5636 ι
565 5581 777 5640 Sanctificamini
793 5582 884 5650 hodie,
900 5591 928 5639 et
946 5589 1033 5639 estote
1047 5601 1101 5655 pa·
1155 5585 1200 5640 nia
1218 5586 1245 5641 in
1261 5587 1432 5645 confessione
1451 5586 1597 5644 lavantur:
1616 5598 1644 5646 et
1661 5589 1759 5647 domus
1772 5588 1868 5663 panis,
1886 5587 1952 5662 quod

302 5675 353 5732 rati
369 5690 377 5732 ι
395 5661 512 5732 crastina
530 5673 604 5731 enim
618 5673 662 5730 die
677 5671 806 5730 videbitis
818 5672 991 5743 majestatem
1006 5672 1057 5730 Dei
1071 5671 1101 5731 in
1154 5671 1314 5733 Bethlehem
1327 5684 1416 5748 sonat,
1436 5677 1471 5733 ad
1486 5677 1713 5752 preparationem
1737 5678 1856 5736 tortasse
1875 5678 1952 5736 vide·
